1915 3235
822 111 909 153 463

70 257 246 297 prorsus
293 245 631 284 consentaneum
676 243 753 291 est,
802 241 919 294 quod
960 254 1144 300 semper⁸
1169 241 1309 293 faxim
1347 243 1456 283 scias
1495 242 1662 293 dicitur,

70 327 157 355 non
189 318 236 354 ut
267 314 376 354 scias
407 313 595 366 pendeat
628 312 683 353 ab
717 325 780 361 eo,
815 312 931 364 quod
963 314 1029 352 est
1057 311 1211 364 faxim,
1245 313 1322 353 sed
1353 315 1401 353 ut
1433 326 1485 354 ea
1518 326 1661 363 causa,

71 397 168 436 quae
201 383 520 425 coniunctivum
551 383 754 435 requirat,
796 395 919 435 aeque
951 384 1183 435 utrumque
1216 383 1397 424 verbum
1431 384 1663 436 contingat.

71 454 210 495 Huius
242 452 535 506 generis'haec
567 455 686 493 sunt:
719 453 859 494 Plaut.
893 453 1109 505 Amphitr.
1143 453 1172 501 I,
1207 454 1246 503 3,
1283 455 1336 494 12
1370 456 1409 495 et
1447 455 1521 495 13:
1557 455 1665 495 Ea'e-

32 570 35 573 ,
66 524 151 577 pol,
194 538 245 564 ne
284 524 360 564 illa
399 525 436 564 si
466 524 558 564 istis
588 523 710 564 rebas-
741 529 778 564 te
809 525 914 565 seiat
945 537 1111 577 operam
1146 523 1265 577 clare,
1312 524 1400 579 Eyo
1430 525 1584 578 faxim,
1629 531 1665 566 te

72 594 417 648 Amphitruonem
463 608 544 635 esse
586 595 710 634 malis·
752 608 877 648 aaran
920 593 1078 644 Iovem,
1129 597 1169 635 et
1211 595 1354 635 Aulul.
1388 595 1462 644 III,
1506 596 1545 645 5,
1590 596 1663 637 2οῑ

74 665 162 719 Eyo
191 665 332 718 faxim
365 664 463 718 (hoc
496 665 532 706 si
563 663 669 717 fiat),
717 666 834 717 muli,
874 665 1012 719 pretio
1051 667 1122 720 qai
1159 670 1360 719 superant
1392 680 1524 720 equos,
1574 666 1667 707 Sint

72 736 239 777 viliores
282 735 458 777 Gallicis
506 735 733 776 cantheriis
775 734 892 788 (add.
933 736 1106 776 Trucul.
1140 736 1169 785 Ι,
1215 737 1251 786 1,
1292 736 1362 786 43,
1404 736 1522 777 Trin.
1555 737 1584 786 I,
1625 737 1665 785 2,

77 807 172 856 184,
206 806 334 847 Mero.
368 807 434 856 IV,
469 807 508 856 6,
546 805 630 858 10),
666 808 707 847 et
740 806 868 847 Truc.
903 807 950 850 ΙΙ,
985 807 1023 856 3,
1059 806 1134 847 27ε
1169 805 1238 847 Ita
1272 820 1342 861 eqo
1374 807 1490 847 illam
1527 807 1667 861 edepol

73 890 229 917 servem
268 878 406 932 itaque
437 891 569 931 parce
608 878 797 929 iimitem,
841 882 886 918 at
925 878 1056 929 valla,
1097 877 1251 930 faxim,
1297 878 1355 917 cis
1395 877 1484 918 dies
1508 892 1668 932 paucos·

75 949 162 988 siet.
225 948 272 988 In
303 948 436 989 Persa
469 948 595 1001 igitur
628 948 657 997 Ι,
699 948 737 997 2,
778 948 829 988 21
873 947 964 989 5013
1001 948 1094 988 haec
1127 948 1227 988 ferri
1259 950 1399 1000 potest
1434 949 1665 1001 scriptura:

76 1018 124 1058 Sa·
169 1018 215 1058 ia
258 1018 356 1071 fiat,
404 1033 454 1059 we
500 1020 589 1071 isti,
636 1018 794 1071 faxim,
850 1032 1052 1073 nusquam
1104 1023 1339 1072 appareant
1386 1018 1535 1071 (quam
1581 1033 1667 1061 non

75 1089 212 1130 solum
247 1089 376 1130 editio
408 1090 567 1130 Aldina
599 1089 744 1139 habet,
779 1089 856 1130 sed
889 1088 1200 1141 Camerarius);
1234 1090 1276 1130 in
1309 1089 1468 1130 altera:
1502 1104 1552 1130 ue
1583 1091 1665 1139 isti,

71 1159 226 1212 faxim,
276 1174 447 1214 usquam
491 1165 737 1214 appareant,
787 1173 812 1201 a
851 1160 993 1201 Plauti
1032 1173 1114 1200 usu
1154 1159 1294 1201 aliena
1327 1162 1393 1200 est
1425 1161 1667 1203 coniunctio

72 1230 226 1283 faxim,
259 1245 322 1271 ne.

192 1301 355 1342 Praeter
387 1302 499 1342 hanc
531 1301 663 1342 futuri
693 1301 797 1354 faxo
831 1314 927 1342 cum
961 1301 1096 1342 altero
1136 1301 1281 1342 futuro
1324 1303 1668 1344 coniunctionem

75 1372 209 1412 semel
241 1372 358 1424 apud
389 1372 592 1413 Plautum
626 1371 757 1424 (Rud.
791 1372 857 1421 ΙΙΙ,
892 1372 931 1421 5,
966 1372 1041 1412 21:
1088 1371 1177 1426 1390
1209 1377 1245 1412 te
1277 1372 1398 1413 hodie
1427 1373 1533 1425 faxo
1564 1380 1669 1415 reete

77 1441 316 1496 acceptam),
366 1443 432 1484 bis
471 1443 587 1495 apud
620 1443 871 1483 Terentium
904 1442 1157 1495 (Heautont.
1191 1444 1238 1494 H,
1282 1445 1321 1494 2,
1366 1445 1449 1485 100
1490 1444 1549 1497 [V.
1583 1446 1663 1486 341

76 1512 237 1566 Fleck.]
263 1515 305 1554 et
328 1513 502 1554 Phorm.
521 1513 568 1562 V,
603 1514 627 1554 8
647 1512 724 1566 (9),
752 1512 839 1565 39),
875 1527 971 1554 cum
997 1514 1222 1567 participio
1246 1515 1447 1567 iungitur,
1481 1518 1529 1557 ut
1553 1517 1670 1569 apud

77 1583 297 1636 Virgilium
332 1583 442 1637 (AEn.
476 1584 564 1634 XII,
599 1582 701 1636 316)
736 1597 832 1625 cum
866 1585 1089 1626 adiectivo.

194 1655 365 1695 Dictum
399 1657 462 1695 est
495 1655 547 1696 de
581 1655 725 1696 futuro
758 1655 952 1707 simplici.
994 1655 1050 1696 ad
1082 1656 1199 1708 quod
1229 1656 1308 1697 has
1349 1656 1511 1698 formas
1551 1658 1670 1699 initio

78 1724 335 1777 pertinuisse
368 1726 667 1767 iudicavimus.
730 1726 832 1766 Inde
866 1725 1233 1778 quemadmodum
1276 1727 1331 1767 ad
1370 1727 1563 1768 futurum
1597 1742 1670 1769 ex-

77 1798 222 1837 actum
255 1796 583 1849 significandum
616 1796 840 1837 transferri
872 1797 1103 1849 potuerint,
1137 1810 1224 1838 non
1258 1800 1322 1838 est
1354 1798 1500 1839 multis
1528 1799 1670 1853 Verbis

78 1866 399 1917 declarandum,
435 1880 568 1919 quum
600 1868 643 1907 in
676 1880 726 1908 ea
760 1868 1071 1918 coniunctione,
1105 1869 1148 1908 in
1180 1881 1266 1920 qua
1298 1868 1670 1921 frequentissimus

78 1937 210 1978 futuri
243 1939 380 1978 exacti
414 1940 477 1978 est
517 1951 633 1987 usus,
683 1940 725 1978 et
768 1940 932 1979 ceteras
976 1938 1143 1990 linguas
1186 1941 1260 1979 aut
1303 1939 1484 1992 simplici
1527 1940 1671 1982 futuro

79 2010 303 2049 contentas
337 2021 432 2049 esse
465 2008 702 2057 videamus,
737 2010 797 2058 ut,
832 2022 928 2061 quae
960 2009 1071 2050 ratio
1104 2009 1214 2050 inter
1247 2010 1355 2051 duas
1382 2011 1571 2052 actiones
1605 2012 1672 2052 fu-

78 2081 198 2120 turas
230 2079 482 2129 intercedat,
518 2092 570 2120 ex
601 2080 695 2131 ipsa
729 2079 1025 2120 coniunctione
1059 2082 1101 2120 et
1131 2080 1193 2120 rei
1218 2082 1374 2121 natura
1397 2081 1670 2134 intelligatur,

79 2152 154 2190 aut
187 2151 316 2191 etiam
349 2151 553 2203 praesenti
595 2152 791 2203 tempore
834 2150 896 2191 uti
938 2149 1153 2203 (Graecani
1196 2150 1325 2191 etiam
1367 2152 1527 2192 aoristo
1571 2165 1672 2193 con-

80 2220 285 2273 iunctivi),
336 2223 377 2261 et
420 2221 614 2262 eiusdem
655 2220 940 2273 simplicitatis
983 2221 1162 2273 vestigia
1204 2220 1247 2261 in
1279 2221 1431 2262 Latino
1473 2235 1672 2263 sermone

79 2288 408 2344 reperiamus.¹)
469 2292 567 2332 Huc
599 2291 726 2344 igitur
757 2291 968 2332 traducta-:⁴
1000 2291 1069 2332 hae
1102 2291 1252 2332 formae
1284 2292 1425 2333 locum
1460 2293 1671 2345 aliquam-

118 2465 146 2510 ¹)
171 2468 345 2512 Exempla
379 2468 430 2502 rei
463 2471 557 2501 notae
583 2470 775 2502 sumantur
801 2466 984 2500 Plautina:
1024 2467 1203 2510 Amphitr.
1231 2468 1256 2508 I,
1292 2467 1323 2508 1,
1357 2467 1424 2500 284
1458 2467 1672 2511 (vapulabis,

177 2528 216 2560 ni
239 2528 321 2560 hinc
348 2525 451 2569 abis),
478 2527 599 2561 Aulul.
628 2527 684 2566 IV,
711 2526 743 2567 4,
772 2525 827 2566 17,
860 2526 960 2569 Capt.
988 2526 1047 2566 III,
1081 2525 1113 2567 4,
1149 2525 1204 2567 55,
1238 2526 1339 2560 Curc.
1368 2527 1424 2567 IV,
1458 2526 1490 2567 4,
1520 2527 1562 2559 19
1590 2530 1676 2569 (nisi

176 2587 265 2619 milet?
288 2588 388 2629 vlryo
414 2587 590 2629 redditur,
630 2587 710 2618 Iam
742 2596 802 2628 eqo
834 2590 876 2627 te,
912 2586 1059 2628 faciam,
1098 2590 1137 2619 ut
1168 2586 1224 2618 hic
1252 2586 1415 2628 formicae
1445 2587 1674 2628 frustillatim

177 2643 371 2687 differant),
404 2645 475 2678 ibd.
502 2645 527 2685 Ι,
561 2644 593 2685 2,
625 2644 687 2677 49;
725 2644 805 2677 Tibi
835 2655 877 2677 ne
909 2655 980 2687 esso,
1013 2645 1046 2677 sl
1067 2645 1171 2686 fidem
1196 2655 1318 2677 servas
1351 2655 1495 2687 mecum,
1530 2645 1672 2678 Vineam

171 2715 242 2747 pro
269 2716 382 2738 aurea
399 2709 520 2738 statua
538 2708 696 2737 statuam.
715 2700 739 2745 [,
766 2702 863 2737 Pers.
890 2703 930 2744 V,
957 2702 989 2744 ⁶2,
1016 2701 1072 2743 46,
1100 2702 1193 2736 Rud.
1212 2702 1252 2743 V,
1280 2701 1311 2745 1,
1339 2700 1457 2744 1—2].
1496 2703 1674 2736 Futurum

177 2763 331 2806 simplex
369 2773 479 2806 quarn
516 2762 617 2796 tenui
637 2761 856 2798 ,discrimine
889 2761 934 2795 ab
967 2764 1092 2795 exacto
1126 2761 1163 2794 in
1194 2761 1257 2794 tali
1290 2761 1542 2795 coniunctione
1568 2762 1675 2795 inter-

179 2821 266 2855 dum
293 2821 400 2855 distet
427 2821 535 2855 etiam
563 2820 659 2864 apud
686 2820 799 2854 bonos
825 2831 940 2864 prosae
966 2820 1139 2854 orationis
1165 2820 1366 2864 scriptores,
1393 2831 1500 2855 nemo
1524 2820 1673 2864 ignorat.

179 2880 344 2924 Copulati
369 2880 468 2914 nullo
494 2879 700 2913 discrimine
727 2879 839 2913 futuri
870 2879 1041 2923 simplicis
1075 2883 1109 2913 et.
1142 2879 1257 2913 exacti
1289 2879 1524 2913 memorabile
1557 2889 1674 2913 exem-

179 2939 281 2983 plum
307 2942 361 2972 est
387 2939 424 2972 in
449 2939 526 2982 lege
558 2938 693 2972 Rubria
727 2938 770 2971 de
804 2937 892 2971 Gall.
920 2937 1049 2981 Cisalp.
1076 2939 1141 2972 col.
1167 2937 1189 2970 2
1216 2949 1247 2972 v.
1274 2937 1294 2970 4
1322 2949 1416 2982 sqq.:
1449 2939 1501 2971 sei
1526 2956 1567 2960 —
1596 2949 1675 2972 eon-

1692 1950 1726 1975 80
