1915 3235
843 108 930 150 425

94 237 343 290 permutari,
391 238 625 278 tenendum
667 239 743 286 est,
791 240 967 290 propter
998 238 1141 279 nescio
1175 251 1306 291 quam
1338 240 1452 279 notae
1485 238 1682 291 ambigu-

93 307 242 348 itatem
287 308 331 348 in
373 308 518 348 codice
561 308 795 361 archetypo
839 321 956 361 saepe
987 309 1031 349 in
1072 309 1154 349 hac
1186 309 1379 350 oratione
1413 311 1454 349 et
1485 310 1682 361 proxima

94 378 312 430 superiore
358 391 436 430 pro
482 377 712 419 indicativo
759 379 961 419 secundae
1010 378 1317 431 coniugationis
1366 379 1682 420 coniunctivum

94 448 334 489 subiectum
368 461 475 489 esse.
523 447 662 489 Huius
694 448 828 500 ipsius
861 449 1012 501 capitis
1034 449 1154 490 initio
1177 462 1326 490 omnes
1358 449 1480 490 codd.
1506 449 1682 502 (PABE,

94 517 201 560 Oxx.
235 517 402 571 omnes)
435 531 513 571 pro
546 518 732 559 videmus
762 520 928 560 habent
962 519 1186 569 videamus,
1226 519 1339 560 infra
1373 520 1440 570 16,
1475 520 1528 560 36
1562 521 1684 561 silesc-

93 594 163 629 ίαν
194 602 272 642 pro
304 589 450 629 siletur
489 588 676 641 (PABE3
723 589 768 629 in
805 589 912 630 Oxx.
953 593 1191 631 correctum
1230 588 1437 643 Videtu1·);
1487 604 1521 631 c.
1555 591 1594 641 9,
1628 591 1685 631 24

96 659 278 710 videmus
308 659 478 700 transiit
509 659 552 699 in
587 658 811 709 videamus,
846 660 998 701 deinde
1032 661 1075 701 in
1110 661 1347 702 videbamus
1379 660 1566 713 (tantum
1599 661 1683 702 duo

93 729 215 781 Oxx„
262 730 424 771 recenti
463 730 737 779 correctione,
782 729 1006 784 videmus);
1055 732 1108 772 de
1146 744 1267 784 pror.
1302 744 1416 772 cons.
1453 731 1519 780 14,
1553 731 1609 772 35
1640 731 1684 771 in

94 801 216 842 codd.
248 800 373 842 bonis
407 799 506 852 (PE,
549 800 640 840 sine
684 800 814 841 dubio
859 801 988 842 etiam
1030 800 1206 854 Bernn.)
1249 801 1469 842 debecmms
1510 804 1574 842 est
1605 815 1683 854 pro

93 870 296 912 debemus.
348 870 430 920 Qui
462 872 555 911 haec
587 873 702 911 recte
737 874 1025 922 correxerunt,
1059 875 1256 913 nostrum
1289 872 1430 913 locum
1463 873 1683 925 praeterire

92 954 178 982 non
211 937 492 993 debebant.¹)
556 940 601 982 C.
638 941 704 990 10,
745 941 801 981 25
840 941 884 982 in
923 942 1067 983 codice
1108 943 1283 984 alterius
1315 943 1459 995 stirpis
1491 943 1683 995 principe

92 1014 208 1052 recte
240 1011 449 1064 scriptum
482 1011 615 1052 fuisse
647 1011 829 1062 videtur,
880 1015 993 1053 certe
1034 1014 1078 1054 in
1117 1013 1203 1054 Erf.
1238 1016 1322 1054 est:
1373 1019 1428 1066 ut,
1470 1014 1578 1068 quod
1616 1015 1682 1063 iis,

93 1095 191 1136 quos
222 1105 278 1109 —
309 1081 557 1137 subeyimus,
600 1083 703 1134 licet,
747 1105 802 1110 -—
848 1083 892 1123 id
932 1097 979 1123 ne
1018 1084 1139 1124 liceat
1178 1085 1293 1137 ipsis.
1355 1084 1526 1137 Reliqui
1560 1084 1682 1125 codd.

93 1152 156 1204 (P,
191 1152 322 1193 etiam
353 1152 445 1205 AB)
480 1155 521 1193 et
555 1152 650 1193 edd.
684 1155 867 1206 utroque
900 1153 993 1194 loco
1025 1154 1189 1195 habent
1221 1155 1354 1195 liceat.
1367 1150 1400 1206 ²)

209 1222 256 1263 In
296 1222 448 1264 eodem
489 1237 581 1276 cap.
618 1223 671 1264 10
710 1223 914 1276 singulari
953 1225 1082 1266 modo
1122 1227 1362 1277 propagata
1399 1237 1476 1277 per
1516 1224 1682 1266 codices
1704 1235 1736 1260 25

92 1293 364 1346 interpolatio
404 1296 481 1335 est.
544 1294 695 1335 Editur
735 1295 868 1335 enim:
921 1295 1001 1346 Qui
1047 1296 1083 1335 si
1129 1296 1216 1336 setis
1263 1295 1436 1336 decretis
1483 1295 1684 1349 Zeqibusze

92 1364 338 1417 sanxissent,
388 1379 436 1405 ne
483 1366 574 1419 quis
620 1378 787 1405 suorum
837 1366 986 1405 ciclum,
1026 1371 1168 1406 castra
1207 1367 1505 1419 imperatorum
1536 1367 1685 1420 pepedi

93 1433 276 1475 Romani
308 1436 458 1487 inm-et,-
505 1450 555 1476 ηε
593 1436 686 1490 quis
722 1449 763 1477 se
788 1450 869 1489 pro
902 1441 1039 1477 nostro
1073 1438 1246 1490 imperio
1281 1438 1323 1477 in
1348 1437 1586 1490 periculum
1617 1451 1684 1477 ccc-

85 1505 190 1558 pe‘tis
238 1510 358 1560 atque
406 1507 449 1547 in
486 1507 581 1547 rrzfzfoe
620 1507 845 1547 discrimen
888 1507 1088 1560 e'nfer}·ez‘;
1138 1507 1449 1549 Gaditanorum
1497 1508 1683 1555 ccam-iliis,

94 1589 220 1630 <ptum
252 1577 457 1629 vellemus,
506 1578 568 1618 uti
598 1577 715 1618 nobis
746 1591 825 1618 *non
860 1578 1011 1630 liceret,
1052 1579 1259 1631 primitiva
1295 1592 1384 1618 cero
1418 1592 1466 1619 ne
1498 1579 1589 1632 quis
1621 1579 1686 1618 vir

94 1650 130 1686 et
171 1647 310 1687 (animo
354 1652 389 1688 et
431 1648 581 1688 mente
615 1649 860 1701 prcecellens
894 1662 977 1702 pro
1016 1653 1154 1689 nostro
1195 1650 1367 1702 imperio
1391 1650 1581 1704 periculo
1613 1663 1685 1690 suo

87 1704 336 1758 dimicaret:
381 1719 569 1772 yraviter
607 1719 653 1758 ir]
693 1720 782 1759 lure
811 1719 1022 1772 ferremus
1054 1722 1133 1760 cet.
1197 1720 1290 1761 Duo
1323 1725 1423 1761 sunt
1455 1720 1497 1760 in
1528 1720 1594 1760 his
1627 1720 1684 1760 ita

94 1801 241 1840 prava,
284 1792 332 1829 ut
364 1789 550 1830 colorem
582 1802 669 1830 non
701 1791 934 1842 accipiant:
982 1791 1099 1842 prius
1132 1791 1176 1830 in
1207 1791 1433 1840 sententia,
1468 1790 1521 1831 de
1554 1790 1684 1831 Gadi—

94 1862 295 1900 tanorum
329 1859 585 1900 auxiliorum
618 1873 700 1901 usu
731 1860 940 1901 Romanis
980 1861 1219 1902 interdicto.
1282 1861 1484 1914 Disputat
1523 1861 1683 1908 Cicero,

95 1929 198 1970 nihil
239 1931 459 1980 interesse,
509 1934 653 1971 utrum
697 1931 898 1972 Gaditani
942 1932 1122 1984 praemia
1165 1933 1328 1973 civibus
1368 1933 1455 1972 suis
1489 1932 1599 1972 bene
1632 1932 1685 1972 de

94 2000 253 2053 populo
284 2001 484 2042 Romano
523 2002 788 2043 merentibus
828 2002 991 2043 tributa
1030 2005 1125 2044 rata
1163 2016 1256 2044 esse
1298 2002 1446 2052 nolint,
1495 2015 1550 2043 an
1593 2003 1685 2055 lege

95 2071 303 2122 sanciant,
350 2085 405 2112 ne
445 2072 497 2112 de
529 2072 738 2113 Romanis
771 2072 881 2113 bene
914 2076 1176 2115 mereantur.
1239 2073 1333 2114 Hoc
1365 2076 1511 2114 autem
1544 2075 1683 2114 totum

96 2141 152 2182 ad
184 2154 256 2182 eos
288 2145 468 2195 spectat,
503 2143 575 2196 qui
605 2144 821 2196 privatim,
855 2157 935 2185 sua
966 2144 1200 2195 voluntate,
1233 2147 1282 2185 ut
1312 2144 1486 2195 Balbus,
1520 2144 1684 2185 Roma-

95 2224 173 2253 nos
205 2213 488 2265 imperatores
522 2214 810 2264 adiuvabant3
860 2215 1018 2256 auxilia
1056 2215 1226 2268 publice
1269 2215 1414 2265 missa,
1464 2228 1560 2267 quae
1600 2228 1685 2256 non

96 2283 282 2334 praemiis
328 2283 619 2335 eliciebantur,
669 2285 746 2326 sed
791 2298 843 2325 ex
885 2285 1047 2326 foedere
1089 2285 1428 2338 imperabantur,
1477 2287 1561 2326 huc
1599 2299 1686 2327 non

137 2455 165 2499 ¹)
194 2456 339 2500 [Postea
365 2459 605 2494 animadverti
632 2461 668 2494 in
702 2461 876 2495 varietate
910 2461 1095 2505 scripturae
1127 2461 1350 2505 Naugeriana
1384 2462 1480 2506 apud
1513 2462 1686 2496 Orellium

195 2518 263 2551 vol.
290 2518 322 2551 II
347 2529 381 2562 p.
409 2517 429 2550 2
456 2530 488 2562 p.
517 2518 584 2552 627
612 2531 689 2553 esse
715 2522 864 2554 videtur.
915 2520 1124 2554 Hexametri
1156 2520 1356 2554 clausulam
1382 2532 1455 2555 non
1481 2521 1686 2555 reformido.

191 2575 309 2619 1842]

138 2632 167 2676 ²)
193 2635 228 2669 C.
256 2636 287 2677 9,
314 2635 359 2668 22
386 2634 438 2678 (in
468 2639 644 2681 periculis
683 2643 787 2681 (etque
825 2639 964 2681 asperis
1000 2638 1231 2681 temporibus)
1263 2649 1376 2682 quum
1411 2639 1510 2673 codd.
1537 2638 1687 2680 (PABE)

191 2695 485 2739 praepositionem
524 2707 596 2730 non
635 2697 811 2737 habeant,
850 2696 993 2730 videtur
1030 2697 1148 2740 potius
1186 2697 1435 2732 scribendum:
1473 2699 1687 2741 periculosis

195 2759 298 2797 atque
325 2757 463 2798 asperis
489 2756 716 2798 temporibus,
756 2766 869 2799 quum
902 2756 1101 2798 praesertim
1122 2757 1287 2799 pericula
1312 2757 1474 2800 proxime
1500 2767 1687 2800 praecesse-

193 2812 249 2847 rit.
299 2811 320 2855 ἓ
345 2812 389 2846 24
416 2814 543 2858 optimi
569 2814 672 2848 codd.
698 2813 780 2855 (PE,
815 2814 925 2847 etiam
950 2812 1042 2856 AB):
1081 2815 1223 2848 Etenim
1256 2817 1292 2848 ιή
1310 2817 1487 2858 populum
1512 2817 1554 2849 R.
1579 2826 1688 2858 gyrare

193 2877 253 2905 est.
303 2872 559 2907 Recentiorum
587 2876 651 2913 est,
679 2873 775 2916 quod
803 2873 935 2907 editur:
974 2874 1040 2907 Est
1065 2875 1157 2906 enim
1185 2891 1227 2895 —
1251 2885 1371 2917 φατε,
1409 2874 1602 2917 minusque
1627 2884 1686 2917 ap-

193 2934 271 2964 tum
298 2933 390 2965 enim
415 2932 451 2966 in
478 2932 545 2971 hoc
572 2931 726 2966 transitu
753 2935 788 2965 et
813 2930 1043 2965 adiunctione
1070 2943 1181 2976 quain
1207 2935 1341 2967 etenim.
