1915 3235
118 1468 170 1492 415

939 121 1022 163 336

185 251 408 292 annotatio
441 252 659 303 spectaret
693 250 829 304 (velut
863 251 929 300 19,
971 252 1027 292 42
1062 265 1110 291 ac
1143 250 1288 300 bonis,
1312 251 1381 301 21,
1420 251 1476 292 48
1510 252 1669 305 opinor,
1712 252 1780 302 27,

185 321 240 363 58
287 322 405 362 illam
444 322 487 362 in
526 321 669 362 verbis
708 321 961 362 Antiochum
992 322 1113 362 illum
1147 320 1385 376 Maynam),
1435 334 1487 362 ex
1535 335 1619 374 quo
1666 322 1784 363 nulla

186 393 316 433 debet
347 392 689 445 interpolationis
722 392 909 445 suspicio
941 393 1073 442 nasci,
1108 394 1150 433 et
1182 393 1410 445 aliquoties
1437 393 1660 446 explendae
1684 406 1783 434 sen-

184 464 333 504 tentiae
366 463 505 522 gratia
537 463 812 513 Vocabulum,
848 463 964 516 quod
995 463 1039 504 in
1065 465 1266 505 contexta
1292 465 1486 505 oratione
1513 463 1783 511 audiebatur,

185 534 377 584 inseruit,
421 534 539 575 velut
571 534 640 584 63,
687 534 770 575 132
810 535 853 575 in
891 534 978 575 his:
1028 539 1085 575 est
1125 535 1233 575 enim
1266 535 1382 576 illias
1415 533 1582 587 (Vatia,
1630 535 1711 575 nisi
1743 533 1787 575 in

186 605 287 645 Maii
320 604 421 645 edit.
463 618 581 646 error
623 607 687 646 est
726 605 1075 659 typographicus,
1125 604 1243 658 eius),
1293 619 1319 645 a
1361 619 1439 660 qao
1482 619 1564 646 uno
1607 606 1787 646 maxime

187 677 235 718 P.
269 676 427 717 Sestius
463 689 506 716 se
544 677 783 731 oppuqnari
820 676 942 726 videt,
992 676 1113 717 addit
1151 676 1319 716 verbam
1359 675 1434 729 (est
1472 677 1582 717 enim
1619 676 1784 717 verbam

187 746 306 801 eius),
355 747 471 800 quod
514 748 558 788 in
598 747 815 789 Ciceronis
848 747 1042 788 oratione
1074 747 1294 800 praecedit.
1358 747 1452 788 Hoc
1485 747 1788 789 animadverso

187 820 320 872 patet,
369 818 541 870 lapsum
588 831 681 859 esse
727 818 935 859 Orellium
978 819 1022 858 in
1064 830 1099 858 0.
1136 818 1202 867 18,
1246 818 1317 859 40.
1391 819 1635 871 Legebatur
1675 818 1789 859 enim

188 890 336 943 Vulgo:
381 890 492 940 Quid
524 889 650 943 erqo?
686 890 848 930 ‘inaniet'
879 890 1027 941 oratio,
1062 903 1173 929 vana
1198 890 1453 943 praesertim,
1487 894 1574 930 tam
1606 889 1789 943 improbe

188 962 235 1001 ‘in
277 961 533 1001 clarissimos
576 961 686 1001 viros
730 961 932 1011 coniecta,
980 974 1043 1000 me
1084 960 1239 1000 morit?
1294 959 1364 1000 Me
1405 974 1499 1001 vero
1543 974 1625 1000 non
1667 961 1791 1001 movit

189 1033 306 1073 illius
338 1033 487 1085 oratio,
520 1031 592 1072 sed
625 1045 766 1072 eoram
798 1032 1080 1083 taciturnitas,
1113 1031 1159 1071 in
1191 1044 1290 1086 quos
1321 1031 1397 1071 illa
1430 1032 1564 1072 oratio
1597 1035 1684 1072 tam
1714 1032 1790 1071 im-

186 1103 321 1157 proba
353 1103 658 1156 conferebatur.
722 1102 881 1143 Verum
917 1102 1101 1143 alterum
1140 1102 1246 1142 illud
1285 1103 1411 1142 movit
1448 1115 1536 1143 non
1577 1102 1708 1143 fuisse
1747 1102 1791 1143 in

191 1188 241 1215 eo
275 1174 435 1224 codice,
485 1187 537 1215 ex
580 1187 665 1226 quo
710 1174 897 1226 reliquos
940 1186 1090 1215 omnes
1134 1173 1374 1226 descriptos
1408 1185 1501 1214 esse
1535 1174 1684 1214 statim
1716 1172 1791 1213 de-

181 1246 457 1295 monstrabo,
492 1247 656 1286 certum
691 1247 767 1294 est,
803 1244 1020 1297 quoniam,
1056 1244 1128 1297 qui
1153 1257 1252 1285 eum
1277 1243 1526 1285 fidelissime
1549 1256 1790 1297 repraesen-

190 1318 297 1367 tant,
347 1316 440 1358 cod.
481 1316 523 1357 S.
565 1316 685 1365 Vict.,
730 1316 856 1357 Bern.
893 1317 929 1366 1,
975 1316 1014 1366 2,
1058 1315 1149 1356 Pal.
1184 1315 1209 1355 9
1259 1315 1476 1356 omittunt.
1541 1314 1606 1367 (In
1646 1315 1791 1356 codice

190 1387 326 1428 Paris.
361 1386 584 1439 complura
616 1387 750 1427 verba
783 1388 945 1428 omissa
978 1389 1090 1436 sunt,
1131 1386 1294 1427 librarii
1328 1386 1451 1430 oculo
1485 1385 1716 1427 aberrante
1750 1386 1790 1426 in

191 1459 374 1511 repetito
406 1458 618 1499 vocabulo
651 1456 818 1509 oratio.)
881 1458 970 1498 Nec
1010 1457 1149 1498 solum
1193 1457 1432 1498 rectissime
1473 1457 1529 1497 ad
1569 1456 1655 1497 vim
1695 1469 1793 1497 ora-

190 1530 318 1570 tionis
351 1529 489 1579 abest,
540 1529 902 1581 librariorumque
945 1528 1090 1569 onmia
1132 1528 1261 1580 plena
1306 1528 1487 1568 reddere
1527 1527 1794 1568 studentium

192 1600 477 1641 additamenti
510 1602 660 1641 notam
693 1600 840 1650 habet,
875 1599 951 1640 sed
984 1600 1186 1640 vitiosum
1221 1599 1354 1640 etiam
1389 1601 1472 1647 est;
1506 1611 1646 1651 neque
1681 1598 1792 1639 enim

191 1672 364 1724 negatio
399 1684 423 1711 a
456 1671 600 1711 verbis
635 1671 749 1711 illias
781 1671 929 1720 oratis),
965 1671 1120 1722 quibus
1155 1662 1368 1711 contrarie
1402 1670 1539 1710 relata
1572 1672 1690 1710 sunt:
1724 1669 1797 1710 sed

192 1755 333 1782 eoram
365 1742 647 1791 taciturnitas,
698 1741 840 1782 divelli
879 1743 1051 1794 poterat
1090 1740 1343 1793 interposito
1384 1740 1454 1781 illo
1487 1741 1623 1790 movit,
1673 1741 1796 1793 quasi

192 1813 235 1853 in
269 1826 318 1854 eo
352 1814 415 1853 vis
448 1814 674 1853 sententiae
707 1813 848 1865 posita
882 1815 1008 1853 esset.
1071 1812 1222 1864 Itaque
1263 1825 1351 1853 non
1389 1814 1504 1852 recte
1538 1811 1721 1852 Orellius
1753 1812 1798 1852 in

193 1884 260 1923 ed.
293 1883 457 1924 maiore
490 1884 614 1924 movit
645 1884 797 1924 tenuit.
847 1884 932 1924 Sed
964 1885 1008 1924 in
1041 1883 1227 1924 editione
1261 1883 1426 1923 minore
1460 1882 1605 1932 edidit,
1640 1882 1796 1923 codicis

194 1954 389 1995 Vaticani
421 1954 552 1995 fidem
586 1957 781 1996 secutus:
832 1955 901 1995 Me
938 1968 1033 1995 ‘cero
1073 1967 1155 1994 non
1196 1954 1310 1994 illias
1349 1954 1497 2007 oratio,
1546 1953 1617 1994 sed
1657 1967 1797 1994 eorum

192 2026 463 2066 taciturnitas
495 2026 692 2078 movebat,
726 2027 772 2066 in
805 2040 904 2081 quos
935 2026 1012 2066 illa
1045 2026 1180 2066 oratio
1213 2024 1518 2077 oonferebatmz
1575 2024 1661 2065 Sed
1692 2024 1797 2065 illud

192 2095 378 2136 mot-ebat
426 2095 559 2149 (quod
598 2110 652 2138 ne
692 2110 768 2150 per
812 2110 857 2138 se
891 2096 1065 2149 quidem
1097 2101 1264 2137 rectum
1299 2098 1384 2145 est;
1431 2108 1534 2136 nam
1567 2096 1703 2145 movit,
1751 2099 1798 2135 ut

193 2167 412 2219 praecedit,
463 2168 522 2208 ita
569 2168 813 2209 necessario
860 2168 929 2208 hic
977 2180 1148 2220 quoque
1197 2167 1427 2208 dicendum
1477 2167 1570 2206 erat
1617 2165 1670 2206 de
1710 2179 1795 2206 uno

195 2238 364 2288 effectu,
400 2238 592 2279 discessu
626 2239 864 2288 Ciceronis,
899 2241 1048 2280 contra
1081 2238 1218 2279 oratio
1252 2238 1323 2278 illa
1356 2249 1471 2289 saepe
1504 2236 1796 2288 repetebatur,

194 2308 251 2349 illi
286 2322 458 2361 semper
490 2308 693 2361 silebant)
727 2311 806 2351 hoc
840 2309 968 2362 igitur
1001 2310 1096 2361 quis
1129 2322 1216 2350 non
1249 2308 1367 2349 videt
1398 2307 1641 2348 scholiastae
1686 2320 1795 2357 esse,

195 2380 455 2420 sententiam
490 2380 715 2432 explentis,
758 2394 891 2432 quum
925 2380 996 2421 illa
1029 2380 1244 2421 omisisset
1277 2379 1513 2432 superiora,
1557 2391 1609 2419 ex
1642 2378 1798 2431 quibus

196 2450 379 2490 verbum
411 2453 694 2503 repeteretur,
744 2465 831 2492 non
868 2451 979 2492 illius
1020 2451 1191 2495 codicis,
1242 2463 1293 2491 ex
1326 2463 1410 2502 quo
1443 2449 1478 2490 is
1511 2449 1647 2490 Verba
1679 2448 1798 2490 Cice-

197 2521 313 2561 ronis
347 2521 636 2573 excerpebat?
684 2522 834 2574 ltaque
867 2535 1019 2563 vereor
1052 2522 1196 2570 etiam,
1240 2534 1293 2561 ne
1337 2520 1609 2561 festinantius
1644 2519 1799 2560 eadem

195 2591 359 2632 scholia
407 2594 580 2632 secutus
629 2591 812 2633 Orellius
862 2593 1014 2633 delerit
1061 2591 1194 2633 verba
1235 2595 1322 2632 tam
1359 2590 1551 2644 improba
1589 2593 1800 2643 tanquam

197 2675 249 2702 ex
282 2662 577 2714 superioribus
611 2676 754 2704 errore
788 2666 883 2705 orta
915 2663 958 2703 in
991 2662 1165 2715 reliquis
1190 2662 1434 2710 codicibus,
1467 2675 1570 2702 nam
1601 2674 1653 2702 ea
1674 2661 1798 2702 scho-

199 2733 344 2773 liastes
379 2733 661 2773 contrahendi
694 2734 836 2775 studio
875 2734 1071 2775 omisisse
1105 2733 1239 2774 videri
1272 2735 1428 2785 potest.
1492 2732 1545 2773 Et
1584 2732 1707 2773 facile
1749 2745 1800 2773 ea

198 2804 334 2844 verba
367 2816 494 2844 suum
528 2803 669 2843 locum
704 2803 958 2852 defendent3
992 2806 1073 2845 hoc
1107 2804 1220 2844 enim
1245 2803 1343 2844 dicit
1370 2803 1540 2845 Cicero:
1575 2804 1708 2845 Movit
1730 2816 1798 2844 me

198 2874 483 2923 taciturnitas,
519 2887 615 2926 quae
648 2875 889 2926 suspectior
922 2888 1014 2916 esse
1049 2874 1239 2915 debebat
1271 2874 1326 2914 ob
1359 2874 1440 2915 hoc
1472 2874 1628 2926 ipsum,
1670 2874 1798 2927 quod,

198 2948 247 2985 ut
279 2959 354 2986 vos
388 2945 538 2995 dicitis,
573 2946 771 2998 improba
807 2948 899 2986 erat
931 2945 1081 2994 oratio,
1116 2945 1235 2986 cuius
1261 2958 1286 2986 a
1312 2957 1357 2985 se
1383 2945 1600 2986 maculam
1625 2945 1801 2986 reiicere
