1915 3235
833 121 887 162 69

70 252 113 294 in
159 265 245 305 qua
290 251 538 293 notissimus
579 252 644 292 est
679 250 748 291 hic
787 250 1019 291 accusandi
1057 263 1164 291 mos.
1228 249 1445 290 Gracchus
1492 249 1650 301 itaque,

69 336 201 375 quum
235 335 273 363 a.
299 322 382 363 628
416 323 604 374 quaestor
634 320 773 361 factus
797 321 841 361 in
864 326 1062 362 senatum
1087 320 1286 369 venisset,
1320 333 1358 361 a.
1384 320 1469 361 630
1494 333 1651 372 equum

69 392 288 446 publicum
334 391 499 433 habuit.
560 391 639 431 Vix
686 404 793 444 opus
842 394 908 432 est
953 394 1128 445 propter
1173 391 1285 432 hanc
1333 404 1508 432 causam
1555 394 1653 443 post

68 463 184 504 hunc
215 476 376 504 annum
414 462 576 504 sactum
614 464 780 514 putare.
829 462 945 515 quod
984 462 1172 514 quinque
1211 463 1311 502 ante
1349 461 1472 502 annis
1512 460 1652 513 Scipio

71 532 372 575 Ciceronianus
405 532 549 585 parari
581 532 804 585 significat.
866 533 965 573 Veri
997 532 1111 573 enim
1144 531 1281 573 simile
1313 531 1493 581 videtur,
1527 544 1652 571 sena-

69 606 207 645 torem
239 603 401 644 factum
434 603 550 656 apud
575 616 647 644 eos
674 616 885 652 censores,
920 603 992 656 qui
1015 603 1141 656 primi
1166 603 1367 655 deinceps
1391 604 1652 650 crearentur,

69 676 362 715 transvectum
396 687 488 714 esse
522 675 564 714 et
595 686 753 725 equum
786 673 1024 715 reddidisse
1058 675 1133 714 aut
1171 673 1325 714 saltem
1368 673 1423 714 ad
1462 672 1505 713 id
1543 675 1654 713 tem-

68 758 149 797 pus
197 757 354 797 equum
403 744 586 786 retinere
633 743 838 797 potuisse.
928 744 1084 785 Similis
1132 743 1221 785 fere
1267 757 1335 785 res
1384 748 1449 785 est
1495 743 1538 784 in
1579 743 1654 784 Cn.

67 815 285 868 Pompeio,
319 828 461 868 quem,
491 828 624 867 quum
647 814 835 867 primum
861 815 1007 855 consul
1033 819 1159 865 esset,
1194 828 1351 867 equum
1377 815 1433 855 ad
1457 826 1655 855 censores
1676 824 1709 849 86

68 885 312 935 adduxisse,
360 885 616 927 Plutarchus
656 886 804 926 narrat
843 883 1010 938 (Pomp.
1044 884 1131 937 22).
1195 885 1280 926 Sed
1317 885 1431 926 hunc
1469 885 1657 938 primum

70 956 371 1009 magistratum
403 956 438 997 is
471 956 584 1008 cepit
621 960 664 996 et
702 958 795 996 tum
837 955 878 995 in
919 958 1119 997 senatum
1158 956 1289 996 venit.
1352 956 1501 1008 Itaque
1542 954 1658 1008 apud

71 1039 282 1076 censores,
331 1027 404 1079 qui
449 1029 542 1068 tum
591 1031 731 1076 erant,
781 1040 941 1080 equum
989 1026 1189 1067 reddidit.
1258 1027 1311 1067 Et
1348 1027 1404 1067 ad
1440 1026 1657 1067 redditum

70 1111 228 1150 equum
260 1100 456 1150 spectare
488 1097 687 1138 videntur
718 1097 813 1150 ipsa
837 1097 1055 1139 Plutarchi
1084 1097 1231 1146 verba,
1266 1097 1338 1150 qui
1370 1097 1425 1137 ad
1459 1109 1657 1137 censores

69 1168 299 1210 accessisse
340 1168 441 1210 dicit
478 1170 761 1218 παραιτούμενον
785 1171 848 1214 τήν
872 1165 1111 1220 στρατείαν.1)
1180 1168 1329 1221 Neque
1369 1167 1485 1208 aliud
1523 1167 1658 1208 ullum

68 1239 244 1292 reperiri
282 1242 388 1292 puto
426 1239 653 1292 vestigium
692 1242 942 1281 senatorum
989 1240 1033 1280 in
1081 1239 1272 1291 equitum
1322 1238 1522 1279 centuriis
1570 1238 1658 1279 sive

67 1310 220 1351 turmis
252 1312 577 1352 numeratorum
610 1315 707 1363 post
739 1312 911 1363 tempus
944 1310 1062 1359 illud,
1097 1323 1181 1363 quo
1214 1323 1324 1359 eam,
1359 1309 1412 1350 de
1438 1323 1518 1362 qua
1551 1309 1658 1349 dixi-

67 1393 176 1430 mus,
210 1381 495 1422 mutationem
528 1381 689 1422 factam
723 1394 816 1422 esse
850 1381 1093 1433 expositum
1128 1382 1205 1421 est.

185 1451 298 1492 Satis
332 1451 493 1492 dictum
524 1451 707 1501 videtur,
742 1454 790 1492 ut
822 1451 1099 1504 intelligatur,
1134 1451 1260 1503 quale
1294 1451 1346 1491 sit
1371 1451 1426 1499 id,
1461 1451 1576 1503 quod
1609 1463 1661 1491 ex

67 1521 281 1563 Ciceronis
312 1522 405 1564 loco
438 1522 492 1563 ad
526 1522 811 1575 cognitionem
837 1522 1133 1563 institutorum
1158 1523 1217 1563 rei
1240 1522 1424 1575 publicae
1448 1521 1660 1563 Romanae

68 1592 262 1633 efficitur.

163 1757 295 1798 Graece,
323 1758 458 1792 Gellius
484 1757 557 1798 XV,
584 1756 605 1789 2
630 1757 758 1791 Latine
785 1757 919 1801 posuit,
947 1757 1112 1800 pluribus
1139 1757 1297 1791 adiectis.
1348 1757 1400 1791 Ibi
1428 1758 1475 1790 ad
1486 1758 1663 1800 populum

158 1818 197 1850 in
238 1818 395 1851 contione
432 1816 557 1851 habita
588 1816 728 1850 dicitur.
780 1816 955 1849 Censores
994 1815 1201 1850 contionem
1242 1816 1467 1849 advocabant
1506 1819 1541 1849 et
1578 1816 1663 1849 dare

160 1878 339 1919 poterant.

103 1931 131 1976 ¹)
157 1934 246 1969 Miro
272 1935 369 1968 enim
395 1946 515 1969 errore
546 1934 601 1968 vir
627 1934 905 1974 eruditissimus,
942 1933 1110 1975 Schaesor,
1144 1930 1206 1973 τήν
1237 1937 1448 1977 στρατηγίαν
1479 1929 1663 1976 παραιτού-

159 2004 267 2038 μενος
293 1993 403 2028 edidit
428 2004 472 2027 ex
498 2004 570 2027 uno
597 1993 675 2027 cod.
726 1993 820 2027 Nihil
846 1993 893 2027 ad
919 2004 1087 2027 censores
1114 1993 1274 2037 pertinet
1306 1992 1526 2026 renuntiatio
1560 1992 1658 2035 digni

156 2052 241 2086 tatis
273 2052 524 2097 imperatoriae‚
563 2063 629 2086 nec
661 2052 735 2086 ulla
767 2052 848 2085 talis
881 2051 1102 2086 renuntiatio
1135 2051 1213 2092 fuit,
1253 2062 1319 2085 nec
1350 2051 1544 2096 Pompeius
1577 2054 1656 2085 tum

157 2111 362 2155 imperator.
413 2111 630 2145 Plutarchus
657 2110 743 2155 quid
769 2110 960 2155 scripserit,
988 2110 1075 2144 satis
1102 2111 1299 2144 ostendunt
1323 2110 1498 2154 proxima.
