1915 3235
132 2181 183 2205 524

959 125 1045 167 406

209 253 330 303 derit,
365 253 591 294 confirmat
623 254 839 306 egregiam
872 256 1163 296 coniecturam
1197 255 1393 296 Gulielmi
1423 253 1514 308 (qui
1536 256 1703 297 utinam
1726 270 1805 310 pro

212 324 394 365 Grutero
427 323 676 365 Ciceronem
717 324 953 380 edidisset),
1003 326 1250 367 scribentis:
1300 340 1432 367 urnas
1474 326 1669 367 deiecerit
1710 325 1806 380 (pro

208 393 441 449 deleqerit);
490 395 691 449 idemque
736 396 930 437 eiusdem
974 409 1061 438 non
1102 397 1244 437 minus
1284 398 1566 449 praestantem
1600 397 1805 438 emenda-

207 466 369 507 tionem
402 479 503 507 mox
536 479 570 507 c.
608 466 673 517 15,
708 466 764 507 35
796 480 945 508 veram
979 480 1075 508 esse
1107 467 1308 517 ostendit,
1350 472 1537 508 oratores
1568 480 1647 520 pro
1679 481 1805 508 cura-

207 541 326 586 tores,
360 550 491 589 quam
524 538 812 578 necessariam
848 551 942 579 esse
963 551 1092 579 nemo
1114 538 1261 589 sensit,
1296 538 1374 579 etsi
1398 537 1501 579 satis
1525 537 1804 579 manifestum

208 609 284 658 est,
334 612 547 648 curatores
587 608 786 649 absolute
819 608 901 649 diei
933 622 1021 650 non
1051 621 1193 661 posse.
1256 609 1304 649 In
1337 608 1529 650 eiusdem
1563 609 1714 662 capitis
1750 610 1804 650 15

207 677 326 719 initio
358 678 635 719 scribendum
668 681 733 720 est
766 692 817 720 ex
848 678 960 729 Par.,
1003 679 1143 729 Rern„
1183 679 1269 720 Erf.
1302 680 1390 721 volo
1424 679 1587 730 audire,
1629 680 1801 730 omisso,

208 749 323 801 quod
356 749 655 802 interponitur,
690 751 832 800 etiam,
893 749 1110 803 (Debebat
1143 763 1236 792 esse
1269 751 1394 791 etiam
1425 749 1565 803 illud.)

323 820 459 861 Paulo
491 823 590 873 post
623 819 663 874 (ἓ
690 820 762 874 36)
796 821 1073 862 scribendum
1102 834 1215 862 esse:
1250 822 1321 876 qui
1352 835 1566 876 uunquam
1600 835 1626 862 α
1657 826 1805 862 senatu

205 891 357 931 summi
389 892 552 932 consilii
589 892 930 946 yubermetionem
974 891 1147 945 auferre
1188 897 1359 932 conatus
1402 896 1471 942 est,
1521 892 1607 932 dixi
1650 894 1692 933 et
1734 905 1803 933 ra-

206 962 368 1003 tionem
424 963 601 1015 exposui
656 963 700 1003 in
755 963 912 1016 disput.
963 962 1015 1003 de
1062 962 1249 1004 Asconio
1296 976 1337 1015 p.
1372 963 1426 1003 39
1474 965 1562 1003 not.
1640 962 1804 1004 Deinde

208 1033 383 1074 meliore
427 1033 576 1074 ordine
621 1046 673 1074 ex
705 1033 817 1084 Par.,
866 1034 1006 1083 Bern„
1056 1034 1143 1074 Erf.
1177 1032 1347 1086 (Lamb.
1391 1034 1434 1074 in
1473 1046 1609 1086 marg.
1649 1032 1804 1086 repet.)

206 1103 482 1145 scribendum
524 1107 606 1145 est:
654 1118 783 1159 neque
829 1109 992 1146 tautum
1037 1105 1124 1160 ipsc
1172 1118 1212 1145 63
1254 1104 1479 1158 improbus.
1550 1103 1685 1158 (Ipse,
1735 1106 1801 1145 cui

207 1175 470 1216 contrarium
504 1177 569 1216 est
603 1176 720 1225 alios,
754 1176 966 1217 vocabulo
999 1180 1161 1216 tautum
1194 1175 1346 1216 subiici
1379 1174 1543 1229 debet.)

324 1245 369 1287 C.
407 1246 473 1296 15,
508 1246 561 1287 37
596 1247 814 1288 notandus
849 1248 914 1288 est
946 1260 1065 1287 error
1097 1245 1256 1296 Orellii,
1298 1246 1370 1299 qui
1402 1246 1517 1287 hunc
1550 1246 1691 1288 locum
1723 1246 1804 1288 hoc

205 1317 334 1358 modo
366 1317 573 1369 seriptum
608 1317 760 1358 edidit:
795 1317 930 1372 Atque
960 1317 1068 1358 illud
1102 1318 1223 1358 etiam
1250 1317 1401 1358 audire
1431 1331 1457 1357 (ι
1479 1322 1515 1358 te
1538 1316 1667 1370 (Par.,
1701 1316 1803 1367 Erf.,

205 1388 330 1428 Bern.
366 1388 516 1428 audire
554 1393 603 1437 te,
653 1389 779 1429 scrib.
822 1388 973 1429 audire
1014 1402 1062 1428 esc
1104 1386 1156 1440 te)
1201 1389 1334 1441 cupio,
1383 1401 1526 1442 quare,
1575 1401 1701 1443 quum
1733 1401 1803 1442 696

204 1459 331 1513 leyem
373 1458 423 1499 de
471 1459 627 1500 ambitu
676 1460 841 1500 tulerim
891 1474 939 1499 ex
986 1459 1349 1508 senatusconsulto,
1398 1459 1565 1499 tulerim
1612 1459 1701 1499 siue
1748 1459 1802 1511 vi,

204 1530 371 1570 tulerim
403 1530 532 1570 saleis
565 1531 779 1584 auspiciis,
827 1531 947 1571 salva
986 1531 1070 1585 7696
1102 1530 1227 1570 ΛἘἸὶα
1261 1534 1297 1569 ct
1332 1529 1471 1582 Fufia,
1519 1534 1565 1570 tu
1597 1543 1689 1569 eum
1721 1542 1804 1570 6336

205 1601 333 1655 leqem
376 1614 457 1641 uon
489 1606 625 1655 putes,
689 1601 741 1642 Et
773 1601 906 1651 addit,
955 1601 1015 1642 sic
1058 1602 1265 1654 scriptum
1309 1613 1403 1641 esse
1446 1601 1490 1641 in
1534 1600 1626 1642 cod.
1660 1599 1801 1649 Bern.,

205 1672 302 1712 edd.
336 1672 485 1725 Steph.
525 1675 567 1713 et
610 1673 760 1713 Lamb.
825 1672 910 1713 Sed
953 1672 1043 1713 falli
1086 1673 1225 1713 virum
1269 1671 1555 1713 clarissimum
1598 1671 1651 1711 de
1696 1671 1802 1711 Ber-

203 1743 326 1784 nensi
358 1745 483 1796 puto;
533 1743 585 1784 de
619 1743 831 1784 Lambino
865 1746 981 1784 certe
1015 1745 1057 1784 et
1089 1743 1325 1796 Stephano,
1376 1755 1559 1795 quorum
1594 1741 1802 1783 editiones

203 1814 344 1855 habeo
377 1815 434 1855 ad
466 1827 659 1863 manum,
694 1813 867 1864 fallitur,
902 1815 987 1867 qui,
1021 1813 1357 1855 assentientibus
1392 1814 1524 1854 etiam
1555 1812 1678 1854 codd.
1702 1812 1801 1853 Par.

204 1888 245 1926 et
267 1885 369 1935 Erf.‚
405 1887 557 1938 quater
589 1886 769 1935 tulerim,
803 1898 902 1934 non,
936 1887 984 1926 ut
1006 1885 1189 1926 Orellius
1213 1887 1268 1933 et,
1302 1887 1470 1926 mutato
1501 1886 1672 1925 tantum
1694 1883 1802 1932 loco,

204 1956 389 2009 vulgatae
423 1956 535 2006 edd,
569 1959 635 1997 ter
667 1959 846 2009 ponunt,
879 1957 1009 2006 recte,
1043 1969 1097 1997 ne
1126 1958 1369 1996 extremum
1394 1956 1641 1996 membrum
1667 1953 1801 2008 (salva

203 2028 287 2081 leqc
319 2027 444 2068 sEliu
477 2033 513 2068 et
547 2027 685 2080 Fufia,
720 2027 836 2079 quod
868 2040 973 2068 sane
1014 2027 1131 2068 aliud
1164 2030 1230 2068 est
1261 2029 1392 2080 atque
1424 2027 1553 2067 salvis
1585 2024 1802 2079 auspiciis)

204 2112 281 2139 suo
326 2099 460 2140 verbo
503 2101 668 2140 careat:
717 2098 884 2139 tulerim
928 2111 976 2138 ex
1017 2097 1060 2138 S.
1098 2097 1157 2150 O„
1205 2099 1373 2138 tulerim
1413 2099 1502 2139 siue
1534 2098 1587 2150 vi,
1636 2097 1801 2137 tulerim

203 2170 331 2210 salvis
369 2171 583 2224 auspiciis,
631 2170 799 2210 tulerim·
841 2169 959 2209 salva
999 2168 1083 2222 leye
1122 2168 1247 2209 AElia
1287 2174 1322 2209 et
1356 2168 1495 2222 Fufia.
1558 2167 1802 2220 Hervagius

204 2253 373 2293 quoque
407 2243 561 2293 quater
592 2241 757 2281 tulerim
791 2240 946 2288 habet;
979 2239 1283 2281 tantummodo
1315 2239 1429 2280 male
1462 2239 1727 2292 interpungit
1760 2241 1802 2279 et

203 2311 401 2352 membra
433 2312 638 2353 orationis
672 2310 902 2351 distribuit.

322 2382 367 2423 C.
405 2383 470 2432 16,
505 2382 560 2423 39
594 2395 615 2422 e
648 2382 761 2431 Par.,
796 2381 936 2431 Rern„
971 2381 1072 2431 Erf„
1107 2381 1200 2422 cod.
1235 2381 1281 2422 C.
1315 2381 1478 2434 Steph.,
1513 2381 1539 2421 5
1564 2380 1672 2422 Oxx.
1697 2381 1802 2421 seri-

203 2452 395 2493 bendum
429 2456 512 2494 est:
561 2466 690 2507 ueque
721 2452 810 2492 ullu
848 2466 893 2492 rc
917 2453 1073 2506 populo
1103 2452 1270 2506 qratius
1299 2452 1442 2504 facere
1468 2452 1626 2506 290332533
1674 2451 1801 2504 Vulgo

205 2525 270 2564 est
300 2524 388 2563 ulla
424 2524 467 2563 in
501 2537 555 2573 re,
605 2536 760 2576 prave3
808 2536 895 2563 non
933 2523 1096 2575 aliquid
1133 2522 1177 2563 in
1218 2525 1299 2564 hac
1332 2536 1377 2564 re
1411 2522 1658 2563 faciendum
1693 2524 1798 2571 erat,

204 2594 280 2634 sed
312 2594 405 2634 haec
437 2594 530 2647 ipsa
563 2607 630 2635 res
664 2593 877 2635 facienda.

322 2664 527 2705 Extrema
560 2665 744 2717 denique
777 2665 984 2713 oratione,
1018 2664 1091 2705 ubi
1126 2664 1357 2705 edebatur:
1397 2677 1502 2719 quas
1534 2664 1644 2703 euim
1675 2662 1800 2703 liuius

206 2736 383 2776 (actiones
407 2735 611 2789 probatas
644 2736 759 2776 bouis
797 2749 879 2776 esse
917 2735 1036 2787 dicis,
1084 2736 1129 2775 iu
1172 2749 1241 2775 eas
1276 2734 1475 2788 pluribus
1516 2733 1650 2774 verbis
1691 2733 1800 2774 testi-

203 2807 388 2846 mouium
434 2805 594 2858 dimisti,
643 2808 807 2861 quicum
855 2811 992 2846 autem
1032 2806 1119 2846 eius
1157 2819 1329 2846 causum
1354 2805 1672 2859 periculumque
1704 2816 1799 2844 cou-

203 2877 358 2931 iuuyis,
399 2890 490 2916 cum
521 2878 695 2917 summis
727 2877 925 2918 laudibus
958 2878 1152 2927 artulisti,
1193 2876 1376 2917 Orellius
1409 2888 1487 2928 pro
1521 2876 1620 2925 eius,
1663 2873 1799 2915 Gara-

204 2948 370 2989 tonium
403 2960 600 3000 sequens,
635 2947 768 2988 edidit
799 2947 936 2998 huius,
971 2948 1145 2997 iniuria;
1178 2960 1281 2988 nam
1314 2960 1447 3000 quum
1475 2945 1609 2986 semel
1633 2944 1798 2986 Sestius
