1915 3235
164 1528 215 1553 206

896 1079 1041 1140 XVII
1083 1078 1174 1142 (V).

237 1193 318 1253 De
357 1194 504 1254 locis
542 1194 780 1271 aliquot
817 1194 1255 1272 grammatieae
1287 1194 1517 1256 Latinae
1557 1197 1839 1257 admoni-

600 1289 799 1349 tiones
838 1290 899 1348 et
940 1290 1417 1350 observationes.
1432 1289 1464 1357 l)

355 1479 609 1561 Neminem
658 1517 845 1559 arbitror
888 1516 980 1558 iure
1020 1516 1167 1558 mirari
1208 1530 1348 1570 posse,
1399 1530 1511 1568 eum,
1562 1517 1629 1559 cui
1676 1517 1841 1558 Latinae

236 1587 391 1641 linguae
415 1588 756 1641 Latinarumque
788 1588 1031 1629 litterarum
1064 1588 1360 1629 docendarum
1392 1602 1550 1631 munus
1584 1589 1840 1631 mandatum

236 1660 304 1709 sit,
353 1659 407 1700 de
446 1660 733 1712 grammatica
765 1659 920 1701 Latina
959 1659 1163 1701 scribere.
1227 1659 1378 1713 Itaque
1410 1661 1530 1702 nulla
1563 1660 1841 1702 excusatione

236 1743 344 1783 opus
378 1743 473 1771 esse
505 1732 625 1783 puto,
674 1730 791 1783 quod
828 1730 916 1772 iam
954 1731 1113 1772 iterum
1152 1730 1404 1773 huiusmodi
1441 1732 1673 1773 materiam
1705 1732 1840 1784 scrip-

235 1801 362 1843 tionis
396 1801 660 1843 academicae
693 1801 846 1855 deligo,
896 1802 1134 1843 dummodo
1178 1815 1230 1843 ea
1274 1803 1469 1854 afferam,
1519 1815 1617 1855 quae
1649 1801 1841 1843 novitate

236 1872 382 1925 aliqua
427 1874 469 1913 et
511 1885 657 1914 rerum
697 1873 930 1915 dubiarum
969 1875 1046 1914 aut
1076 1873 1374 1926 ignoratarum
1407 1873 1693 1926 explicatione
1726 1872 1841 1914 hune

236 1943 377 1984 locum
425 1942 583 1984 mereri
629 1943 873 1985 videantur.
936 1943 1023 1985 Sed
1060 1946 1223 1994 tamen,
1273 1944 1480 1997 quoniam
1528 1946 1658 1985 antea
1704 1956 1841 1985 unum

236 2014 455 2066 quendam
487 2014 631 2055 locum
663 2014 750 2055 late
781 2017 1005 2067 patentem
1039 2014 1243 2056 continua
1268 2015 1561 2068 disputatione
1585 2019 1840 2068 persecutus

236 2081 391 2137 sunst'),
440 2098 555 2126 nunc
592 2085 808 2127 miscellas
848 2086 1173 2127 observationes
1207 2088 1249 2127 et
1281 2086 1598 2128 admonitiones
1630 2098 1838 2139 propono,

237 2157 379 2197 dicam
412 2157 614 2206 breviter,
664 2157 736 2208 qui
778 2170 849 2198 me
892 2170 1018 2198 casus
1061 2159 1104 2198 et
1143 2157 1201 2198 ad
1238 2157 1320 2198 hoo
1352 2156 1597 2210 argumenti
1629 2169 1764 2210 genus
1799 2158 1841 2197 et

236 2228 293 2268 ad
339 2228 452 2268 hanc
500 2227 718 2268 scribendi
765 2227 952 2270 formam
1000 2229 1082 2270 hoo
1128 2231 1326 2281 tempore
1374 2227 1588 2269 detulerit.
1661 2227 1840 2269 Carolus

236 2299 474 2351 Zumptius,
500 2298 720 2351 professor
743 2298 1047 2351 Berolinensis,
1073 2300 1138 2340 vir
1163 2298 1440 2348 clarissimus,
1468 2311 1602 2351 quum
1619 2310 1839 2351 gramma-

235 2369 367 2411 ticam
399 2382 525 2410 suam
548 2370 748 2411 Latinam
780 2371 1014 2423 septimum
1047 2370 1253 2412 edidisset
1285 2368 1341 2423 (a.
1368 2367 1512 2422 1834),
1545 2369 1669 2422 petiit
1701 2382 1726 2410 a
1754 2381 1838 2418 me,

235 2442 296 2490 ut,
343 2440 378 2481 si
418 2440 522 2492 quid
554 2440 663 2482 forte
696 2441 801 2482 mihi
834 2441 993 2482 librum
1027 2441 1241 2482 evolventi
1273 2441 1542 2490 occurrisset,
1593 2439 1710 2493 quod
1742 2453 1838 2481 mu-

236 2510 419 2552 tandum
468 2511 770 2564 augendumve
818 2514 1039 2565 putarem,
1089 2513 1126 2553 ei
1175 2511 1475 2565 significarem.
1554 2511 1742 2561 Accidit,
1791 2512 1839 2552 ut

164 2597 216 2623 207
236 2581 367 2634 paulo
388 2584 500 2634 post,
524 2585 676 2624 aestate
699 2596 738 2624 a.
765 2583 891 2633 1835,
925 2583 978 2624 de
1006 2583 1176 2625 selectis
1206 2582 1469 2635 quibusdam
1492 2581 1595 2623 locis
1618 2593 1838 2635 gramma-

274 2743 303 2788 ¹)
333 2743 462 2788 [Editae
487 2756 519 2779 a.
547 2744 649 2779 1837.
700 2746 840 2780 Harum
873 2757 1018 2790 quoque
1051 2746 1343 2781 admonitionum
1378 2757 1541 2780 summas
1574 2756 1671 2780 nunc
1702 2745 1838 2780 brevis-

332 2804 423 2839 sime
449 2807 652 2838 contractas
684 2805 721 2838 in
747 2806 994 2849 grammaticae
1025 2805 1163 2840 Latinae
1194 2805 1483 2840 institutionibus
1515 2805 1724 2840 scholarum
1756 2804 1837 2839 usui

333 2862 475 2907 scriptis
501 2863 616 2907 posui.
669 2862 787 2906 1842]

275 2920 304 2965 ²)
331 2922 384 2957 De
415 2922 618 2957 formarum
651 2923 881 2966 quarundam
913 2923 1013 2958 verbi
1047 2923 1165 2958 Latini
1198 2926 1330 2958 natura
1363 2926 1397 2958 et
1432 2934 1510 2958 usu.
1571 2921 1705 2967 [Supra
1731 2934 1765 2967 p.
1792 2921 1837 2956 60

332 2979 427 3025 sqq-l
