1915 3235
967 149 1051 190 576

141 377 270 425 21811.
344 376 617 423 Discrimen
668 376 943 422 formarum
992 381 1188 421 amatus
1238 392 1347 421 sum
1396 379 1443 423 et
1494 382 1687 422 amatus
1722 377 1820 438 sui

292 486 322 518 a
372 470 619 517 veteribus
669 473 716 516 et
767 470 910 516 bonis
961 469 1282 530 scriptoribus
1333 470 1730 518 constantissime

369 568 638 612 servatum.
726 564 954 610 Praesens
1004 578 1093 623 pro
1143 565 1356 624 perfecto
1407 564 1577 611 durius
1628 580 1657 612 a

831 658 987 718 poetis
1032 658 1263 718 positum.

335 774 519 816 Multum
552 774 774 823 interesse,
822 776 968 815 utrum
1009 779 1199 815 amatum
1238 774 1427 827 aliquem
1467 787 1550 816 esse
1590 787 1646 815 an
1683 773 1817 826 faisse

216 845 424 895 dicamus,
459 858 610 887 omnes
644 846 803 887 docent
818 842 873 897 1);
915 848 1065 887 contra
1098 850 1264 887 amatus
1293 845 1375 899 fui,
1408 845 1641 886 indicativo
1673 843 1816 892 modo,

217 916 273 957 ab
307 929 371 966 eo,
406 916 523 969 quod
555 919 621 957 est
655 921 822 957 amatus
853 931 957 966 sinn,
994 916 1064 958 alii
1097 917 1369 969 grammatici
1395 917 1454 957 sic
1477 916 1738 968 disiungunt,
1773 916 1820 956 ut

220 987 451 1029 discrimen
482 990 742 1040 perpetuum
777 1000 871 1029 esse
904 990 1075 1041 negent,
1110 988 1228 1029 velut
1259 988 1507 1029 Billrothius
1540 1001 1581 1039 p.
1617 986 1715 1037 293,
1749 985 1821 1027 alii

218 1071 395 1111 prorsus
442 1058 547 1099 illud
595 1072 673 1111 pro
721 1059 803 1100 hoc
851 1059 933 1099 dici
981 1061 1192 1109 statuunt,
1242 1061 1290 1100 ut
1329 1059 1555 1111 Zumptius
1596 1056 1618 1110 ἓ
1655 1057 1736 1098 168
1779 1059 1822 1098 et

218 1128 240 1181 ἓ
273 1129 381 1178 495;
414 1143 494 1171 nec
527 1129 651 1171 aliter
683 1133 878 1171 veterum
912 1131 1172 1182 scriptorum
1206 1129 1391 1171 editores
1424 1129 1629 1179 iudicant,
1663 1127 1822 1181 partim

220 1201 380 1254 apertis
429 1201 586 1251 verbis,
635 1201 753 1242 Velut
799 1201 1078 1242 Heindorfius
1127 1200 1183 1242 ad
1230 1201 1400 1242 Horatii
1441 1200 1567 1241 Satir.
1600 1200 1630 1249 I,
1670 1200 1710 1249 6,
1755 1198 1821 1248 13,

218 1272 377 1324 partim
411 1272 592 1322 silentio,
629 1273 839 1314 eiusmodi
868 1273 1130 1325 scripturam
1152 1272 1400 1321 tolerantes,
1434 1272 1478 1312 in
1501 1284 1586 1324 qua
1608 1272 1668 1312 ita
1690 1270 1823 1311 statui

219 1355 396 1384 necesse
429 1344 496 1384 sit.
544 1343 675 1396 Apud
708 1357 781 1385 eos
814 1356 999 1397 quoque,
1035 1343 1119 1396 qui,
1154 1346 1202 1384 ut
1229 1344 1381 1384 Latine
1406 1342 1610 1393 scribant,
1644 1354 1825 1395 operam

315 1508 594 1552 providentiam,
632 1508 681 1542 sic
708 1508 990 1552 interrogarent:
1011 1510 1270 1542 ‘Laudem-ne
1303 1507 1353 1550 (id
1387 1511 1441 1542 est
1474 1507 1588 1541 enim:
1628 1503 1825 1548 Zaudari?),

316 1569 395 1602 sed:
423 1569 609 1602 Laudetne
624 1569 848 1611 quisquam?‚
876 1579 952 1606 nec,
981 1568 1079 1612 quod
1104 1571 1214 1611 caput
1231 1570 1295 1605 est,
1324 1567 1521 1611 quicquam
1542 1567 1585 1600 ad
1606 1565 1826 1600 sententiam

317 1628 510 1661 absurdius
549 1638 658 1670 quam
698 1627 757 1660 hic
795 1630 858 1661 aut
890 1627 1055 1661 tribunos
1089 1626 1393 1670 centurionesque
1426 1626 1693 1670 providentiam
1726 1624 1827 1660 ducis

318 1686 509 1720 laudantes
528 1686 651 1720 induci
669 1689 733 1719 aut
751 1686 884 1719 milites
912 1697 993 1720 eam
1020 1686 1167 1720 laudem
1194 1697 1267 1720 non
1293 1686 1462 1719 ferentes.
1501 1686 1672 1719 Ruebant
1693 1684 1826 1718 milites

320 1746 355 1779 in
382 1746 537 1786 hostem,
577 1745 870 1789 retinentemque
903 1745 1033 1779 ducem
1060 1745 1284 1789 proditorem
1311 1744 1555 1789 appellabant.
1607 1744 1740 1778 Contra
1766 1743 1828 1777 ubi

319 1804 535 1838 describitur
560 1804 772 1848 paenitentia
799 1804 957 1838 militum
983 1816 1049 1838 suo
1078 1804 1310 1838 incommodo
1337 1803 1621 1844 admonitorum,
1658 1802 1709 1837 ibi
1743 1813 1828 1837 vero

319 1867 416 1898 recte
442 1864 504 1897 illa
536 1863 774 1908 providentiae
806 1863 967 1897 laudatio
1002 1867 1320 1897 commemoratur.
1373 1862 1540 1906 [Prorsus
1566 1873 1735 1906 perverse
1761 1861 1829 1895 hac

320 1923 438 1957 forma
464 1923 668 1957 abutuntur
694 1922 843 1967 quidam
870 1922 906 1956 in
934 1923 1114 1957 Ciceronis
1141 1923 1254 1956 Bruto
1281 1922 1301 1964 ξ
1326 1922 1404 1964 196,
1432 1926 1472 1956 ut
1499 1922 1697 1956 defendant
1723 1920 1829 1954 libro-

320 1994 402 2017 rum
429 1982 665 2026 scripturam:
700 1993 811 2026 qaam
836 1984 1035 2025 captiosam
1061 1993 1133 2015 esse
1153 1983 1288 2025 populo
1315 1985 1381 2016 cet.
1432 1981 1511 2015 Non
1544 1981 1658 2015 oratio
1690 1980 1769 2024 ipsa
1795 1981 1831 2014 et

320 2043 433 2076 verba
459 2041 628 2075 Scaevolae
654 2040 702 2074 ibi
729 2041 942 2082 redduntur,
981 2041 1044 2074 sed
1079 2040 1269 2082 indicatur,
1309 2041 1353 2075 de
1388 2040 1519 2084 quibus
1555 2040 1663 2074 rebus
1689 2038 1829 2079 dixerit,

323 2102 529 2145 quibusque
562 2099 785 2144 argumentis
812 2110 900 2133 usus
926 2100 982 2133 sit.
1034 2098 1152 2142 1842]
1205 2098 1371 2142 [Prorsus
1410 2100 1582 2134 inusitate
1620 2098 1717 2143 apud
1754 2097 1830 2132 Liv.

323 2160 463 2201 XXVII,
497 2159 553 2199 40,
586 2159 607 2191 2
634 2159 690 2193 his
716 2159 852 2193 verbis:
892 2171 1002 2202 quam
1040 2160 1104 2193 illa
1142 2165 1286 2203 anyeret
1325 2171 1416 2193 cura
1453 2170 1518 2203 pro
1551 2157 1832 2205 interrogatione

324 2218 498 2263 pendenti
523 2218 713 2252 subiicitur
739 2218 843 2262 quasi
869 2218 906 2252 in
932 2218 1052 2252 media
1078 2218 1241 2252 oratione
1268 2219 1415 2263 obliqua
1441 2220 1518 2252 haec
1540 2215 1831 2261 interrogationis

325 2278 442 2312 forma
468 2277 625 2311 infinita:
653 2288 741 2321 quos
767 2282 841 2311 tam
864 2279 1043 2321 propitios
1068 2278 1154 2311 urbi
1178 2283 1283 2322 atque
1308 2280 1458 2321 imperio
1482 2279 1560 2321 fore
1585 2279 1677 2319 deos,
1706 2281 1743 2310 ut
1764 2278 1830 2310 cet.

325 2337 469 2378 Vereor,
496 2347 542 2370 ne
569 2340 654 2371 ante
680 2338 764 2370 urbi
789 2336 962 2370 exciderit
983 2338 1265 2378 arbitrarentur,
1293 2337 1397 2371 oculo
1425 2337 1469 2370 ab
1496 2336 1624 2370 litteris
1651 2336 1746 2370 arbit
1772 2334 1832 2368 ab·

326 2399 470 2430 errante
497 2397 542 2430 ad
572 2397 668 2433 zcrbz'3
695 2395 732 2431 in
759 2396 786 2429 P
814 2398 867 2429 est
893 2395 1017 2438 arbit]

269 2451 300 2496 1)
325 2452 448 2497 [Velut
474 2455 510 2488 in
537 2458 622 2488 noto
649 2455 727 2488 loco
755 2454 928 2489 orationis
955 2455 1200 2490 Ciceronianae
1227 2456 1270 2489 de
1298 2455 1383 2499 imp.
1402 2454 1565 2498 Pompeii
1586 2452 1685 2496 §20:
1713 2454 1834 2496 copias

327 2519 477 2548 ornatas
501 2515 614 2556 fnisse
643 2532 684 2536 —
712 2514 835 2547 urbem
860 2515 1037 2549 obsessam
1064 2526 1146 2548 esse.
1197 2515 1275 2548 Non
1308 2517 1406 2548 recte
1433 2513 1588 2547 Haasius
1614 2513 1660 2547 ad
1685 2511 1833 2556 Reisigii

327 2572 469 2606 scholas
503 2572 547 2606 de
573 2583 724 2616 gramm.
752 2573 829 2606 Lat.
857 2576 930 2607 not.
958 2572 1027 2605 447
1062 2576 1170 2616 negat
1204 2573 1396 2607 discrimen
1430 2583 1606 2616 apparere
1639 2572 1736 2615 apud
1763 2571 1833 2606 Cic.

328 2632 372 2665 de
404 2631 443 2665 N.
477 2632 518 2665 D.
546 2632 576 2665 II
609 2630 630 2673 ἕ
657 2631 718 2665 11:
756 2633 840 2666 vitio
873 2633 943 2665 sibi
974 2633 1247 2666 tabernaculum
1280 2637 1424 2675 captum
1454 2633 1578 2674 fuisse.
1635 2629 1835 2674 Apparebit

330 2690 454 2734 magis,
491 2690 520 2723 si
547 2691 662 2724 active
689 2690 839 2724 dixeris:
872 2692 956 2725 vitio
988 2702 1023 2724 se
1049 2692 1323 2725 tabernaculum
1348 2696 1492 2734 captum
1517 2690 1694 2732 habuisse,
1729 2689 1764 2722 h.
1792 2699 1833 2730 e.,

329 2761 437 2783 usum
462 2760 534 2783 esse
561 2749 611 2791 (in
638 2749 792 2782 comitiis
818 2748 1010 2791 habendis)
1044 2751 1274 2784 tabernaculo
1299 2751 1384 2784 vitio
1411 2754 1513 2792 capto
1539 2747 1639 2791 (ante
1664 2745 1834 2791 comitia).

331 2806 450 2851 1842]
501 2808 607 2852 Apud
634 2808 777 2842 Livium
805 2808 864 2849 ΙΙΙ,
891 2808 947 2849 39,
983 2809 1003 2841 9
1030 2808 1081 2843 sic
1106 2809 1218 2842 verba
1243 2808 1534 2852 interpungenda
1559 2810 1661 2842 sunt:
1694 2808 1835 2850 Fuisse,

330 2868 474 2910 reyz'bus
500 2869 645 2907 exactis,
673 2869 852 2909 patricios
879 2870 1127 2911 mayz'stratus,
1161 2872 1297 2901 creatos
1316 2871 1443 2910 postea
1471 2893 1478 2900 .
1507 2893 1513 2901 .
1542 2893 1549 2900 .
1569 2867 1735 2910 plebeios,
1774 2864 1837 2899 ubi

332 2926 440 2970 vulgo
466 2927 596 2960 Fuisse
622 2931 759 2959 creatos
792 2925 957 2969 iungunt.
1009 2924 1132 2970 [Apud
1160 2926 1229 2960 Cic.
1256 2937 1291 2969 p.
1319 2925 1487 2968 Quinctio
1513 2924 1570 2967 29,
1602 2924 1647 2958 89
1681 2924 1837 2958 scriben-

333 2985 420 3019 dum
448 2985 609 3019 videtur:
629 2985 855 3028 prohibitum
881 2986 1052 3028 quievisse
1079 2984 1213 3019 omisso
1237 2982 1378 3028 fuisse]
