1915 3235
845 72 929 113 359

211 200 256 243 C.
282 201 350 251 22,
384 200 441 242 5O
471 202 605 242 miror
635 201 831 242 relictum
863 201 919 242 ab
945 200 1102 242 Orellio
1133 200 1535 242 manifestissimum
1560 201 1683 242 addi-

92 273 354 313 tamentum:
403 272 629 325 exemplum
678 273 742 312 rei
765 271 946 325 publicae
985 271 1272 324 clefemiendoe‚
1321 271 1436 323 quod
1483 271 1684 324 languide

92 342 287 383 adhaeret
326 343 368 382 et
410 341 646 383 orationem
689 341 848 390 tardat,
896 341 1066 394 illepide
1111 341 1330 394 duplicata
1372 341 1682 394 appellatione;

91 412 218 454 nimis
250 414 461 466 praeterea
493 414 623 453 tenue
655 411 951 465 defendendoe3
983 425 1086 453 nam
1110 412 1394 453 defendendae
1417 412 1477 452 rei
1499 412 1684 465 publicae

92 496 118 524 a
150 483 295 524 multis
328 482 573 535 exemplum
606 482 719 523 sumi
750 484 934 534 poterat,
977 482 1298 532 conservandae,
1339 485 1387 523 ut
1419 482 1441 535 ἓ
1473 483 1529 524 49
1564 483 1682 531 dixit,

91 555 146 595 ab
180 566 243 603 eo,
285 553 357 606 qui
389 552 469 594 sibi
501 553 575 593 uni
609 556 874 594 conservatae
906 553 1202 595 testimonium
1236 554 1386 595 datum
1419 554 1685 607 gloriabatur

91 623 151 677 (in
184 624 276 665 Cat.
309 624 375 672 IV,
423 623 489 673 10,
535 623 591 664 20
624 625 668 663 et
698 621 831 675 alibi).
895 623 947 664 Et
989 624 1193 665 omittunt
1234 624 1305 665 illa
1349 625 1483 666 Verba
1516 625 1684 666 codices

90 695 240 743 Paris„
274 694 414 743 Bern„
449 696 653 746 quattuor
685 693 966 735 Oxonienses.
1015 694 1144 748 Origo
1178 698 1323 736 autem
1351 696 1608 748 perspicitur
1634 709 1685 736 ex

91 765 169 806 Ox.
204 765 254 815 T,
287 765 331 806 in
364 778 447 818 quo
480 765 711 806 omittitur:
760 765 988 819 exemplum
1018 765 1120 818 fidei
1143 766 1337 820 publicae„
1378 767 1470 808 istis
1505 766 1559 807 ad
1592 780 1685 808 sar-

93 835 292 876 ciendum
340 835 558 876 defectum
605 832 911 888 substitutis.¹)
994 836 1130 878 Paulo
1177 840 1275 890 post
1319 850 1353 878 c.
1388 837 1463 887 23,
1508 836 1564 877 52
1606 851 1685 890 pro

90 906 316 961 Nunquam
366 908 493 955 enim,
543 906 658 958 quod
707 909 956 959 corruptum
990 910 1074 957 est⁷
1124 908 1396 960 aptissimum
1444 912 1559 948 certe
1607 907 1687 949 erit

90 977 316 1032 Nunquam
352 977 539 1031 (lenique.
602 977 757 1018 Paucis
791 977 934 1018 verbis
968 980 1068 1019 ante
1108 979 1259 1019 melior
1300 983 1365 1019 est
1398 978 1554 1020 codicis
1586 979 1684 1019 Par.

91 1048 195 1089 Ordo
227 1062 349 1089 suum
381 1053 578 1089 terrorem
615 1046 710 1100 (pro
742 1053 940 1088 terrorem
975 1047 1128 1101 suum).

206 1119 253 1159 In
287 1132 321 1159 c.
355 1119 423 1168 24,
466 1120 523 1160 54
555 1119 609 1160 ad
643 1119 823 1171 vestigia
858 1119 1053 1160 codicum
1086 1133 1173 1161 non
1206 1119 1564 1172 interpolatorum
1597 1120 1685 1161 for-

90 1193 206 1230 tasse
237 1190 368 1242 paulo
400 1191 577 1243 propius
611 1190 880 1239 accedemus,
923 1190 957 1230 si
990 1190 1252 1231 scribemus:
1294 1191 1402 1231 inter
1440 1204 1573 1230 meum
1616 1204 1686 1231 ex-

90 1261 194 1301 itum
249 1265 285 1301 et
328 1261 547 1315 prcedam,
602 1263 650 1301 ut
704 1261 855 1301 exitum
914 1261 1201 1314 depravatum
1257 1262 1311 1302 sit
1364 1261 1407 1301 in
1461 1266 1497 1302 et
1550 1275 1685 1302 sumn.

87 1331 285 1372 Alterum
318 1345 557 1384 pronomen
589 1334 731 1384 potest
765 1332 940 1380 abesse3
983 1344 1085 1372 nam
1120 1332 1250 1373 etiam
1289 1332 1499 1373 Ciceronis
1529 1332 1685 1386 proedct

87 1404 203 1442 recte
236 1402 402 1451 dicitur,
441 1402 485 1443 id
517 1405 595 1451 est2
645 1403 697 1443 de
731 1402 935 1444 Cicerone
975 1406 1116 1456 capta.
1180 1402 1323 1443 Dubia
1355 1405 1504 1444 tamen
1537 1416 1684 1444 emen-

89 1472 206 1513 datio
240 1475 317 1513 est.

205 1543 251 1584 In
283 1543 376 1585 loco
409 1544 613 1586 lacunoso
647 1557 681 1585 c.
716 1544 785 1593 25,
826 1544 882 1585 55
922 1545 1110 1597 primum
1145 1557 1167 1585 e
1201 1544 1346 1585 codice
1379 1544 1611 1586 Parisiensi
1644 1548 1687 1586 et

87 1613 214 1654 Bern.
247 1615 545 1666 reponendum
579 1616 643 1656 est
677 1620 712 1655 et
744 1616 819 1655 um'
850 1615 1033 1656 helluoni
1064 1620 1210 1668 prout
1238 1616 1313 1656 uni
1334 1615 1536 1663 helluoni:
1570 1618 1685 1657 recte

86 1685 147 1725 ita
178 1684 260 1726 hoc
293 1685 499 1738 adiungit,
542 1688 752 1738 tanquam
793 1686 837 1726 id
868 1687 1011 1738 ipsum
1045 1686 1219 1727 Clodius
1251 1686 1293 1726 in
1327 1686 1419 1738 lege
1453 1686 1683 1739 scripserit.

86 1755 261 1797 Lacuna
300 1769 386 1797 uno
427 1756 573 1797 addito
613 1756 826 1797 vocabulo
876 1757 1036 1809 expleri
1083 1770 1170 1797 non
1217 1759 1379 1809 potest3
1429 1770 1685 1810 quocunque

87 1827 201 1867 enim
233 1827 326 1868 loco
358 1827 566 1879 posueris,
601 1827 706 1868 ordo
738 1827 971 1868 verborum
1004 1827 1241 1876 laborabit3
1274 1827 1392 1868 velut
1416 1827 1459 1867 in
1483 1828 1685 1880 Naugerii

87 1899 128 1938 et
160 1897 401 1950 vulgarium
434 1897 630 1939 codicum
662 1898 876 1950 scriptura
900 1903 1086 1951 potestas
1115 1897 1244 1950 fieret,
1279 1899 1394 1950 quod
1427 1899 1483 1939 ad
1514 1902 1684 1940 utrum-

87 1980 170 2020 que
203 1968 448 2009 membrum
481 1968 681 2021 pertinet,
730 1968 843 2009 male
884 1969 1008 2009 alteri
1047 1968 1190 2009 medio
1222 1969 1444 2017 inseritur;
1494 1969 1684 2011 debebat

86 2040 161 2079 aut
192 2039 303 2079 inter
334 2041 566 2092 utrumque
600 2040 702 2092 poni
726 2038 843 2092 (post
867 2039 1144 2088 deliberandi,
1179 2039 1258 2079 etsi
1283 2041 1376 2080 tum
1400 2040 1527 2081 nimis
1554 2041 1685 2082 breve

89 2109 273 2151 alterum
307 2109 438 2162 esset)
471 2112 545 2151 aut
579 2113 772 2151 extremo
805 2109 911 2150 loco.

205 2180 251 2221 C.
285 2181 353 2229 27,
395 2181 450 2222 58
491 2180 736 2222 necessario
769 2180 990 2233 duplicata
1021 2180 1163 2222 littera
1197 2181 1472 2222 scribendum
1514 2194 1607 2222 esse
1649 2187 1686 2223 et

87 2264 113 2291 a
146 2250 197 2291 L.
232 2251 421 2304 Lucullo,
469 2265 627 2292 summo
678 2252 764 2291 ciro
813 2256 934 2305 atque
980 2252 1232 2305 imperatore
1279 2250 1374 2304 (pro
1415 2266 1438 2292 α
1474 2251 1682 2305 Lucullo),

86 2321 335 2374 intelligent,
385 2323 457 2374 qui
496 2322 775 2363 attenderunt
815 2322 871 2362 ad
909 2335 1036 2363 usum
1070 2323 1251 2364 oratoris
1285 2322 1329 2363 in
1359 2323 1572 2375 ponendis
1605 2336 1683 2364 no-

85 2391 273 2432 minibus
307 2405 455 2434 eorum
488 2393 725 2441 hominum,
760 2406 868 2446 quos
902 2395 1031 2434 antea
1063 2394 1107 2434 in
1139 2393 1293 2434 eadem
1318 2394 1512 2434 oratione
1536 2394 1684 2435 locove

123 2530 150 2574 ¹)
176 2532 290 2567 Paulo
316 2537 401 2568 ante
427 2533 517 2567 nihil
543 2533 673 2568 melius
705 2534 845 2578 reperio
873 2534 1090 2578 pantagathi
1124 2534 1348 2568 coniectura:
1388 2539 1419 2567 et
1450 2535 1498 2568 ad
1532 2536 1587 2567 rei
1612 2546 1684 2577 pn-

180 2591 278 2625 blicoe
301 2593 438 2635 fatmm
477 2596 531 2626 est
562 2596 687 2627 tamen
713 2603 787 2627 non
821 2593 954 2627 usitate
981 2593 1119 2627 dictum
1145 2596 1181 2627 et
1207 2593 1251 2627 de
1276 2593 1388 2627 Mario
1415 2592 1523 2626 nimis
1550 2593 1683 2626 durum

179 2649 341 2687 videtur:
380 2662 499 2695 neque
533 2652 631 2685 enim
659 2655 783 2695 potest
817 2652 1004 2696 explicari:
1048 2652 1331 2696 „qualiscunque
1363 2651 1513 2685 tandem
1539 2651 1683 2685 futurus

180 2712 274 2742 esset
312 2720 433 2744 rerum
473 2714 643 2748 eventus.
690 2710 813 2744 vivere
852 2710 1044 2745 decrevit“.
1108 2710 1163 2752 (ld
1209 2714 1319 2744 esset:
1366 2713 1414 2745 ad
1457 2722 1590 2745 omnem
1632 2713 1685 2744 rei

173 2768 329 2810 publieae
363 2768 576 2811 fortunam.)
628 2770 705 2803 Est:
749 2769 815 2810 „ad
852 2769 1049 2813 perniciem
1088 2769 1139 2804 rei
1177 2768 1366 2813 publicae“.
1418 2769 1489 2803 Sed
1527 2769 1593 2803 hoc
1633 2769 1683 2802 ni-

179 2837 305 2860 mlum.

1706 1130 1757 1155 464
