1915 3235
974 104 1056 145 178

217 234 378 275 foedere
427 233 600 274 sociaiae
650 233 896 274 communia
945 233 1124 274 concilia
1171 246 1269 273 cum
1318 234 1618 275 communione
1667 235 1811 288 aliqua

217 319 435 347 sacrorum
470 304 740 357 publicorum
775 304 1002 344 coniuncta
1035 303 1229 353 obibant,
1264 305 1538 356 maximeque
1571 305 1684 346 bella
1711 318 1812 346 con-

218 377 369 416 iunctis
404 375 565 415 viribus
598 375 821 427 gerebant,
871 377 918 415 ut
957 374 1108 427 praeda
1147 374 1190 415 in
1231 387 1459 415 commune
1493 375 1683 425 cederet3
1731 389 1810 417 nec

216 451 363 488 tamen
396 446 572 498 singulae
607 443 800 486 civitates
834 445 1196 498 impediebantur,
1232 458 1316 498 quo
1349 445 1489 487 minus
1515 459 1594 487 sua
1617 459 1813 488 seorsum

218 517 393 558 consilia
418 518 634 569 caperent,
669 518 715 557 ut
741 516 878 557 multa
903 516 1156 557 Latinorum
1181 517 1380 569 exempla
1404 517 1652 558 ostendunt.
1700 517 1813 558 Nam

217 588 467 629 Latinorum
501 589 543 627 et
575 587 862 628 Hernicorum
896 587 1090 628 civitates
1123 588 1204 628 hoc
1236 587 1365 629 modo
1399 587 1649 629 coniunctas
1683 588 1813 629 fuisse

216 659 488 700 notissimum
523 654 655 711 est¹);
697 660 888 699 ceterum
923 661 965 699 et
997 658 1053 699 ad
1086 658 1268 699 Etruriae
1301 659 1482 711 populos
1515 658 1596 700 hoc
1628 659 1816 711 pertinet

217 732 258 770 et
290 730 376 770 late
408 729 489 769 hoc
521 741 655 781 genus
689 731 810 782 patet
840 743 918 782 per
951 743 1123 770 omnem
1149 728 1331 770 ltaliam.
1380 729 1512 770 Extra
1534 729 1627 770 haec
1651 729 1817 771 foedera

217 803 364 841 autem
397 799 575 852 singulae
609 799 805 840 civitates
838 800 967 853 plane
1001 800 1056 841 ab
1091 800 1183 841 aliis
1218 800 1444 853 diremptae
1483 803 1525 841 et
1568 800 1692 853 quasi
1731 800 1812 841 cir-

217 871 418 912 cumcisae
451 872 587 911 erant.
651 870 872 925 Pereqriml
904 871 1114 921 homines,
1151 871 1222 924 qui
1255 871 1491 924 antiquitus
1524 871 1653 912 iidem
1685 871 1817 912 hostes

219 942 565 995 appellabantur,
614 945 824 995 tanquam
866 942 1048 983 diversae
1079 945 1261 993 naturae,
1311 944 1354 983 in
1386 942 1564 995 privatis
1596 942 1727 983 rebus
1760 942 1817 983 ad

218 1027 290 1054 eas
324 1013 426 1055 iuris
460 1014 622 1055 formas
656 1014 934 1065 actionesque
968 1026 1055 1054 non
1089 1013 1444 1063 admittebantur,
1479 1027 1575 1067 quae
1609 1014 1816 1067 cuiusque

218 1084 400 1126 civitatis
434 1086 619 1138 propriae
654 1087 778 1126 erant
810 1085 866 1125 ad
899 1097 989 1126 suae
1023 1085 1230 1137 cuiusque
1269 1084 1331 1126 rei
1365 1085 1618 1126 custodiam.
1667 1085 1817 1137 Itaque

219 1157 437 1197 communi
477 1157 667 1209 quadam
706 1156 910 1209 aequitate
951 1156 1312 1205 defendebantur,
1363 1169 1447 1208 qua
1495 1169 1657 1209 paucos
1706 1156 1817 1197 anti-

220 1227 426 1279 quissimo
473 1230 670 1280 tempore
720 1227 902 1268 confisos
952 1240 1046 1268 esse
1095 1227 1322 1280 probabile
1371 1230 1455 1277 est,
1512 1227 1572 1268 ita
1626 1230 1673 1268 ut
1719 1240 1817 1268 raro

219 1299 394 1340 omnino
441 1312 509 1339 res
550 1299 826 1351 rationesque
872 1298 984 1339 inter
1032 1298 1302 1339 diversarum
1351 1299 1575 1339 civitatum
1621 1298 1818 1339 homines

221 1371 591 1412 contraherentur.
653 1370 812 1411 Postea
854 1369 947 1410 haec
989 1369 1033 1410 in
1076 1370 1302 1410 certiorem
1343 1369 1527 1410 formam
1568 1368 1745 1409 redacta
1778 1370 1820 1409 et

219 1455 332 1483 nova
364 1441 467 1482 iuris
500 1441 697 1482 instituta
728 1441 827 1481 hinc
861 1440 979 1493 apud
1011 1441 1234 1482 Romanos
1267 1443 1363 1482 orta
1395 1442 1508 1481 sunt.
1570 1440 1660 1480 Nec
1692 1439 1818 1481 fami-

220 1513 375 1553 liarum
423 1526 558 1553 nexus
607 1512 729 1561 iuste,
779 1512 822 1553 id
863 1514 940 1561 est,
989 1511 1049 1552 ita
1088 1514 1136 1552 ut
1174 1511 1298 1552 liberi
1336 1514 1506 1564 patrem
1538 1512 1822 1563 sequerentur

220 1585 416 1637 interque
435 1597 507 1624 eos
526 1582 678 1636 patriae
697 1583 936 1635 potestatis,
971 1583 1131 1632 tutelae,
1166 1582 1419 1623 hereditatis
1438 1583 1531 1623 iura
1558 1585 1818 1630 constarent,

221 1668 317 1696 cum
352 1654 586 1707 peregrinis
614 1653 996 1695 contrahebantur.
1047 1653 1156 1694 Fieri
1185 1657 1333 1694 tamen
1357 1655 1541 1706 poterat,
1575 1655 1623 1693 ut
1646 1652 1820 1693 foederi-

220 1726 302 1767 bus
335 1726 533 1766 ineundis
571 1725 682 1766 inter
722 1725 916 1766 civitates
956 1738 1043 1766 non
1083 1738 1133 1766 eo
1173 1725 1314 1773 modo,
1365 1738 1448 1776 quo
1497 1724 1672 1764 Latinas
1721 1722 1820 1772 dixi,

150 1808 182 1831 ‘22
221 1797 389 1838 iunctas
423 1797 667 1838 communio
701 1796 846 1848 aliqua
877 1795 1016 1837 maior
1048 1796 1150 1836 iuris
1183 1795 1340 1848 privati
1374 1795 1693 1844 concederetur,
1736 1807 1821 1846 quo

222 1871 418 1921 spectare
451 1868 620 1908 videtur
652 1867 888 1920 hospitium
921 1867 1145 1920 publicum
1178 1880 1204 1907 a
1235 1866 1445 1908 Romanis
1471 1880 1567 1907 cum
1593 1864 1820 1906 Caeritibus

221 1939 375 1980 initum
409 1938 516 1992 (LiV.
549 1938 597 1988 V,
647 1937 734 1991 50).
798 1938 932 1979 Multo
975 1938 1018 1978 id
1060 1938 1198 1991 magis
1241 1937 1405 1978 factum
1447 1937 1637 1987 videtur,
1687 1949 1821 1989 quum

223 2010 372 2051 civitas
406 2009 550 2062 aliqua
582 2009 778 2062 pluribus
811 2009 898 2050 iam
929 2010 1041 2050 inter
1074 2022 1119 2050 se
1153 2008 1294 2050 foedus
1326 2008 1588 2049 habentibus
1622 2021 1674 2048 ex
1698 2020 1822 2060 aequo

223 2081 541 2134 adiungeretur,
594 2081 708 2122 velut
754 2094 885 2133 quum
928 2080 1072 2121 Roma
1114 2093 1202 2121 non
1241 2093 1328 2120 una
1361 2093 1412 2120 ex
1444 2079 1606 2120 Latinis
1640 2078 1821 2119 civitati-

222 2152 305 2193 bus
347 2152 461 2193 facta
501 2155 585 2201 est,
635 2152 712 2192 sed
760 2165 811 2192 ex
858 2151 995 2192 altera
1043 2151 1217 2192 foederis
1256 2153 1378 2203 parte
1420 2150 1620 2191 omnibus
1660 2149 1822 2190 Latinis

225 2219 457 2276 aequataf')

321 2411 488 2445 acumine
526 2413 582 2446 vel
620 2412 795 2455 ingeniosi
828 2411 1004 2451 homines,
1045 2410 1107 2454 qui
1140 2409 1191 2444 rei
1224 2421 1297 2444 non
1329 2410 1416 2444 satis
1449 2412 1544 2444 notae
1575 2408 1823 2442 laudationem

321 2470 533 2514 suscipiunt.

265 2527 291 2571 1’)
319 2527 386 2571 [De
412 2530 550 2563 Latinae
575 2530 691 2574 gentis
717 2530 860 2574 populis
894 2530 1176 2573 civitatibusque
1210 2528 1371 2562 discretis
1405 2527 1494 2561 nihil
1528 2538 1618 2571 opus
1652 2529 1706 2560 est
1738 2525 1823 2563 dici;

323 2589 366 2622 (le
392 2588 632 2622 Hernicorum
665 2590 781 2633 gentis
806 2589 948 2633 populis
982 2589 1226 2629 conferantur,
1260 2599 1340 2631 quae
1368 2587 1569 2621 Gronovius
1601 2586 1646 2620 ad
1679 2585 1755 2619 Liv.
1781 2584 1822 2626 V,

322 2646 378 2687 34,
407 2647 427 2678 5
454 2646 622 2691 collegit]

266 2705 293 2749 2)
320 2706 432 2740 Multa
458 2707 587 2740 horum
615 2706 747 2740 similia
773 2708 869 2751 apud
896 2707 1038 2742 Graecos
1066 2708 1186 2748 fuisse,
1221 2717 1375 2750 quorum
1408 2709 1531 2739 tamen
1564 2704 1688 2749 populi
1720 2704 1825 2747 longe

323 2765 445 2799 minus
471 2765 602 2799 diversi
629 2765 765 2809 origine
791 2766 1040 2810 institutisque
1068 2769 1171 2800 erant
1204 2777 1314 2810 quam
1340 2764 1470 2805 Latini,
1502 2763 1653 2804 Etrusci,
1685 2761 1823 2803 Umbri,

325 2824 517 2865 Samnites,
550 2828 678 2858 notum
705 2829 769 2858 est.
821 2825 990 2859 Ceterum
1017 2826 1093 2859 haec
1120 2836 1161 2859 eo
1187 2825 1301 2868 magis
1334 2824 1545 2858 summatim
1579 2822 1690 2866 attigi,
1729 2821 1826 2865 quod

325 2887 438 2917 totam
476 2883 663 2917 Niebuhrii
701 2884 745 2917 de
783 2883 963 2927 isopolitia
1001 2887 1037 2918 et
1075 2883 1271 2928 municipio
1306 2883 1588 2927 disputationem
1622 2880 1826 2915 accuratius

323 2942 524 2975 limandam
550 2946 638 2986 puto
665 2946 701 2976 et
727 2953 897 2986 magnam
925 2943 1001 2976 eius
1027 2946 1169 2987 partem
1196 2942 1439 2983 reficiendam,
1467 2942 1510 2976 de
1529 2952 1600 2985 quo
1617 2940 1726 2985 paulo
1743 2942 1826 2984 post
