1915 3235
135 973 187 999 383

959 124 1045 166 310

206 254 478 296 constituitur
510 254 725 295 rhetorica
756 254 981 295 notionum
1010 253 1238 307 dignitate;
1272 254 1329 295 ad
1352 253 1682 307 grammaticam
1704 267 1802 296 ora-

204 326 332 367 tionis
365 325 552 366 formam
584 324 842 365 mutandam
874 324 969 377 ipsa
1002 324 1179 365 demum
1201 325 1426 366 notionum
1448 327 1605 366 natura
1628 327 1671 366 et
1692 326 1803 367 inter

206 409 251 437 se
284 397 393 438 ratio
425 397 595 436 mutata
627 394 714 435 vim
747 394 937 447 aliquam
969 395 1116 436 habet.
1166 395 1336 436 Scilicet
1368 396 1535 448 quoties
1562 395 1619 436 ad
1640 396 1802 449 facien-

205 467 305 507 dum
339 466 503 521 aliquid
535 465 729 515 dicimus,
769 479 942 519 semper
974 466 1050 516 vis,
1099 468 1147 507 ut
1178 466 1426 519 loquuntur,
1476 468 1541 507 est
1573 467 1615 507 in
1648 467 1802 517 verb03

204 551 344 590 neque
378 537 492 578 einm
526 537 579 578 de
612 550 657 578 re
690 537 907 590 loquimur
939 537 1150 587 absolute,
1184 537 1262 578 sed
1295 537 1347 578 de
1379 537 1461 578 hoc
1483 538 1590 590 ipso,
1625 537 1678 578 de
1711 537 1804 579 effi-

206 608 358 650 cienda
397 621 465 658 re;
513 608 659 660 itaque
699 608 814 649 istud
852 621 1028 660 prorsus
1073 608 1225 650 eodem
1263 608 1355 649 iure
1394 607 1496 660 fingi
1527 608 1571 648 in
1602 608 1804 650 omnibus

206 680 296 721 eius
345 678 514 733 generis
561 679 798 732 participiis
846 680 1003 731 potest.
1066 679 1193 720 Velut
1235 679 1352 731 quod
1389 678 1706 720 Ramshornius
1749 679 1806 720 ad

205 751 295 792 Liv.
331 750 414 800 VII,
449 749 476 791 5
509 747 585 802 (ad
617 749 925 790 conciliandum
956 747 1160 803 qratiam)
1201 751 1402 791 annotat:
1458 749 1609 799 „Nicht
1640 751 1803 791 concili-

207 821 379 873 andam,
412 834 492 861 zur
525 820 674 873 Gunst,
708 820 775 860 die
803 820 1012 861 eru-orben
1044 820 1209 862 elwrden
1241 822 1367 874 sollte,
1401 820 1582 862 sondern
1612 835 1691 862 aur
1724 821 1805 861 Er-

209 892 401 946 werbzmy
433 890 684 941 derselbeoeeff
723 891 850 932 velim
884 892 1006 941 scire,
1042 891 1158 944 quod
1190 893 1335 933 statim
1362 905 1385 932 e
1411 891 1625 933 contrario
1649 905 1804 944 genere

206 965 346 1017 ponit:
383 963 500 1004 homo
534 976 691 1016 masma
722 961 844 1002 habet
875 963 1153 1004 instrumenta
1187 963 1245 1003 ad
1276 962 1541 1003 obtimmlam
1574 962 1806 1017 adipiscen-

207 1035 386 1089 damque
418 1035 684 1088 sapientiam,
726 1034 919 1075 soleatne
958 1034 1235 1087 interpretari
1268 1034 1482 1075 contrario
1515 1034 1658 1083 modo,
1699 1046 1806 1075 non:

214 1120 315 1156 „zur
348 1105 607 1159 Erwerbuny
640 1104 716 1145 der
758 1103 993 1155 Weisheit‚“
1032 1105 1132 1146 sed:
1172 1119 1273 1156 „zur
1315 1105 1524 1157 W'eisleeit,
1558 1105 1626 1145 die
1659 1119 1807 1146 erwor-

209 1177 283 1218 ben
316 1176 481 1217 werden
513 1176 626 1217 soZZ.“
681 1176 835 1217 Taedet
866 1175 910 1216 in
941 1176 1007 1217 his
1040 1177 1213 1217 morari.
1262 1176 1348 1217 Sed
1381 1189 1433 1216 ex
1465 1175 1625 1217 talibus
1649 1189 1809 1229 magna

208 1262 309 1302 pars
343 1248 453 1289 illius
486 1247 583 1288 libri
616 1250 798 1289 constat.
861 1247 919 1287 Ut
950 1247 1081 1300 paulo
1114 1249 1212 1300 post
1243 1261 1285 1300 p.
1319 1247 1403 1288 648
1437 1248 1480 1288 in
1513 1248 1703 1289 ablativo
1735 1261 1809 1301 ge·-

208 1319 350 1361 rundii
384 1317 678 1360 accusativum
712 1320 887 1371 regente
921 1318 1074 1359 eodem
1107 1319 1306 1359 acumine
1338 1332 1441 1360 usus
1475 1319 1531 1360 ad
1563 1320 1652 1360 LiV.
1678 1319 1808 1369 XXV,

210 1390 264 1431 38
299 1389 542 1443 (dividendo
575 1387 733 1443 copias)
767 1388 995 1430 adscribit:
1042 1389 1193 1438 „Nielzt
1225 1389 1359 1430 durch
1391 1389 1460 1430 die
1497 1389 1696 1444 Trchpen
1729 1389 1810 1443 (di-

211 1461 400 1502 videndis
433 1458 591 1514 copiis),
626 1460 806 1500 scudem
840 1460 973 1500 durch
1006 1460 1085 1501 das
1124 1460 1296 1501 Thcz'len
1329 1461 1541 1502 derselben
1573 1474 1715 1501 swam-n
1752 1461 1811 1502 sie

208 1531 512 1587 unylz‘teklich.“
580 1531 731 1584 Itaque
775 1531 891 1583 quod
934 1531 1130 1583 proxima
1172 1531 1331 1584 pagina
1373 1533 1495 1585 ponit
1535 1530 1604 1585 (ex
1637 1532 1722 1573 Cic.
1757 1531 1809 1572 de

209 1603 328 1646 Orat.
363 1604 430 1653 ΙΙΙ,
468 1601 559 1655 10):
613 1601 759 1643 Omnis
797 1601 991 1656 loquenda?
1030 1603 1237 1657 eleycmtia
1277 1608 1455 1657 ctuyetm·
1494 1602 1678 1657 leyendis
1716 1616 1810 1644 ora-

208 1675 367 1716 toribus
416 1679 451 1714 et
491 1674 638 1728 poetis,
688 1674 1065 1726 interpretabitur:
1121 1674 1278 1723 „dmeh
1326 1675 1394 1715 die
1443 1674 1649 1724 Hedum-ff
1702 1687 1810 1715 non:

216 1746 373 1796 „durch
421 1745 500 1786 das
548 1744 681 1785 Lesen
729 1745 805 1785 der
852 1744 1046 1785 Redner“
1106 1743 1306 1798 (legendo
1354 1744 1580 1798 oratores).
1659 1745 1810 1798 Neque

209 1819 354 1859 nescio
393 1817 436 1857 in
474 1817 630 1858 horum
678 1829 759 1856 usu
808 1815 999 1868 aliquam
1046 1816 1241 1869 regulam
1290 1829 1397 1866 esse,
1447 1817 1524 1857 sed
1571 1816 1716 1866 talem,
1765 1818 1812 1858 ut

211 1889 365 1930 eadem
398 1887 710 1941 significatione
742 1886 785 1927 in
818 1886 944 1927 certis
978 1887 1290 1928 vocabulorum
1322 1887 1552 1940 gereribus
1587 1889 1629 1928 et
1661 1887 1810 1928 formis

212 1958 672 2010 coniunctionibusque
720 1957 855 1999 altero
910 1958 1040 2000 modo
1087 1959 1231 2011 potius
1285 1960 1484 2008 utantur;
1540 1972 1618 1999 nec
1666 1958 1814 2000 Cicero

209 2030 322 2084 falso
352 2029 527 2082 fatendo
560 2042 638 2081 pro
669 2028 830 2081 f'alsvzmzf
868 2028 1044 2081 fatendo
1083 2043 1163 2070 nec
1196 2029 1339 2070 Livius
1382 2030 1515 2070 medio
1553 2044 1594 2070 se
1632 2029 1813 2084 yerendo

212 2115 290 2154 pro
322 2100 504 2141 «moechum
538 2114 579 2141 se
614 2099 794 2154 yerendo
830 2099 900 2152 (Π,
936 2101 989 2140 27
1025 2099 1121 2152 [cfr.
1155 2101 1222 2150 ΙΙΙ,
1261 2101 1326 2149 19,
1361 2100 1508 2151 XXIV,
1544 2099 1638 2153 31])
1672 2100 1814 2141 dicere

212 2174 395 2225 poterat.
459 2171 625 2212 Deinde
668 2172 848 2212 affertur
890 2184 941 2211 ex
975 2174 1083 2212 orat.
1117 2185 1195 2224 pro
1227 2172 1340 2212 Ral).
1375 2172 1491 2212 Post.
1530 2172 1594 2221 16,
1628 2171 1705 2211 44:
1756 2170 1813 2211 ad

213 2243 557 2296 labefactandum
597 2243 711 2283 illatus
743 2243 1003 2297 diqniz‘atem.
1067 2242 1142 2283 Est
1189 2242 1270 2283 hoc
1318 2242 1494 2282 omnino
1541 2255 1808 2295 perversum,

214 2327 348 2368 quum
382 2314 435 2354 de
467 2313 759 2366 grammaticis
794 2314 924 2354 rebus
958 2316 1189 2366 quaeratur,
1231 2313 1293 2355 iis,
1336 2326 1433 2365 quae
1466 2326 1568 2354 vera
1602 2313 1814 2366 comperi-

213 2387 342 2426 antur
373 2385 416 2425 in
449 2384 649 2425 omnibus
682 2384 732 2425 iis
764 2385 897 2433 libris,
932 2385 1005 2437 qui
1028 2385 1083 2425 ad
1107 2384 1273 2426 codices
1298 2389 1371 2424 aut
1400 2384 1538 2425 bonos
1561 2386 1636 2425 aut
1658 2384 1812 2425 saltem

214 2456 438 2509 diligenter
470 2456 685 2508 inspectos
720 2457 859 2497 exacti
899 2456 996 2505 sint,
1045 2455 1230 2496 obiicere
1269 2468 1403 2495 unum
1445 2455 1632 2508 aliquem
1672 2454 1814 2496 locum

214 2539 363 2568 eorum
397 2526 667 2579 scriptorum,
701 2528 744 2567 in
778 2527 933 2579 quibus
966 2540 1020 2567 ne
1042 2527 1168 2567 unius
1198 2526 1373 2578 quidem
1398 2526 1553 2567 codicis
1576 2526 1812 2578 scripturas

215 2599 463 2639 constanter
495 2599 667 2638 notatas
697 2594 1001 2649 habeamus¹)‚
1036 2600 1131 2638 uta
1152 2596 1355 2646 Verrinis,
1390 2596 1651 2648 Philippicis,
1684 2595 1814 2636 Plan-

215 2669 352 2718 ciana,
387 2668 632 2717 Miloniana,
667 2681 781 2709 nunc
815 2669 946 2709 etiam
978 2671 1078 2721 post
1100 2667 1186 2709 Erf.
1222 2667 1314 2708 cod.
1339 2667 1543 2708 collatum
1567 2665 1812 2715 Maniliana,

214 2741 314 2792 post
346 2738 616 2779 Classenium
651 2738 908 2780 Cluentiana
941 2739 1121 2792 aliisque
1163 2739 1326 2791 aliquot
1364 2751 1596 2780 avocemur
1629 2736 1685 2778 ad
1716 2749 1814 2777 ora-

253 2902 280 2942 2)
307 2904 359 2938 De
398 2902 663 2937 Oxoniensihus
704 2902 772 2936 vid.
813 2914 894 2947 quae
932 2903 1003 2937 dixi
1043 2903 1079 2938 in
1117 2903 1255 2948 praefat.
1295 2903 1340 2937 ad
1372 2903 1437 2936 XII
1472 2904 1577 2937 oratt.
1616 2899 1812 2934 editionem

310 2974 342 3006 p.
371 2961 450 2996 114.
