1915 3235
866 106 950 147 749

113 236 226 277 cium
270 236 475 278 orationis
517 236 743 289 diligenter
788 235 1136 285 consideraverit,
1185 235 1405 288 intelliget,
1455 234 1706 275 Ciceronem

111 319 197 348 non
230 307 378 348 statim
410 307 714 360 interrogando
747 320 917 360 negare,
952 307 994 347 in
1026 306 1268 348 hereditate
1293 305 1578 346 festinationis
1604 317 1707 345 cau-

113 390 209 419 sam
241 377 385 426 fuisse,
427 378 631 430 quoniam
665 377 857 418 nondum
892 377 1159 430 significavit,
1201 390 1297 418 eam
1331 389 1508 417 causam
1540 375 1596 416 ab
1630 374 1706 416 ad-

111 447 312 488 versariis
346 447 530 489 fortasse
561 448 757 501 proferri,
792 449 880 497 sed,
915 451 1146 501 postquam
1178 447 1392 495 universe,
1429 460 1526 499 quae
1558 445 1710 486 fuisset

114 530 257 566 causa,
292 517 522 570 quaesierit,
556 518 681 571 quasi
705 519 948 572 suspicione
973 520 1258 572 occupantem
1282 518 1548 569 interrogare
1573 515 1711 569 (Quod

113 587 232 629 heres
265 587 414 641 erata,
455 589 610 630 deinde
642 589 698 639 id,
741 590 855 642 quod
895 589 977 630 dici
1010 602 1138 642 posse
1170 589 1414 641 suspicatus
1446 587 1513 637 sit,
1561 586 1711 627 redar-

115 671 258 712 guere.
342 659 493 712 Itaque
548 660 775 701 artificium
824 660 1029 701 orationis
1077 662 1300 701 assecutus
1349 660 1461 707 erat,
1520 656 1713 710 quisquis

115 729 280 782 primus
329 743 381 771 ex
428 731 665 772 editoribus
713 731 905 784 scripsit:
968 730 1079 782 Quid
1127 729 1329 783 afferebat
1373 727 1716 782 festinationem?

120 799 239 851 Quod
270 800 388 841 heres
420 802 541 842 erat?
585 801 672 842 Sed
703 803 886 854 praestat
919 801 1111 842 codicem
1144 800 1445 843 Coloniensem
1480 798 1616 851 sequi.

235 871 314 912 His
347 884 567 924 perpauca
599 873 759 913 addam
793 872 989 913 ordinem
1022 872 1214 913 locorum
1247 884 1448 924 sequens.

236 940 259 993 ξ
286 942 336 982 17
371 955 476 983 115115
509 956 605 983 511111
638 944 884 984 necessaria
917 943 1180 984 correctione
1212 942 1359 983 mendi
1390 940 1615 995 pervagati
1637 954 1715 993 pro

118 1025 290 1053 suorum
332 1014 385 1054 sit
428 1014 621 1055 scribens
665 1019 894 1063 suormnst;
944 1013 1240 1055 coniunctivus
1283 1012 1385 1053 ferri
1426 1012 1543 1053 nullo
1586 1011 1715 1052 modo

118 1084 291 1135 poterat
321 1083 364 1124 in
396 1083 478 1125 hac
521 1085 726 1126 orationis
766 1085 925 1127 forma:
975 1099 1017 1125 eo
1057 1085 1238 1125 atrocior
1281 1084 1372 1135 erit,
1421 1082 1530 1138 quod
1562 1106 1616 1109 —
1649 1082 1715 1130 sit,

120 1155 164 1195 et
209 1153 251 1194 in
300 1167 352 1195 ea
397 1168 457 1205 re,
506 1155 549 1196 in
592 1169 677 1209 qua
716 1156 835 1197 nulla
874 1155 1025 1197 alienae
1066 1154 1291 1197 5011101111εο
1331 1153 1584 1207 significatio
1623 1165 1717 1193 esse

119 1227 281 1278 posset.
294 1222 327 1277 1)

240 1294 263 1347 ἓ
297 1296 352 1337 33
386 1297 428 1337 in
460 1297 553 1338 loco
586 1298 703 1350 apud
736 1297 1048 1348 Quintilianum
1082 1298 1254 1336 servato
1286 1295 1418 1344 tenui,
1461 1294 1577 1346 quod
1615 1305 1719 1333 sane

121 1365 166 1406 in
208 1366 373 1419 exiguae
414 1369 583 1408 tantum
635 1368 734 1409 fidei
785 1368 1003 1409 codicibus
1046 1366 1266 1407 scribitur:
1318 1366 1404 1406 rivo
1447 1364 1624 1415 Milone,
1672 1377 1722 1403 m>-

123 1436 262 1478 dicam
294 1439 469 1487 consule,
504 1452 581 1491 pro
615 1452 699 1491 quo
733 1439 930 1479 Baiterus
964 1440 1006 1478 et
1037 1437 1081 1478 in
1113 1437 1278 1478 minore
1312 1436 1498 1477 editione
1521 1434 1720 1475 Halmius

123 1512 374 1561 posuerunt,
409 1510 526 1562 quod
547 1510 590 1550 in
613 1510 863 1551 melioribus
897 1511 981 1549 est:
1016 1509 1105 1549 vivo
1140 1507 1309 1560 Milone,
1346 1521 1425 1547 non
1458 1506 1597 1546 dicam
1630 1519 1721 1545 con-

123 1579 223 1629 sule,
273 1582 422 1621 contra
465 1581 751 1622 certissimum
792 1579 995 1632 loquendi
1035 1592 1174 1628 usum,
1225 1579 1277 1619 de
1327 1591 1410 1630 quo
1458 1577 1602 1618 nescio
1652 1575 1722 1628 qui

124 1648 301 1691 Halmio
334 1651 550 1702 acciderit,
598 1654 646 1693 ut
687 1654 897 1704 tanquam
942 1650 995 1690 de
1037 1662 1083 1690 re
1125 1662 1279 1702 parum
1323 1651 1427 1690 nota
1468 1647 1724 1700 praeciperet

126 1732 225 1761 cum
259 1734 403 1763 errore
435 1736 522 1764 non
553 1723 657 1771 levi;
693 1722 772 1763 etsi
804 1722 929 1763 video
963 1721 1093 1762 etiam
1126 1719 1529 1761 lVeissenbornium
1561 1716 1651 1771 (Gr.
1677 1717 1722 1757 L.

127 1789 150 1843 ἓ
186 1792 270 1833 190
308 1795 396 1834 not.
429 1792 475 1846 4)
524 1796 566 1834 et
612 1794 881 1846 Kruegerurn
929 1791 1143 1833 subtiliter
1190 1790 1492 1843 explicandum
1532 1791 1722 1842 putasse,

128 1862 232 1915 quid
262 1863 491 1905 interesset
522 1865 634 1905 inter
666 1877 729 1913 ea,
779 1877 876 1916 quae
914 1875 1091 1915 prorsus
1132 1861 1284 1902 eodem
1324 1860 1454 1903 modo
1487 1859 1626 1900 Latini
1661 1859 1724 1899 di-

129 1935 243 1975 cunt.
292 1947 377 1987 quo
417 1937 459 1976 et
497 1934 607 1976 Dani
640 1937 682 1975 et
714 1933 932 1976 Germani.
996 1933 1107 1973 Nam
1146 1931 1219 1984 qui
1250 1931 1482 1972 verborum
1515 1930 1726 1983 gravitate

129 2017 175 2045 se
208 2006 491 2058 supersedere
524 2009 566 2046 et
598 2006 753 2054 minus,
799 2018 929 2057 quam
963 2003 1111 2056 possit,
1146 2003 1287 2043 dicere
1319 2001 1543 2054 significat,
1584 2000 1618 2041 is
1651 2003 1726 2041 aut

129 2075 338 2128 praedicit,
387 2089 434 2117 50
475 2076 649 2129 gravius
694 2089 780 2117 non
825 2076 1039 2116 dicturum
1083 2072 1257 2126 (Milowe
1295 2086 1377 2113 ozon
1415 2072 1506 2112 dico
1538 2074 1614 2112 aut
1645 2085 1727 2111 mm

131 2145 272 2187 dicam
303 2148 478 2197 consule,
518 2147 590 2188 sed
630 2148 733 2195 vivo,
774 2147 842 2187 ich
882 2159 983 2198 sage
1021 2144 1152 2193 nicht,
1193 2143 1262 2184 ich
1293 2143 1380 2183 will
1411 2143 1531 2183 nicht
1563 2140 1725 2195 sagen),

132 2220 221 2268 aut,
254 2218 395 2270 posito
428 2218 606 2268 minore,
641 2217 824 2266 subiicit,
860 2216 918 2257 ita
951 2229 997 2256 se
1030 2215 1170 2256 dicere
1193 2215 1399 2267 gravioris
1422 2213 1542 2254 verbi
1566 2212 1730 2254 vitandi

133 2291 210 2330 aut
240 2288 415 2330 maioris
447 2289 508 2330 rei
531 2288 781 2330 omittendae
805 2301 935 2328 causa
962 2286 1068 2340 (viro
1092 2285 1261 2337 Milone,
1295 2298 1345 2325 ne
1374 2284 1511 2325 dicam
1535 2282 1728 2335 consule).

133 2360 345 2412 Exempla
391 2359 544 2412 prioris
591 2358 758 2412 generis
814 2358 961 2399 decem
1013 2356 1293 2398 Ciceroniana
1339 2354 1538 2396 Handius
1587 2353 1731 2407 posuit

136 2430 320 2471 Tursell.
353 2430 408 2471 IV
439 2444 481 2483 p.
515 2430 613 2480 281,
663 2429 819 2482 quibus
867 2432 1026 2481 praeter
1073 2426 1314 2468 Milonianae
1356 2424 1378 2477 ἕ
1412 2426 1469 2466 34
1509 2428 1551 2466 et
1583 2425 1638 2466 35
1680 2438 1731 2465 ex

135 2514 223 2543 una
253 2501 493 2554 Philippica
526 2500 718 2541 secunda
749 2499 832 2540 tria
864 2498 965 2540 addi
987 2501 1181 2550 possunt,
1215 2495 1300 2549 ἓξ),
1339 2496 1404 2546 19,
1439 2497 1515 2545 66;
1548 2495 1730 2548 posteri-

136 2572 222 2614 oris
255 2574 459 2625 quattuor
490 2570 867 2612 Weissenbornius
906 2568 1052 2617 habet,
1094 2568 1150 2609 ad
1188 2568 1308 2608 Fam.
1340 2567 1410 2617 IX,
1454 2568 1520 2607 145.
1563 2566 1602 2615 3,
1642 2566 1730 2614 XII,

138 2643 208 2693 30,
254 2643 293 2693 3,
335 2642 521 2696 Philipp.
553 2641 649 2682 XIII
686 2639 709 2693 ἓ
745 2640 811 2689 12,
855 2653 933 2692 pro
976 2639 1114 2680 Deiot.
1149 2639 1174 2678 2
1218 2640 1377 2691 praeter
1419 2650 1555 2678 unum
1601 2635 1730 2683 Livii,

177 2817 206 2862 ¹)
234 2818 270 2863 [ἓ
287 2819 332 2853 29
350 2831 415 2863 pro
434 2830 486 2859 eo,
514 2818 610 2862 quod
629 2817 763 2851 editur:
792 2817 885 2860 quod
902 2817 995 2848 hunc
1015 2816 1087 2848 lam
1113 2814 1338 2857 interfectum
1359 2816 1541 2855 putarent,
1569 2810 1606 2844 in
1632 2810 1732 2854 praef.

236 2879 292 2913 ed.
312 2878 333 2912 6
359 2878 562 2922 suspicatus
587 2887 669 2910 sum
695 2874 928 2909 scribendum
952 2884 1029 2907 esse
1055 2874 1118 2916 qui
1142 2875 1205 2906 aut
1231 2884 1350 2916 quum,
1377 2874 1417 2904 ut
1442 2872 1631 2914 appareret
1653 2880 1733 2902 con-

236 2937 386 2972 iunctivi
412 2934 547 2978 causa]
