1915 3235
152 892 186 918 23

969 111 1021 151 18

322 244 434 286 Satis
466 245 571 296 puto
604 255 656 283 ex
694 242 775 282 hac
807 239 1030 280 Ovidianae
1072 238 1265 292 epistolae
1306 238 1628 291 comparatione
1669 252 1796 292 aper-

204 318 298 359 tum
331 327 436 364 esse,
479 325 619 365 neque
652 311 829 353 collecta
860 312 954 351 haec
986 322 1079 351 esse
1111 322 1255 362 neque
1289 311 1506 362 excerpta,
1547 310 1637 361 sed,
1680 310 1797 363 quod

205 386 304 436 dixi,
343 385 463 433 ficta;
510 383 655 436 itaque
692 381 878 434 reliquos
918 381 1146 434 scriptores
1188 380 1244 422 ab
1277 382 1358 422 hoc
1391 380 1564 422 homine
1597 380 1796 423 laudatos
1830 392 1831 395 ’

204 455 523 510 persequendos
556 467 642 495 non
673 448 838 506 puto.¹)
885 451 1112 502 Restabat,
1146 454 1194 493 ut
1225 451 1268 492 in
1299 451 1429 493 rebus
1463 451 1519 493 ab
1553 465 1603 493 eo
1628 451 1798 493 traditis

204 527 357 568 similia
391 538 483 567 esse
515 524 679 566 fraudis
710 522 890 576 vestigia
914 522 1201 573 ostenderem,
1234 522 1316 563 nisi
1342 522 1386 563 id
1410 522 1481 563 vix
1504 522 1798 564 necessarium

204 610 317 639 nunc
364 596 599 644 videretur;
649 598 691 635 et
738 593 912 635 omnino
959 605 1057 634 raro
1104 605 1172 634 res
1221 593 1411 646 attingit,
1460 593 1504 634 in
1550 593 1798 635 nominibus

204 669 376 717 ludens,
424 667 500 708 sed
532 669 679 707 tamen
710 664 890 705 mirifica
922 663 1025 705 satis
1058 665 1170 714 sunt,
1214 677 1311 717 quae
1351 664 1404 705 de
1436 664 1660 705 lemnlcatn
1691 662 1800 718 (sive

205 739 421 780 Zemulcato
453 737 535 778 dici
566 734 688 789 vult),
737 737 860 776 sexta
896 734 1144 788 gladiatoris
1177 735 1337 788 palma,
1385 735 1519 776 tradit
1550 749 1592 788 p.
1627 734 1654 776 5
1687 733 1710 787 ξ
1746 734 1802 776 10

206 813 248 851 et
286 810 338 850 de
379 809 570 857 Cadmo,
605 807 678 859 qui
715 806 869 860 Pyrrhi
909 806 1071 847 cineres
1112 805 1398 858 dissipaverit,
1447 820 1489 859 p.
1524 806 1547 846 7
1582 804 1605 858 ἕ
1641 806 1708 857 16,
1758 807 1802 847 et

204 881 360 934 ipsum,
395 879 511 932 quod
541 877 695 931 Pyrrhi
728 877 902 927 exitum,
936 890 989 918 ne
1023 876 1126 929 quid
1159 876 1301 918 dicam
1334 877 1388 918 de
1415 876 1524 918 fictis
1550 877 1802 919 Graecorum

205 951 463 1004 scriptorum
495 948 754 999 nominibus,
795 961 821 989 a
860 947 1062 989 Sallustio
1095 950 1137 988 et
1169 947 1351 989 Lucceio
1389 951 1615 990 narratum
1655 948 1800 990 tradit.

205 1022 294 1063 Nec
332 1021 632 1071 omittendum,
682 1020 798 1072 quod
829 1033 870 1072 p.
905 1019 929 1060 6
963 1018 986 1071 ἓ
1023 1019 1076 1059 12
1116 1019 1350 1072 Staphylus
1390 1019 1584 1072 scriptor,
1634 1019 1707 1072 qui
1749 1019 1803 1060 de

205 1092 291 1134 vini
325 1091 637 1145 temperatione
668 1091 844 1132 inventa
876 1090 1038 1143 aliquid
1076 1091 1317 1132 tradiderat
1358 1090 1460 1144 (vid.
1493 1090 1652 1132 Athen.
1684 1089 1734 1140 II,
1776 1089 1801 1130 6

205 1178 247 1217 p.
265 1164 323 1204 45
346 1162 414 1216 D),
447 1162 782 1204 transformatur
812 1161 946 1214 fitque
978 1161 1071 1214 ipse
1095 1161 1294 1204 inventor
1318 1162 1393 1203 rei.
1441 1162 1607 1215 Aperta
1631 1173 1804 1214 quoque

206 1234 369 1276 fraudis
402 1233 581 1286 vestigia
613 1236 714 1274 sunt
744 1233 788 1273 in
819 1232 884 1283 iis,
919 1245 1015 1285 quae
1047 1246 1088 1285 p.
1113 1233 1137 1274 8
1172 1231 1194 1285 ξ
1221 1233 1273 1274 19
1307 1233 1360 1274 de
1392 1233 1570 1275 Phaone
1592 1234 1804 1285 tanquam

206 1319 232 1347 a
263 1305 407 1347 nescio
441 1318 525 1357 quo
558 1303 776 1345 Heraclito
809 1306 984 1357 sumpta
1015 1306 1267 1346 narrantur:
1315 1305 1489 1354 „Phaon
1521 1304 1602 1345 fuit
1634 1305 1805 1345 amator

205 1376 396 1426 Veneris,
446 1388 575 1428 quem
615 1388 712 1415 cum
745 1374 860 1416 Mars
900 1375 1120 1429 zelotypus
1159 1376 1378 1417 trucidare
1416 1376 1557 1426 vellet,
1606 1374 1650 1415 in
1688 1373 1804 1415 blitis

205 1447 351 1488 Venus
391 1445 633 1496 occultavit,
682 1448 988 1499 unguentoque
1031 1447 1207 1499 plenum
1252 1447 1521 1488 alabastrum
1569 1446 1628 1487 illi
1671 1445 1803 1495 dedit,

207 1531 292 1570 quo
334 1517 559 1559 hominum
604 1517 918 1570 pulcherrimus
961 1519 1213 1570 appareret,
1263 1520 1306 1559 et
1348 1518 1473 1569 deus,
1523 1519 1620 1558 uter
1662 1516 1804 1566 vellet,

206 1578 444 1638 videretur,
494 1588 690 1629 Bacchus
738 1588 827 1629 sive
874 1588 1068 1641 Apollo.“
1150 1588 1263 1629 Nam
1311 1602 1408 1641 quae
1457 1589 1510 1630 de
1553 1589 1732 1630 Phaone
1781 1600 1806 1628 a

207 1659 373 1700 Venere
405 1659 610 1700 adamato
643 1664 685 1700 et
717 1659 944 1709 occultato,
979 1659 1032 1700 de
1064 1659 1287 1701 alabastro
1320 1673 1492 1712 quoque
1518 1660 1560 1700 et
1586 1660 1807 1711 unguento

209 1729 322 1780 dicit,
364 1743 415 1770 ea
455 1730 572 1782 apud
612 1730 783 1772 Graecos
825 1730 985 1771 tradita
1023 1730 1156 1771 fuisse
1190 1732 1359 1772 constat
1392 1729 1462 1783 (ex
1493 1730 1651 1770 Athen.
1685 1729 1722 1770 ΙΙ
1764 1742 1806 1781 p.

209 1801 264 1841 69
298 1801 347 1851 D,
382 1800 533 1841 AElian.
566 1801 666 1841 Var.
699 1801 810 1841 Hist.
844 1801 933 1852 XII,
970 1801 1036 1851 18,
1077 1800 1196 1841 Serv.
1238 1801 1294 1842 ad
1326 1801 1491 1842 AEneid.
1524 1801 1592 1850 III,
1635 1797 1806 1853 379)²);

208 1871 360 1912 ultima
392 1871 463 1912 illa
496 1871 549 1912 de
582 1872 751 1913 Baccho
785 1874 827 1912 et
857 1872 1056 1924 Apolline
1088 1872 1180 1924 ipse
1215 1872 1380 1913 effinxit
1412 1885 1464 1913 ex
1497 1871 1637 1913 Ovidii
1671 1871 1806 1925 Epist.

209 1942 412 1995 Sapphus
444 1942 501 1983 ad
532 1943 755 1984 Phaonem
788 1956 826 1983 V.
862 1943 930 1993 23,
966 1943 1043 1984 24:

365 2013 496 2054 Sume
528 2013 660 2054 fidem
693 2016 735 2055 et
766 2015 1039 2066 pharetram:
1072 2014 1150 2055 fies
1183 2014 1440 2055 manifestus
1474 2013 1650 2066 Apollo;

423 2084 646 2125 Accedant
678 2084 807 2138 capiti
840 2098 1021 2126 cornua:
1054 2085 1249 2126 Bacchus
1284 2085 1380 2135 eris,

211 2167 395 2207 quorum
434 2168 639 2195 versuum
685 2159 727 2196 et
774 2155 884 2197 illius
931 2155 1189 2197 narrationis
1239 2155 1562 2196 similitudinem
1605 2153 1809 2196 Osannus

210 2225 302 2266 iure
334 2225 590 2267 mirabatur.

330 2297 539 2338 Poterant
571 2299 612 2337 et
645 2297 729 2338 alia
760 2298 928 2339 minora
960 2297 1124 2339 fraudis
1157 2297 1336 2350 vestigia
1370 2296 1538 2349 exponi,
1573 2309 1683 2349 quae,
1733 2296 1809 2337 ubi

212 2367 347 2408 semel
378 2366 421 2407 in
455 2380 505 2408 ea
537 2367 778 2418 incidimus,
812 2368 937 2409 facile
971 2371 1036 2410 est
1066 2367 1281 2422 persequi,
1318 2367 1435 2408 velut
1468 2367 1585 2419 quod
1615 2366 1686 2408 hic
1719 2371 1811 2408 tam

212 2437 364 2479 doctus
411 2438 718 2490 grammaticus
767 2439 1026 2491 scripturam
1074 2439 1297 2492 quandam
1346 2451 1393 2479 se
1444 2438 1488 2478 in
1534 2438 1810 2478 monumentis

249 2575 279 2620 ¹)
305 2578 427 2621 Quum
454 2578 603 2613 Ovidius
629 2578 733 2613 Trist.
762 2579 819 2621 IV,
848 2579 903 2620 10,
935 2579 981 2613 47
1007 2579 1199 2613 Ponticum
1235 2582 1270 2613 et
1295 2579 1450 2613 Bassum
1483 2580 1604 2613 dulcia
1630 2580 1812 2613 convictus

307 2638 465 2671 membra
491 2638 601 2671 fuisse
626 2640 685 2671 sni
702 2638 912 2682 scripsisset,
938 2639 975 2673 in
1001 2639 1139 2682 aliquot
1159 2642 1283 2672 autem
1309 2638 1411 2672 codd.
1437 2640 1605 2682 corrupte
1630 2638 1811 2682 legeretur

311 2697 457 2737 Battus,
496 2696 581 2730 hinc
613 2700 758 2731 exortus
791 2700 845 2731 est
877 2696 926 2741 (p.
954 2697 998 2731 10
1031 2696 1138 2740 543)
1177 2699 1308 2731 Battus
1350 2698 1522 2731 iambicus
1547 2702 1656 2740 poeta
1696 2698 1814 2730 Ovidii

307 2755 582 2799 contubernalis,
621 2759 656 2789 et
687 2756 732 2789 ab
765 2755 912 2790 Osanno
944 2760 1152 2798 exornatus,
1190 2755 1252 2800 qui
1285 2755 1449 2790 Graecum
1482 2756 1518 2790 id
1552 2767 1630 2791 esse
1665 2767 1812 2798 nomen,

308 2824 380 2847 non
407 2813 588 2856 Latinum,
615 2814 748 2848 oblitus
777 2818 841 2848 est.

250 2868 279 2914 ²)
307 2870 461 2914 [Horum
488 2873 650 2907 locorum
677 2873 850 2907 indicium
876 2874 1022 2908 Osanno
1049 2874 1216 2915 debetur3
1251 2873 1321 2908 vid.
1348 2873 1452 2908 infra.
1482 2872 1600 2916 1834]

1896 1674 1913 1748 3

1900 1749 1912 1805 l

1893 1811 1909 1893 3
