1915 3235
861 159 945 202 603

102 290 317 328 retentam
350 299 459 336 5555,
507 301 641 340 quum
685 288 729 328 id
767 288 978 330 Asconius
1017 290 1061 330 in
1093 290 1347 341 argumento
1381 287 1624 328 Milonianae
1656 289 1699 327 et

103 357 175 398 ubi
207 356 483 398 reiectionem
515 358 705 399 iudicum
739 362 1063 409 commemorat,
1097 359 1306 412 significet
1319 355 1351 410 ¹)
1376 360 1418 398 et
1439 359 1483 398 in
1505 361 1698 398 extremo

103 428 412 468 commentario
445 431 598 480 quater
640 427 698 481 (p.
736 429 817 471 158
852 432 893 471 et
929 430 1010 471 159
1043 428 1164 482 Hot.)
1204 429 1247 469 in
1286 441 1418 469 causa
1457 423 1622 468 Milonis
1656 429 1699 467 et

102 497 208 547 aliis,
243 511 339 550 quae
363 498 516 539 eadem
540 499 632 552 lege
654 501 764 540 actae
785 502 897 546 sunt,
931 501 1167 541 sententias
1190 502 1453 548 senatorum,
1488 498 1697 551 equitum,

101 568 371 609 tribunorum
406 570 659 610 aerariorum
692 570 918 623 diligenter
951 571 1188 623 distinguat
1220 572 1263 611 et
1295 569 1553 610 dinumeret.
1612 567 1697 609 Sed

100 638 146 680 C.
180 638 393 680 Caesarem
436 639 615 689 „iudicia
648 640 705 681 ad
737 640 822 681 duo
855 653 1015 693 genera
1046 641 1237 682 iudicum
1277 639 1509 692 redegisse,
1557 638 1696 678 tribu-

97 722 176 750 nos
210 709 397 759 aerarios,
448 710 565 762 quod
597 713 709 752 esset
740 710 930 761 tertium,
974 711 1237 760 sustulisse‚“
1284 710 1515 751 Suetonius
1547 710 1697 750 narrat

99 780 191 833 (Iul.
226 793 261 821 c.
286 779 383 833 41);
417 781 533 833 quod
565 794 604 822 a.
638 782 694 822 46
727 795 766 822 a.
791 781 867 822 Ch.
900 781 1063 837 factum
1097 794 1205 830 esse,
1238 781 1317 822 Dio
1351 780 1525 822 Cassius
1550 781 1696 821 osten—

98 851 160 892 dit
182 850 341 903 (XLIII,
376 849 463 904 25),
499 851 570 903 qui
604 854 733 892 antea
765 856 804 889 ἐκ
830 859 891 888 τοῦ
916 854 1041 901 ὁμίλου
1067 853 1165 892 τινάς
1197 851 1323 892 Simul
1345 851 1559 892 iudicasse
1591 849 1695 891 scri-

98 922 173 970 bit,
220 922 417 963 tribunos
460 923 635 963 aerarios
678 922 936 975 significans.
1000 922 1126 963 Hanc
1167 923 1305 975 legem
1348 922 1501 962 Iuliam
1546 920 1693 962 CIcero

95 992 292 1033 nominat
323 991 508 1045 Philipp.
542 993 571 1042 Ι,
607 993 645 1042 8,
680 993 749 1034 20.
798 993 888 1036 Ν50
917 995 1016 1046 post
1049 1006 1145 1034 eam
1178 993 1265 1034 ulla
1297 993 1341 1033 in
1372 992 1460 1033 ulla
1492 1004 1538 1032 re
1571 1003 1693 1031 men-

96 1061 156 1103 tio
187 1062 235 1103 fit
266 1062 539 1105 tribunorum
573 1063 840 1113 aerariorum,
874 1066 935 1113 ut,
969 1064 1141 1105 sublato
1163 1063 1235 1104 illo
1256 1061 1476 1104 iudicandi
1500 1074 1692 1109 munere,

96 1132 258 1173 nullum
301 1146 373 1174 eos
412 1135 456 1174 in
494 1147 540 1175 re
579 1134 753 1187 publica
794 1134 921 1175 11111115
964 1135 1104 1176 5513115
1147 1134 1289 1175 10011111
1333 1133 1553 1181 habuisse,
1601 1132 1693 1172 iure

97 1203 260 1253 credas,
310 1217 360 1245 eo
398 1205 550 1257 magis,
599 1204 716 1257 quod
752 1217 808 1246 ne
844 1207 945 1246 ante
986 1205 1126 1258 legem
1156 1201 1379 1245 Aureliam
1412 1203 1587 1256 quidem
1619 1215 1693 1243 115-

96 1285 226 1325 quam
276 1277 671 1316 commemorantur
718 1275 799 1316 nisi
846 1276 979 1316 semel
1026 1276 1070 1316 in
1109 1276 1236 1316 unius
1275 1274 1508 1328 scriptoris,
1560 1274 1693 1326 ipsius

95 1345 352 1398 perantiqui,
387 1346 594 1387 Catonem
629 1345 736 1395 dico,
771 1346 1054 1398 explicatione
1085 1345 1362 1386 vetustissimi
1385 1344 1487 1385 iuris
1511 1346 1552 1384 et
1576 1343 1693 1396 apud

97 1428 181 1465 505,
231 1416 303 1469 qui
342 1417 685 1458 intermorientia
723 1420 906 1457 vetustae
939 1417 1078 1457 aetatis
1112 1416 1289 1458 nomina
1322 1418 1364 1457 et
1396 1415 1593 1456 instituta
1625 1414 1691 1455 in-

96 1478 320 1538 terpretati
352 1490 465 1535 sunt,
498 1488 736 1529 Varronem
771 1490 813 1528 et
844 1484 1082 1539 Festuin.‘²)

134 1672 162 1717 ¹>
188 1674 226 1708 P.
255 1674 322 1708 148
348 1675 430 1709 Hot.
463 1680 502 1709 ut
536 1678 663 1719 quinos
695 1687 738 1709 ew
774 1676 927 1719 sinyulis
964 1676 1154 1709 ordinibus
1191 1679 1389 1717 accusator,
1429 1675 1571 1708 totidem
1608 1683 1692 1706 reus

190 1735 364 1772 reiiceret3
403 1724 530 1768 omnes
562 1735 713 1769 reiectos
748 1745 825 1768 esse
859 1734 1017 1768 ostendit
1042 1734 1150 1773 XXX,
1189 1738 1230 1768 ut
1262 1745 1306 1768 ex
1332 1732 1475 1767 LXXXI
1502 1734 1692 1765 manerent

190 1793 245 1826 LI.
296 1792 528 1836 Indiligenter
554 1793 620 1827 Dio
647 1793 744 1828 Cass.
771 1793 920 1827 omnino
947 1795 1102 1837 quinque
1136 1804 1200 1836 pro
1234 1792 1353 1836 quinis
1388 1803 1431 1826 ex
1463 1790 1613 1835 singulis
1639 1801 1692 1824 or-

191 1851 335 1886 dinibus
361 1852 473 1895 ponit.

134 1908 162 1952 ²)
188 1910 333 1945 Catonis
359 1911 471 1944 verba
497 1914 582 1945 sunt
608 1922 651 1945 ex
677 1910 794 1956 primo
830 1910 1099 1955 epistolicarum
1132 1910 1374 1954 quaestionum
1407 1909 1504 1953 apud
1537 1907 1693 1942 Gellium

192 1970 254 2004 VII
269 1967 358 2012 [VI]‚
378 1969 440 2003 10:
462 1971 736 2013 Piynoriscapio
754 1971 794 2005 ob
810 1982 858 2004 oes
876 1971 1043 2013 militare,
1062 1971 1156 2013 quod
1173 1980 1221 2002 σεε
1240 1981 1262 2002 a
1280 1969 1423 2002 tribuno
1442 1969 1576 2001 oerario
1594 1967 1695 2000 miles

192 2031 351 2073 accipere
376 2029 530 2071 debebat,
562 2029 771 2063 vocabulum
803 2040 964 2063 seorsum
986 2029 1037 2071 fit.
1087 2028 1200 2061 Varro
1228 2027 1272 2061 de
1298 2027 1336 2061 L.
1362 2027 1401 2060 L.
1428 2026 1458 2059 V
1486 2024 1562 2067 (IV)
1588 2037 1621 2069 p.
1647 2024 1693 2058 49

190 2088 269 2131 Bip.
295 2087 381 2129 (180
406 2086 568 2131 Speng.):
608 2086 651 2121 ab
686 2089 749 2121 hoc
781 2086 945 2130 (tributo)
981 2098 1022 2120 ea
1055 2085 1247 2130 (pecunia),
1287 2097 1365 2129 quoe
1391 2087 1580 2129 assignata
1605 2089 1694 2125 erat,

193 2147 405 2180 attributum
439 2147 591 2187 dictum,·
629 2147 672 2180 ab
711 2157 748 2181 eo
781 2157 932 2190 quoque,
971 2147 1100 2190 quibus
1133 2146 1309 2179 attributa
1341 2149 1419 2178 erat
1444 2145 1617 2187 pecunia,
1656 2148 1695 2176 ut

192 2206 299 2238 militi
324 2206 487 2246 reddant,
514 2206 654 2239 tribuni
677 2207 806 2239 cerarii
830 2206 926 2248 dicti,
960 2206 1008 2248 id,
1041 2206 1135 2248 quod
1161 2205 1374 2238 attributum
1400 2208 1488 2246 erat,
1528 2213 1576 2236 aes
1602 2202 1696 2235 mili-

195 2269 282 2298 tare.
332 2264 425 2298 Fest.
452 2275 485 2297 v.
511 2266 656 2298 aeraric':
694 2265 842 2298 1Erarii
872 2264 1012 2297 tribuni
1042 2275 1064 2297 α
1096 2264 1282 2297 tribuendo
1308 2274 1378 2296 cere
1403 2267 1488 2296 sunt
1514 2262 1694 2305 appellati.

195 2322 316 2367 (Apud
342 2323 500 2357 eundem
526 2323 674 2357 Festum
700 2322 736 2356 in
763 2322 847 2366 epit.
874 2334 906 2356 v.
935 2323 1134 2356 Primanus
1166 2322 1334 2355 tribunus
1365 2320 1511 2365 legitur:
1552 2321 1697 2354 Prima-

194 2393 263 2415 nus
289 2382 457 2415 tribunus
483 2387 570 2425 erat,
610 2383 673 2425 qui
697 2383 831 2425 primoe
861 2383 992 2425 leqiom’
1021 2382 1196 2415 tributum
1221 2381 1412 2420 scribebat;
1453 2379 1547 2424 apud
1575 2378 1696 2423 ipsum

194 2440 342 2474 Festum
367 2440 484 2484 posito
517 2440 664 2474 nomine
690 2443 888 2483 primanus
922 2441 1090 2474 tribunus
1122 2450 1166 2473 ex
1198 2439 1343 2474 Catonis
1376 2438 1539 2472 oratione
1571 2440 1698 2471 contra

195 2499 406 2541 Thermum,
434 2499 624 2543 explicatio
651 2498 809 2541 excidit.)
858 2499 1046 2533 Postremo
1072 2498 1246 2533 Verrinus
1271 2498 1330 2532 ille
1356 2496 1545 2537 Asconius,
1579 2507 1600 2530 a
1625 2506 1698 2540 quo

195 2568 269 2591 non
295 2568 390 2591 unus
423 2569 522 2592 error
553 2562 653 2592 ortus
691 2561 755 2599 est,
794 2558 839 2591 ad
866 2557 942 2591 Lib.
969 2557 984 2591 Ι
1010 2557 1047 2591 111
1072 2557 1171 2591 Verr.
1200 2556 1255 2598 13,
1289 2555 1333 2589 34
1366 2556 1443 2590 haec
1477 2554 1698 2589 confusionis

194 2616 406 2660 plenissima
430 2616 587 2661 scripsit:
627 2615 800 2658 (Pecunia
826 2614 1016 2658 attributa)
1048 2627 1127 2660 quoe
1158 2617 1197 2649 in
1228 2617 1445 2659 stipendium
1477 2616 1632 2648 militum
1656 2615 1698 2647 de

196 2677 330 2710 oerario
356 2687 379 2709 α
404 2677 561 2709 tribunis
586 2677 732 2709 oerariis
751 2676 922 2718 quaestori
939 2676 1178 2709 annumerari
1194 2675 1289 2709 solet.
1326 2674 1379 2708 De
1405 2672 1562 2708 nominis
1581 2672 1698 2706 forma

196 2734 265 2768 1100
298 2734 403 2775 addo,
443 2735 606 2768 tribunos
639 2736 724 2768 oeris
756 2733 930 2778 appellari
962 2745 984 2767 a
1016 2733 1210 2768 verborum
1243 2736 1418 2767 novatore
1444 2731 1561 2766 Plinio
1588 2731 1630 2764 H.
1657 2729 1696 2763 N.

196 2793 343 2827 XXXIII
369 2792 391 2836 ἕ
416 2792 459 2826 31
492 2793 641 2835 (rectius
666 2792 812 2826 XXXIV
838 2791 859 2834 ἓ
885 2791 938 2833 1);
977 2793 1141 2827 tribunos
1173 2794 1301 2826 oerarii
1331 2791 1450 2836 (quasi
1482 2791 1527 2824 ab
1561 2788 1698 2830 aerario,

197 2862 271 2886 non
297 2852 343 2886 ab
369 2863 439 2886 aere
464 2850 708 2896 appellentur)
734 2851 851 2885 effecit
877 2851 1045 2885 librarius
1070 2850 1107 2885 in
1133 2850 1203 2885 Cic.
1231 2851 1332 2894 epist.
1360 2850 1405 2884 ad
1431 2849 1473 2892 Q.
1501 2848 1556 2882 Fr.
1584 2848 1626 2888 II,
1654 2846 1699 2880 16

199 2908 287 2953 [15],
314 2910 347 2952 3,
375 2921 484 2954 quem
511 2910 677 2944 nonnulli
702 2909 921 2944 recentiores
947 2909 1113 2954 imperite
1138 2913 1352 2953 sequuntur.
