1915 3235
818 105 904 146 419

66 234 299 284 tribuisset,
332 234 542 275 beneficia
573 234 731 275 valere.
793 235 928 276 Recte
959 235 1087 288 igitur
1119 235 1377 278 Garatonius
1410 237 1584 292 (liquam
1608 252 1654 279 re

57 319 104 359 p.
137 305 414 346 scribendum
445 304 626 357 putavit.
689 305 895 346 Mendum
928 307 992 346 est
1023 305 1240 359 frequens.

182 375 390 428 Insignior
429 375 674 416 emendatio
712 376 842 428 paulo
884 375 996 416 infra
1038 375 1235 417 facienda
1278 381 1355 428 est,
1390 378 1499 425 ubi,
1521 379 1654 419 edunt

62 458 177 486 nunc
216 458 238 486 e
278 445 422 487 codice
455 445 812 499 Guelferbytano:
860 460 1075 500 nmzqaam
1123 460 1150 486 a
1198 446 1392 489 Memmio
1432 447 1652 501 (Balbum)

63 516 308 569 discessisse,
356 516 654 570 Carthayinem
677 530 913 570 possessum
944 518 1042 565 isse;
1082 517 1182 558 olim
1217 518 1405 559 edebant
1437 532 1488 560 ex
1520 515 1653 560 inter-

61 586 278 639 polatione
310 586 604 627 recentissima
627 586 865 640 profectum
898 601 992 637 esse,
1026 589 1170 641 inepte
1192 602 1318 638 sane;
1351 602 1454 630 nam
1483 590 1653 641 profici-

16 706 24 719 .
61 657 206 698 scendi
255 658 407 710 exigua
453 657 547 698 laus
596 660 707 706 erat3
755 657 832 698 sed
878 657 1009 699 nihilo
1057 659 1240 700 alterum
1288 660 1461 709 melius,
1510 662 1651 701 ortum

60 727 186 769 simili
219 728 477 769 emendandi
510 729 679 778 conatu,
714 728 830 780 quod
860 728 1169 781 interpretatur
1201 730 1435 780 Ernestius,
1471 730 1528 770 ad
1560 744 1651 770 eam

36 798 202 838 'arbem
233 798 518 852 occupandam
551 799 641 839 isse.
692 799 841 852 Neque
866 800 936 840 'ire
967 805 1207 853 occupatum
1239 800 1382 841 urbem
1414 800 1567 842 dicitur
1600 801 1652 842 de

61 881 124 918 eo,
173 868 245 921 qui
285 868 340 909 ab
380 869 641 922 imperatore
683 869 867 910 mittitur
907 869 1049 922 aliquo
1089 869 1215 923 (alius
1256 874 1321 912 est
1360 873 1502 924 supini
1540 872 1651 913 illius

59 951 163 982 usus
197 952 294 980 cum
326 941 473 990 verbo,
523 940 638 992 quod
679 942 745 981 est
784 941 856 990 ire,
907 940 1133 991 coniuncti,
1182 944 1229 982 ut
1261 955 1394 994 quum
1425 943 1557 983 ultam.
1588 944 1651 983 ire

61 1008 243 1062 dicitur),
276 1023 416 1062 neque
441 1010 658 1064 possidere
691 1010 831 1051 arbem
863 1013 928 1051 est
959 1025 1171 1065 occupare,
1206 1012 1321 1064 quod
1352 1013 1484 1054 miror
1516 1013 1651 1054 Erne-

59 1081 189 1121 stium
235 1082 421 1134 probare
468 1082 674 1134 potuisse.
745 1080 1021 1133 (Garatonius
1070 1085 1294 1134 comparat
1341 1096 1393 1124 ex
1440 1086 1548 1124 orat.
1598 1083 1650 1124 de

60 1151 187 1192 domo
220 1164 254 1192 c.
287 1151 357 1202 42,
401 1153 484 1193 110
519 1153 664 1205 forum
705 1153 883 1192 armatis
914 1154 1090 1193 caten-is
1125 1153 1348 1206 possidere,
1397 1154 1441 1194 id
1482 1157 1557 1203 est,
1609 1154 1650 1195 in

59 1234 138 1263 sua
169 1218 385 1275 potestate
417 1223 592 1273 habere,
635 1222 734 1275 [etsi
774 1224 931 1264 rectius
964 1223 1023 1264 ibi
1056 1224 1249 1265 Graevius
1282 1224 1488 1265 obsideres
1520 1225 1648 1266 scribi

58 1292 244 1345 voluit].)
306 1293 394 1334 Nec
425 1293 599 1343 Balbus,
649 1295 765 1346 quod
802 1295 906 1336 satis
947 1308 998 1335 ex
1036 1297 1129 1336 tota
1167 1294 1361 1336 oratione
1394 1298 1575 1348 apparet
1608 1298 1649 1336 et

59 1376 110 1404 ex
143 1363 367 1416 disciplina
399 1364 711 1415 Romanorum,
746 1379 796 1406 eo
828 1366 921 1406 loco
953 1366 997 1406 in
1021 1365 1299 1418 Hispaniensi
1330 1365 1443 1406 bello
1477 1365 1569 1416 fuit,
1602 1368 1650 1406 ut

59 1433 327 1487 Carthaginis
367 1435 688 1488 oppugnationi,
736 1437 938 1477 maximae
977 1436 1110 1486 urbis,
1159 1436 1319 1488 praefici
1357 1438 1516 1488 posset.
1584 1436 1648 1477 Ne

57 1504 193 1546 multo
240 1505 413 1557 quidem
466 1508 565 1559 post
611 1507 654 1547 in
702 1506 839 1548 Gallia
886 1507 1003 1559 apud
1052 1507 1268 1548 Caesarem
1314 1507 1649 1559 gratiosissimus

57 1575 186 1628 legati
219 1575 470 1628 dignitatem
502 1578 652 1627 tenuit,
700 1580 749 1618 ut
789 1578 860 1630 qui
898 1577 1201 1630 magistratum
1233 1577 1398 1618 nullum
1431 1578 1647 1630 gessisset.

59 1645 236 1687 Codices
268 1647 369 1688 boni
401 1648 578 1697 habent,
621 1648 655 1688 Ρ
688 1662 770 1689 esse
793 1662 1029 1702 possessam
1061 1648 1195 1701 (quod
1227 1650 1292 1689 est
1325 1648 1453 1689 etiam
1487 1648 1530 1688 in
1561 1661 1647 1689 uno

59 1715 169 1769 Ox.),
210 1717 242 1757 Ε
274 1731 509 1771 possessum
549 1732 631 1759 esse
671 1718 786 1772 (cum
825 1732 910 1760 uno
943 1720 1045 1760 item
1079 1716 1239 1771 Ox.).¹)
1301 1719 1413 1759 Hinc
1444 1718 1648 1759 facillima

59 1789 101 1828 et
147 1788 386 1829 certissima
435 1790 680 1830 coniectura
737 1791 919 1830 eruitur:
980 1789 1235 1844 Carthayine
1290 1803 1372 1830 esse
1425 1802 1646 1842 opsessum.

58 1857 188 1898 Vetus
221 1859 435 1900 scribendi
468 1860 589 1909 ratio,
625 1873 720 1912 quae
753 1861 796 1901 in
829 1860 921 1901 cod.
947 1860 1044 1901 Par.
1078 1862 1288 1913 perpetua
1321 1862 1386 1900 est
1419 1862 1460 1900 et
1493 1859 1573 1900 fuit
1604 1860 1647 1900 in

59 1928 305 1982 archetypo,
356 1943 544 1971 errorem
585 1931 741 1971 obiecit
772 1931 959 1981 librario,
1007 1933 1055 1972 ut
1088 1931 1188 1971 alibi
1221 1930 1391 1983 saepius.
1453 1930 1581 1970 Velut
1612 1930 1647 1970 ΙΙ

59 1998 112 2039 de
143 1999 280 2040 Divin.
314 2001 382 2051 56,
420 2002 501 2041 115
540 2015 618 2053 pro
658 2001 816 2043 obsides
854 2002 938 2043 duo
972 2001 1138 2042 codices
1171 2001 1288 2054 apud
1319 2001 1535 2041 Moserum
1566 2002 1645 2041 ha-

57 2068 162 2111 bent
184 2071 387 2124 possides.
450 2071 593 2121 Quum
626 2072 841 2125 Carthago
875 2085 900 2112 a
938 2072 1194 2113 Sertorianis
1227 2071 1511 2121 obsideretur,
1545 2071 1645 2112 Bal-

57 2140 161 2181 bum
193 2141 252 2182 ibi
284 2141 414 2183 fuisse
448 2145 490 2183 et
521 2143 791 2184 obsidionem
823 2143 1030 2184 tolerasse
1055 2143 1202 2184 Cicero
1236 2141 1349 2182 dicit.
1398 2142 1548 2194 Itaque
1573 2140 1596 2193 g
1620 2142 1645 2182 li

58 2214 163 2252 extr.
216 2213 373 2253 *nullius
425 2213 670 2265 obsidionis,
728 2214 883 2254 nullius
929 2214 1076 2267 proelii
1130 2217 1334 2266 expertem
1385 2212 1518 2264 faisse
1572 2212 1643 2262 ait,

58 2283 424 2334 quemadmodum
480 2284 549 2324 hic
606 2284 840 2325 obsidionis
897 2283 1105 2325 mentioni
1162 2283 1332 2324 subiicit
1394 2283 1644 2335 proeliorum

57 2354 333 2394 mentionem.

175 2425 377 2478 Sequitur
415 2424 456 2477 (ἓ
489 2423 555 2477 6);
605 2425 709 2466 Hcec
751 2429 845 2465 semi}
880 2425 1038 2478 proella
1084 2424 1287 2465 Cornelii:
1335 2424 1432 2464 talis
1476 2424 1520 2464 in
1560 2438 1645 2464 rem

50 2495 261 2548 publicam
286 2501 471 2537 nostram
494 2495 625 2548 labor,
660 2495 901 2547 assiduitas,
927 2495 1153 2547 dimicatio,
1182 2496 1311 2535 virtus
1334 2493 1464 2548 (liqna
1487 2508 1644 2534 smnmo

1674 673 1706 697 16

58 2565 316 2619 imperatore,
349 2580 439 2620 spes
463 2579 545 2620 pro
569 2567 773 2620 pericu-lis
796 2566 1087 2619 prcemloram.
1135 2565 1240 2606 Mire
1263 2565 1423 2618 pradia
1459 2564 1640 2605 Cornelii
1662 2582 1695 2606 ιτ

57 2637 340 2689 appellantur,
374 2637 529 2689 quibus
562 2636 822 2686 interfuerit3
859 2649 940 2677 nec
971 2636 1123 2689 proelia
1154 2638 1324 2677 tantum
1359 2648 1641 2675 enumerave-

56 2710 123 2748 rat
153 2708 312 2757 Cicero,
347 2721 397 2748 ac
428 2721 482 2748 ne
513 2708 709 2760 proximo
742 2707 915 2760 quidem
947 2707 1039 2748 loco
1071 2707 1338 2755 nominarat;
1372 2706 1638 2746 interiectum

57 2779 121 2818 est
174 2779 307 2819 enim:
361 2792 451 2819 cam
506 2779 698 2831 Pompeio
754 2778 809 2817 ad
864 2782 1088 2817 arta-emma
1142 2777 1235 2817 helle·
1288 2782 1446 2830 tempus
1495 2776 1641 2828 fuisse.

93 2927 121 2972 ¹)
147 2930 205 2964 Or.
232 2941 275 2964 ex
301 2931 332 2964 A
358 2930 494 2974 profert
519 2942 590 2964 esse
611 2941 874 2973 possessuram.
