1915 3235
962 122 1045 163 150

326 252 533 305 Insignior
571 252 706 294 altera
745 254 810 293 est
848 252 1106 293 emendatio.
1175 250 1287 293 Nam
1325 265 1359 293 c.
1392 252 1469 304 43,
1521 253 1604 296 124
1641 255 1795 309 legitur

209 324 355 377 vulgo:
398 323 525 364 Venio
556 337 666 363 uuue
698 322 755 363 ad
785 322 894 363 illud
925 335 1073 362 nomeu
1104 335 1279 363 aureum
1311 322 1580 379 Chrysoqoui,
1613 320 1701 366 sub'
1718 340 1795 381 quo

207 395 370 436 uomiue
402 399 486 435 tota
517 394 688 434 societas
719 394 931 434 statuitur.
980 392 1066 433 Sed
1096 396 1276 434 statuere
1298 395 1528 436 societatem
1551 408 1630 437 nec
1653 396 1795 449 ipsum

137 474 189 500 185
209 466 359 506 Latine
391 465 544 505 dicitur
576 476 655 504 nec
686 468 867 504 statuere
898 463 1130 504 societatem
1161 463 1235 509 sub
1275 465 1454 506 alicuius
1492 467 1655 508 nomine
1693 467 1796 520 quid

133 2740 184 2767 186

206 537 273 585 sit,
306 535 566 587 intelligitur,
601 535 680 575 etsi
711 534 1070 587 interpretantur:
1110 534 1184 576 sub
1216 535 1394 577 alieuius
1425 537 1553 578 tutela
1584 538 1794 588 collocare,

206 619 284 647 nec
330 618 521 658 praesens
568 607 740 657 tempus
788 608 940 658 aptum
988 608 1065 647 est.
1129 606 1176 646 In
1223 607 1440 649 codicibus
1488 607 1655 649 Oxonn.
1689 609 1714 650 6
1755 611 1797 650 θῖ

206 676 410 718 parisinis
443 676 707 718 Steinmetzii
739 675 964 730 (Gruterus
987 675 1119 729 tacet)
1153 679 1195 718 et
1226 677 1269 717 in
1295 678 1391 719 edd.
1417 680 1519 719 vett.
1548 681 1613 720 est
1637 679 1795 730 statuit,

205 760 292 788 non
323 748 535 788 statuitur.
598 747 645 788 Id
677 747 977 789 Steinmetzius
1010 748 1192 800 recepit;
1233 748 1310 788 sed
1340 753 1519 790 statuere
1552 763 1646 791 esse
1679 763 1796 805 neqo-

205 819 266 858 tia
295 831 439 872 yerere
471 816 672 870 (emendi,
705 818 914 872 rapiendi,
955 817 1140 870 similia),
1174 831 1301 860 nemo
1334 819 1492 868 credet,
1532 833 1612 862 nec
1644 821 1796 863 melius

207 891 271 929 est
309 888 382 928 sub
423 889 602 929 alieuius
640 891 804 931 nomine
844 894 1037 931 statuere.
1101 888 1301 942 Corrupit
1337 890 1451 931 hunc
1490 891 1631 932 locum
1671 891 1796 934 unius

206 959 404 1000 litterulae
437 959 682 1012 duplicatio,
717 974 848 1014 quam
882 960 1058 1002 alterius
1090 961 1272 1001 mutatio
1306 964 1537 1003 consecuta
1569 964 1654 1011 est;
1694 975 1797 1004 nam

203 1043 281 1083 pro
329 1031 647 1072 societasstauat
693 1032 969 1073 scribendum
1018 1033 1083 1072 est
1128 1032 1437 1073 societaslatuit.
1506 1032 1575 1074 Sic
1622 1033 1797 1075 demum

205 1101 429 1153 aptissima
477 1102 562 1142 exit
609 1103 836 1144 sententia.
915 1103 1111 1144 Latuisse
1159 1101 1323 1143 foedam
1370 1103 1498 1144 istam
1545 1104 1797 1157 rapinarum

203 1173 454 1213 societatem
478 1172 625 1214 Cicero
658 1174 718 1214 ait
751 1175 873 1226 quasi
905 1176 1063 1215 tectam
1101 1172 1181 1214 sub
1212 1174 1385 1215 nomine
1408 1174 1684 1228 Chrysogoni,
1718 1175 1796 1217 ho-

202 1242 329 1284 minis
362 1244 561 1296 potentis,
596 1244 711 1297 quod
743 1247 953 1297 tanquam
987 1244 1147 1297 clipeus
1181 1244 1451 1286 obiiceretur.
1508 1245 1619 1286 Dicit
1651 1248 1795 1287 autem

205 1313 376 1354 latuisse
408 1315 626 1367 praeterito
665 1319 881 1368 tempore,
928 1328 1042 1356 nunc
1081 1315 1195 1356 enim
1235 1316 1325 1368 ipse
1367 1329 1463 1357 eam
1502 1316 1713 1369 protraxit
1745 1330 1797 1358 ex

205 1385 383 1427 latebris
417 1388 459 1427 et
490 1387 533 1427 in
566 1387 797 1428 manifesta
829 1388 922 1428 luce
955 1386 1191 1428 collocavit.

312 1457 372 1503 ,In
418 1457 685 1510 Pompeiana
732 1458 925 1499 oratione
977 1456 1121 1498 omnia
1170 1457 1258 1498 fere
1311 1458 1587 1510 perspicuam
1633 1457 1797 1499 habent

203 1528 506 1569 auctoritatem
540 1530 582 1569 et
614 1529 839 1578 rationem,
880 1528 994 1570 velut
1037 1527 1152 1580 quod
1193 1541 1227 1569 c.
1262 1528 1330 1576 20,
1372 1528 1440 1578 60,
1481 1542 1559 1582 pro
1591 1542 1672 1569 nou
1705 1529 1796 1570 dieo

202 1600 376 1651 recepta
416 1598 508 1640 cod.
543 1598 806 1641 Erfurtensis
846 1599 1072 1652 scriptura,
1120 1612 1203 1639 uon
1243 1598 1395 1649 (licam,
1443 1600 1610 1641 restitui
1648 1613 1796 1642 veram

204 1668 408 1710 orationis
441 1669 627 1711 formam
660 1673 702 1711 et
732 1670 936 1723 figuram,
970 1670 1163 1723 sequitur
1195 1670 1330 1711 enim:
1363 1684 1445 1711 uon
1471 1670 1611 1711 dicam
1637 1694 1689 1698 —
1715 1685 1797 1712 uon

203 1740 539 1781 commemorabo.
618 1739 806 1782 Tantum
848 1741 900 1782 de
935 1755 969 1782 c.
1006 1742 1072 1790 14,
1120 1741 1178 1781 42
1225 1741 1547 1783 admonendum
1596 1743 1674 1792 est,
1722 1741 1797 1783 ubi

203 1824 299 1852 eam
333 1811 590 1864 scripturam
630 1812 891 1864 optimorum
924 1811 1132 1861 codicum,
1168 1813 1296 1853 etiam
1325 1812 1606 1865 palimpsesti,
1640 1812 1795 1865 recepi,

203 1895 335 1935 quam
379 1882 561 1925 Orellius
602 1896 852 1936 perversam
885 1883 1045 1924 iudicat
1093 1882 1242 1935 (hostes
1280 1896 1418 1924 omues
1459 1884 1643 1924 omnium
1679 1897 1797 1938 yene-

202 1951 330 2006 rum).
394 1954 604 2006 Equidem
637 1966 724 1995 non
755 1954 893 2003 video,
943 1967 1017 1994 cur
1057 1954 1300 1995 necessario
1339 1953 1407 1995 hic
1445 1954 1597 2007 piratae
1636 1954 1797 2008 signifi-

203 2025 330 2066 candi
363 2024 521 2066 fuerint
553 2037 603 2066 ac
641 2038 728 2066 non
767 2024 892 2066 sociis
933 2025 1131 2065 universe
1169 2024 1315 2066 hostes
1356 2025 1557 2066 contrarii
1595 2025 1796 2078 ponendi,

203 2097 259 2143 et,
293 2095 585 2148 amplificandi
618 2108 761 2144 causa,
795 2095 941 2137 hostes
975 2108 1124 2136 omnes
1159 2096 1351 2136 omnium
1384 2109 1615 2148 generum;
1648 2109 1796 2137 omnes

205 2167 319 2207 enim
352 2166 547 2219 Pompeii
579 2166 709 2207 fidem
743 2167 907 2219 experti
940 2168 1062 2207 erant
1095 2168 1137 2206 et
1169 2167 1317 2215 secuti,
1351 2168 1398 2207 ut
1430 2166 1670 2216 Cretenses,
1711 2180 1798 2208 non

203 2237 282 2278 soli
328 2238 493 2289 piratae.
572 2236 678 2289 [Cfr.
712 2237 765 2278 de
805 2238 855 2278 N.
889 2237 938 2278 D.
979 2236 1008 2285 I,
1061 2237 1133 2286 18,
1181 2237 1251 2286 46,
1300 2237 1355 2288 ΙΙ,
1403 2237 1450 2286 4,
1503 2238 1569 2287 12,
1617 2251 1659 2290 p.
1693 2237 1796 2279 Sull.

208 2308 274 2356 10,
309 2307 399 2360 29]

321 2378 369 2418 In
401 2378 666 2420 orationibus
699 2378 956 2420 Catilinariis
991 2378 1156 2419 utinam
1191 2377 1491 2418 Steinmetzius
1525 2377 1681 2419 codicis
1712 2378 1796 2419 Te-

203 2449 473 2500 gernseensis
516 2450 753 2502 scripturas
796 2449 1040 2502 diligentius
1085 2450 1349 2490 annotasset.
1412 2448 1643 2490 Verissime
1684 2448 1798 2490 enim

203 2518 427 2571 Zumptius
470 2519 526 2559 ad
569 2520 688 2560 Verr.
730 2534 771 2573 p.
805 2520 889 2562 828
932 2520 1069 2561 multa
1111 2531 1204 2560 esse
1249 2518 1292 2559 in
1335 2518 1592 2560 Catilinariis
1636 2519 1796 2569 scribit,

204 2601 301 2641 quae
333 2589 486 2630 merito
520 2590 755 2632 offendant.
818 2590 1009 2641 Quorum
1050 2603 1128 2643 ego
1168 2602 1301 2630 unum
1344 2591 1386 2629 et
1424 2589 1609 2630 alterum
1647 2592 1798 2631 notare

203 2661 337 2714 potui,
371 2660 601 2702 manifesto
634 2662 850 2711 vitiosum,
883 2662 1000 2703 velut
1031 2661 1137 2702 illud
1167 2660 1323 2713 ipsum,
1357 2660 1409 2700 de
1443 2673 1528 2713 quo
1553 2660 1612 2701 ibi
1638 2660 1798 2713 Zump-

204 2733 289 2773 tius
322 2731 435 2781 dicit,
468 2745 541 2772 uec
573 2732 616 2773 in
648 2746 708 2773 or.
741 2732 789 2781 H,
823 2733 862 2781 4,
899 2733 923 2773 8
958 2734 1000 2773 et
1033 2731 1184 2773 eodem
1219 2731 1358 2783 capite
1384 2731 1468 2771 uisi
1498 2744 1593 2771 vero
1624 2731 1661 2771 si
1692 2731 1797 2786 quis.

205 2803 303 2844 Alia
335 2803 396 2844 ita
426 2803 589 2851 notavi,
632 2804 681 2843 ut
711 2803 873 2843 nullam
906 2805 1053 2843 tamen
1085 2802 1232 2843 mendi
1263 2801 1439 2843 tollendi
1472 2802 1586 2842 viam
1619 2801 1798 2842 demon-

205 2876 343 2915 strare
389 2885 577 2925 possem,
626 2872 743 2913 velut
789 2874 1062 2926 nugatorium
1109 2873 1213 2913 illud
1260 2873 1302 2912 in
1350 2872 1550 2913 secundae
1595 2871 1798 2913 orationis

205 2956 241 2985 c.
278 2943 343 2994 10,
384 2943 439 2984 22
480 2947 555 2983 aut
593 2942 792 2983 imberbes
830 2948 903 2983 aut
945 2943 1041 2983 bene
1084 2942 1289 2993 barbatos,
1338 2943 1380 2983 in
1420 2955 1505 2994 quo
1546 2942 1798 2995 explicando
