1915 3235
137 630 187 655 457

145 2410 196 2435 458

965 133 1051 174 354

327 263 371 304 C.
410 264 475 313 14,
510 263 565 303 32
598 275 684 303 non
716 264 859 315 potest
891 262 982 304 iure
1016 263 1218 313 dubitari,
1253 262 1368 317 Quin,
1413 278 1546 318 quum
1579 267 1718 308 omnis
1753 267 1808 308 sit

209 335 345 375 oratio
389 333 442 374 de
484 333 546 383 iis,
597 346 692 385 quae
735 333 834 374 Piso
879 333 923 374 in
962 334 1187 375 consulatu
1220 334 1381 385 fecerit,
1430 333 1805 390 praecesseritque':

200 418 414 459 parumne
446 409 522 456 est,
572 404 680 459 quocl
719 409 881 445 tcmtum
922 405 1107 446 homines
1143 405 1414 459 fefellisti,
1466 411 1510 447 ut
1549 409 1642 457 cet.,
1691 411 1807 448 recte

208 475 446 517 Lambinus
494 488 681 528 eumque
728 476 864 516 secuti
912 475 1135 517 Ernestius
1184 480 1226 518 et
1274 477 1526 518 Schuetzius
1574 478 1806 520 ediderint:

209 548 386 588 etiamne
419 546 576 587 edicere
609 545 808 598 (ludebas7
843 560 893 587 ne
925 553 1146 589 mcererent
1177 547 1362 589 homines
1395 551 1488 598 cet.,
1521 562 1600 601 pro
1634 548 1806 599 audeas,

209 620 358 658 contra
391 630 498 669 quos
531 616 691 657 frustra
725 616 984 659 Garatonius
1018 619 1224 672 disputat,
1258 619 1302 659 in
1333 620 1581 660 narratione
1605 619 1809 661 historica

208 688 413 742 praesenti
444 687 630 740 tempori
662 688 931 740 praeteritum
964 690 1117 730 subiici
1149 691 1396 731 ostendens.
1458 690 1702 731 Verborum
1726 704 1807 744 pa-

210 774 356 800 rumne
389 764 457 808 est,
507 759 563 799 ad
603 772 700 811 quae
740 758 924 800 Orellius
964 760 1057 801 haec
1096 760 1240 810 refert,
1290 761 1414 814 longe
1446 761 1577 802 aliam
1610 774 1704 802 esse
1736 775 1807 802 ra-

210 832 370 872 tionem
413 833 554 883 patet;
603 831 741 871 simile
786 833 911 880 esset,
960 831 995 872 si
1039 832 1248 884 scriptum
1291 834 1406 873 esset
1434 832 1589 885 fallis·
1634 831 1809 873 Audeas

209 903 243 943 si
277 902 372 955 quis
406 901 639 942 defendere
673 902 801 952 volet,
844 905 1063 944 ὑποθετικῶς
1096 905 1138 943 et
1170 903 1428 956 generaliter
1458 904 1647 956 positum
1681 904 1806 954 dicet,

210 976 253 1014 et
295 975 445 1014 tamen
486 972 770 1025 redarguetur
812 973 1075 1026 imperfectis
1120 975 1337 1015 subiectis.
1400 974 1535 1016 Paulo
1567 978 1666 1027 post
1697 973 1720 1026 ἓ
1753 974 1808 1015 33

208 1058 296 1086 non
329 1044 492 1092 dubito,
527 1043 630 1096 quin
662 1045 706 1084 in
738 1045 820 1085 hac
852 1045 1087 1086 sententia:
1128 1060 1179 1085 ne
1210 1046 1280 1086 isti
1312 1045 1491 1099 (scaldem,
1525 1060 1623 1100 quos
1655 1046 1809 1100 leyatos

210 1129 291 1156 non
324 1114 442 1155 modo
477 1115 588 1155 nullo
620 1116 984 1168 senatusconsulto,
1018 1116 1090 1157 secl
1124 1118 1248 1157 etlam
1280 1121 1538 1171 repuqnante
1561 1121 1709 1157 senatu
1735 1116 1810 1157 tibi

210 1191 292 1227 tute
337 1186 517 1240 legsasti?
557 1209 610 1213 —
655 1186 771 1238 quin,
820 1187 1018 1240 inquam,
1068 1188 1290 1230 verissime
1332 1188 1389 1230 Io.
1423 1188 1536 1228 Frid.
1571 1187 1810 1229 Gronovius

210 1258 363 1313 leyatos
409 1258 499 1298 tolli
546 1257 748 1307 voluerit,
797 1271 885 1299 non
931 1259 1071 1300 solum
1120 1260 1175 1300 ol]
1222 1259 1483 1300 locutionem
1531 1259 1686 1313 leyatos
1731 1258 1811 1299 sethi

210 1330 349 1383 ἄρεω-ε
381 1327 496 1381 (quae
528 1341 615 1369 non
648 1329 822 1370 omnino
856 1329 1101 1370 defenditur
1134 1343 1187 1370 ex
1219 1332 1326 1371 orat.
1360 1330 1404 1370 in
1434 1330 1529 1370 Vat.
1563 1342 1598 1370 c.
1628 1329 1694 1379 15,
1738 1329 1808 1379 35,

211 1401 415 1453 quoniam
448 1400 609 1452 passivi
643 1400 726 1440 alia
761 1402 826 1441 est
858 1401 981 1449 ratio,
1016 1401 1133 1453 quod
1164 1414 1244 1442 nec
1276 1401 1367 1442 sine
1400 1401 1594 1442 subiecto
1623 1401 1725 1453 poni
1749 1401 1809 1442 ibi

210 1474 381 1524 poterat
412 1484 492 1511 nec
532 1470 655 1511 facile
697 1471 815 1512 aliud
854 1472 1098 1513 subiectum
1138 1472 1331 1524 habere),
1380 1472 1458 1513 sed
1504 1471 1620 1524 quod
1667 1472 1807 1513 alieno

211 1542 304 1583 loco
336 1542 380 1582 id
411 1541 671 1582 vocabulum
705 1542 894 1594 positum
928 1545 993 1583 est
1025 1542 1318 1595 orationisque
1343 1542 1528 1583 formam
1554 1542 1809 1595 corrumpit3

210 1626 313 1654 nam
347 1614 428 1665 isti,
462 1626 561 1667 quos
592 1614 652 1653 ita
685 1613 851 1663 dicitur,
885 1616 933 1654 ut
955 1619 1179 1667 appareat,
1214 1613 1465 1655 Ciceronem
1487 1627 1647 1655 nomen
1668 1613 1811 1667 ipsum

211 1684 450 1738 legatorum
484 1684 534 1724 iis
567 1685 637 1724 vix
671 1681 968 1737 concedere.1)

332 1755 377 1796 C.
406 1755 471 1805 15,
517 1755 573 1795 34
612 1755 805 1796 adducor
836 1768 961 1808 paene
994 1757 1041 1796 ut
1074 1755 1248 1796 credam
1282 1755 1531 1796 Ciceronem
1565 1756 1809 1808 scripsisse:

213 1840 335 1867 (arma
379 1827 421 1867 in
459 1827 606 1880 templo
649 1826 835 1867 Castoris
867 1827 1018 1880 palam
1065 1826 1433 1880 eomportccbcmtm·
1478 1825 1622 1879 (vulgo
1662 1829 1728 1867 est
1766 1827 1811 1866 in

212 1896 446 1951 templum),
495 1898 737 1950 praegnanti
785 1898 976 1950 quadam
1023 1897 1145 1938 Verbi
1192 1897 1523 1950 significatione,
1578 1899 1627 1938 ut
1675 1900 1808 1938 esset:

212 1968 580 2022 componebantur
612 1973 647 2009 et
681 1969 723 2008 m
756 1968 902 2022 templo
935 1967 1302 2009 coacervaabcmtur.
1366 1968 1490 2010 Certe
1529 1969 1573 2009 in
1613 1968 1706 2009 cod.
1741 1981 1810 2009 ar-

214 2039 398 2092 chetypo
430 2038 491 2080 ita
522 2039 667 2089 fuisse,
702 2040 891 2080 ostendit
913 2052 1148 2080 consensus
1173 2039 1266 2081 cod.
1289 2040 1402 2090 Par,
1436 2039 1607 2089 Bernn.,
1642 2038 1809 2080 Oxonn.

215 2111 343 2151 trium
377 2108 447 2162 (ex
479 2109 721 2163 quattuor),
756 2113 798 2151 et
829 2110 1112 2151 memorabile
1151 2112 1228 2160 est,
1270 2111 1314 2151 in
1346 2113 1454 2152 orat.
1487 2110 1530 2151 in
1562 2110 1705 2152 Pison.
1741 2110 1808 2161 10,

214 2181 270 2221 23
311 2181 495 2221 eandem
536 2182 703 2223 codices
744 2195 894 2223 omnes
935 2182 1098 2222 habere
1146 2181 1331 2222 formam
1380 2180 1523 2234 (arma
1568 2183 1614 2222 in
1661 2181 1809 2235 templo

218 2251 403 2292 Castoris·
434 2251 824 2305 comportcwentur).
888 2252 1092 2294 Similiter
1125 2252 1272 2293 Cicero
1317 2251 1422 2293 dixit
1465 2252 1642 2293 abiicere
1683 2266 1724 2293 se
1765 2253 1811 2292 in
1862 2266 1866 2270 ·

215 2321 344 2362 herba
382 2322 453 2374 (de
493 2322 613 2364 Orat.
647 2323 683 2373 Ι,
726 2323 748 2364 7
784 2323 909 2377 extr.)
955 2326 998 2365 et
1048 2323 1226 2364 abiicere
1276 2323 1449 2364 emulum
1492 2325 1536 2364 in
1581 2324 1696 2364 mari
1739 2322 1811 2377 (de

216 2392 337 2433 Finn.
373 2393 419 2442 V,
461 2393 517 2434 30
559 2392 699 2446 extr).
774 2394 821 2435 In
861 2398 968 2436 orat.
1003 2395 1056 2435 de
1089 2394 1227 2435 Domo
1260 2394 1329 2444 21,
1373 2394 1430 2434 54
1472 2394 1525 2435 de
1568 2394 1722 2435 eadem
1764 2406 1811 2434 re

217 2465 283 2504 est
315 2464 358 2503 in
392 2464 520 2504 cedem
556 2464 753 2506 Castoris.
807 2464 1021 2517 [Conferri
1054 2467 1236 2518 possunt
1268 2466 1514 2519 eonqreyari
1544 2466 1590 2505 in
1619 2464 1725 2518 fcmo
1757 2464 1811 2505 de

155 2557 159 2565 =
216 2534 309 2575 Div.
334 2535 363 2583 l,
397 2535 467 2584 41,
501 2536 570 2583 90,
607 2550 684 2576 mlo
717 2538 761 2577 in
794 2537 878 2577 loco
910 2538 1126 2577 convenire
1158 2535 1229 2588 (de
1253 2534 1402 2588 copiis)
1426 2535 1529 2577 ibid.
1554 2536 1603 2586 ΙΙ,
1637 2536 1706 2587 24,
1740 2536 1810 2586 52,

217 2606 325 2645 coire
357 2606 401 2645 in
433 2607 580 2659 templo
613 2606 730 2647 Suet.
764 2606 857 2648 Oct.
892 2608 961 2658 35,
996 2620 1179 2660 quaeque
1213 2606 1461 2658 scripsimus
1494 2607 1550 2648 ad
1582 2607 1724 2648 locum
1757 2606 1811 2647 de

218 2676 338 2717 Finn.
373 2690 413 2729 p.
449 2677 533 2717 774
566 2678 632 2718 ed.
667 2677 727 2730 3.]

257 2851 284 2893 ¹)
311 2853 350 2886 In
378 2856 586 2886 transcursu
614 2853 741 2893 dicam,
776 2854 812 2887 in
846 2864 900 2897 ep.
928 2855 971 2888 ad
1000 2854 1106 2888 Attic.
1135 2855 1192 2895 IV,
1225 2853 1246 2886 2
1272 2855 1339 2888 sub
1365 2854 1425 2888 fin.
1453 2854 1686 2889 scribendum
1713 2865 1809 2888 esse:

316 2913 390 2955 Eyo
417 2924 468 2944 me
495 2913 661 2954 Pompeio
687 2913 802 2955 lassari
829 2914 878 2946 ita
904 2924 983 2946 sum
1003 2925 1150 2957 passus,
1183 2913 1245 2947 ubi
1271 2913 1379 2956 vulgo
1406 2916 1460 2947 est
1485 2925 1508 2947 α
1535 2915 1700 2957 Pompelo
1727 2923 1808 2946 con—

317 2975 370 3004 tra
396 2981 502 3004 usum
529 2971 710 3013 loquendi.
