1915 3235
854 106 918 167 §5

98 237 277 285 alienius
309 237 368 278 illi
398 237 491 290 ipsi,
540 237 613 290 qui
655 236 951 290 imprudentes
991 235 1252 288 disputando
1291 248 1340 276 eo
1379 237 1681 288 pervenerunt,

99 307 430 350 confitebuntur.
491 308 666 349 Nullum
699 309 765 348 est
795 307 923 360 igitur
962 306 1135 348 omnino
1175 305 1421 347 Maecenatis
1459 305 1684 358 significati

98 377 316 419 indicium.
363 378 494 419 Estne
527 377 670 428 etiam,
705 391 780 419 cur
811 377 1074 430 significatus
1106 375 1280 417 omnino
1304 376 1448 428 putari
1469 378 1683 429 nequeat?

96 449 172 490 Est
217 461 332 489 vero.
394 448 587 489 Primum
635 448 749 489 enim
795 461 971 501 prorsus
1018 447 1098 488 loci
1145 446 1397 499 compositio
1444 446 1685 488 Horatiana
1723 484 1729 491 .

98 518 399 573 perturbatur,
448 518 505 560 ad
541 519 656 560 hunc
700 519 953 572 pusillorum
992 517 1217 559 hominum
1257 519 1416 558 coetum
1457 519 1500 558 et
1539 530 1684 558 exem-

97 590 266 643 plorum
300 602 322 630 e
353 589 482 630 turba
514 592 786 642 arreptorum
818 590 1054 630 Maecenate
1078 589 1321 641 aggregatO,
1355 587 1527 629 homine
1552 590 1685 629 tantae

97 659 336 713 dignitatis;
384 672 512 712 quem
559 660 733 712 quidem
781 659 987 701 Horatius
1035 659 1088 709 si,
1137 661 1184 699 ut
1229 658 1501 699 Weichertus
1548 660 1686 711 putat,

98 730 291 772 nondum
324 730 500 781 amicus,
549 731 626 771 sed
665 744 717 772 ex
757 730 888 771 civilis
921 730 1020 771 belli
1053 732 1093 770 et
1125 729 1446 782 proscriptionis
1478 728 1689 770 memoria

96 800 291 851 infestus,
338 802 460 842 tanto
499 814 629 854 opere
666 801 863 854 gestisset
901 803 1097 853 tangere,
1146 802 1194 841 ut
1230 800 1298 840 vel
1335 802 1524 850 mutato,
1573 800 1689 853 quod

97 885 313 924 nusquam
345 871 451 912 alias
484 872 658 922 faceret,
706 872 880 913 nomine
920 871 1238 924 aggrederetur,
1287 870 1411 911 aliter
1443 873 1485 911 et
1516 870 1687 923 gravius

98 955 324 996 aggressus
358 945 490 992 esset3
524 942 734 983 demissas
766 942 933 983 tunicas
966 942 1124 983 licebat
1147 941 1323 994 impune
1349 953 1688 982 commemorare

98 1016 261 1066 aperte.
322 1013 482 1053 Verum
515 1015 580 1053 est
618 1012 735 1053 aliud
773 1016 998 1066 praeterea,
1048 1012 1164 1066 quod
1202 1015 1340 1054 totam
1378 1024 1469 1052 rem
1508 1013 1687 1052 evertat.

97 1085 241 1135 Quum
281 1084 394 1125 enim
432 1083 556 1124 multi
595 1083 841 1134 sensissent,
891 1083 1114 1125 scurrilem
1154 1085 1196 1123 et
1233 1082 1289 1124 ab
1326 1081 1496 1123 Horatii
1534 1081 1688 1122 Maece-

97 1155 295 1208 natisque
328 1153 624 1196 coniunctione
657 1154 963 1196 alienissimam
997 1167 1091 1195 esse
1122 1153 1240 1195 illam
1272 1153 1352 1194 sub
1385 1152 1484 1193 ficto
1516 1151 1689 1194 nomine

98 1224 344 1266 Maecenatis
376 1224 628 1275 irrisionem,
672 1225 957 1275 Weichertus,
1006 1228 1054 1266 ut
1086 1224 1184 1274 dixi,
1233 1224 1345 1265 hanc
1378 1223 1555 1264 satiram
1589 1225 1690 1264 ante

99 1295 304 1349 scriptam
337 1309 430 1337 esse
472 1296 575 1346 vult,
625 1309 756 1348 quam
795 1296 1002 1337 Horatius
1041 1295 1265 1337 Maecenati
1299 1294 1688 1336 commendaretur.

98 1367 145 1407 In
177 1380 262 1419 quo
294 1366 437 1417 miror,
470 1367 609 1407 virum
643 1367 818 1408 doctum
851 1380 938 1408 non
971 1367 1194 1419 cogitasse,
1228 1365 1530 1406 scurrilitatem
1562 1364 1691 1405 istam

100 1437 232 1478 nihilo
263 1437 405 1478 minus
443 1451 634 1488 manere,
684 1438 889 1490 quoniam
929 1437 1104 1490 quidem
1143 1436 1349 1478 Horatius
1388 1438 1541 1488 postea
1578 1435 1691 1476 hanc

100 1507 278 1549 satiram
309 1522 396 1550 non
419 1511 634 1550 mutatam
660 1509 715 1550 ad
740 1509 884 1561 ipsum
911 1509 1192 1550 Maecenatem
1220 1521 1317 1548 cum
1348 1506 1499 1548 ceteris
1528 1505 1693 1547 miserit

99 1579 222 1632 eique
254 1579 530 1632 inscripserit.
544 1576 577 1632 1)
626 1580 736 1632 Ergo
768 1579 881 1621 hanc
904 1581 1041 1621 totam
1065 1579 1312 1620 Maecenatis
1337 1576 1692 1630 significationem

136 1753 165 1797 ¹)
191 1755 327 1790 Satiras
352 1756 503 1798 Horatii,
542 1759 692 1800 excepta
717 1755 845 1800 prima,
885 1757 1013 1790 eodem
1040 1755 1166 1790 ordine
1192 1755 1345 1799 scriptas
1371 1765 1458 1794 esse,
1498 1764 1570 1797 quo
1597 1763 1693 1787 nunc

194 1816 371 1860 legantur,
410 1816 526 1850 multa
557 1818 642 1849 sunt
673 1815 822 1852 indicio;
861 1815 924 1849 sed
958 1814 987 1848 si
1015 1815 1094 1859 quis
1121 1826 1164 1848 ex
1190 1814 1339 1858 singulis
1367 1824 1493 1848 eruere
1519 1812 1693 1857 temporis

192 1874 325 1908 indicia
350 1875 514 1915 voluerit,
541 1875 646 1908 valde
672 1878 800 1908 cautus
827 1885 904 1908 esse
930 1874 1054 1912 debet;
1081 1874 1287 1908 Weicherto
1315 1872 1454 1914 accidit,
1482 1876 1522 1906 ut
1542 1870 1588 1916 (p.
1609 1870 1692 1913 454)

193 1933 343 1967 satiram
368 1934 514 1968 tertiam
541 1933 700 1967 effecisse
727 1933 910 1975 scriberet,
938 1936 978 1967 ut
1004 1933 1185 1973 Horatius,
1214 1931 1359 1975 Virgilio
1380 1932 1560 1975 Varioque
1587 1931 1693 1964 inter-

193 1993 422 2034 cedentibus,
461 1992 497 2026 in
535 1991 739 2026 Maecenatis
777 1992 983 2026 convictum
1022 1995 1057 2026 et
1093 1991 1380 2026 familiaritatem
1417 1990 1692 2024 adscriberetur.

192 2052 305 2096 Atqui
331 2052 404 2086 iarn
430 2051 467 2085 in
500 2051 578 2095 ipsa
609 2050 720 2085 satira
753 2051 859 2084 tertia
891 2062 1036 2085 summa
1068 2050 1295 2086 familiaritas
1326 2050 1542 2094 perspicitur
1574 2048 1621 2092 (v.
1649 2048 1693 2082 63

194 2114 229 2145 et
261 2109 330 2154 64).
388 2110 425 2145 Ρ.
452 2110 521 2144 453
554 2110 746 2144 Horatium
778 2110 901 2143 scribit
935 2109 971 2143 in
1004 2110 1113 2143 satira
1146 2112 1277 2153 quarta
1313 2108 1440 2152 (quam
1472 2119 1545 2142 non
1578 2108 1693 2142 multo

192 2173 274 2214 post
299 2170 497 2204 secundam
523 2169 695 2213 scriptam
722 2180 800 2203 esse
826 2172 943 2213 patet;
983 2180 1046 2203 cur
1078 2168 1242 2212 proxime
1273 2171 1355 2212 post
1386 2179 1478 2209 eam,
1518 2168 1619 2201 nulla
1643 2167 1694 2201 in-

193 2228 352 2270 teriecta,
385 2228 518 2272 scripta
543 2231 702 2272 putetur,
741 2239 887 2272 prorsus
920 2227 1009 2262 nihil
1042 2226 1110 2270 est)
1147 2238 1221 2261 non
1247 2227 1361 2271 magis
1387 2238 1498 2271 quam
1524 2230 1632 2260 antea
1657 2226 1694 2260 in

193 2288 353 2322 secunda
378 2287 463 2322 viris
496 2288 592 2332 apud
626 2287 866 2321 Octavianum
899 2286 1064 2331 gratiosis
1095 2286 1314 2331 pepercisse;
1353 2297 1388 2330 p.
1415 2289 1538 2320 autem
1563 2284 1632 2318 427
1660 2288 1695 2319 et

192 2345 262 2379 428
288 2358 434 2381 versum
460 2346 563 2381 illum
590 2347 760 2380 Pastillos
785 2347 940 2388 Rufillus
967 2347 1042 2389 olet,
1071 2348 1279 2389 Garyonius
1304 2346 1444 2378 hircum
1470 2356 1513 2378 ex
1535 2344 1695 2378 secunda

193 2405 304 2439 satira
329 2405 366 2439 in
392 2409 522 2449 quarta
548 2405 742 2449 repetitum
769 2416 857 2446 esse,
891 2409 931 2439 ut
964 2408 1071 2449 poeta
1096 2416 1134 2438 se
1161 2407 1360 2445 excusaret,
1399 2404 1495 2447 quod
1527 2402 1693 2437 homines

196 2464 394 2498 Octaviano
421 2464 617 2498 familiares
643 2464 827 2501 irrisisset;
863 2463 996 2507 itaque,
1029 2467 1069 2497 ut
1094 2464 1145 2505 fit,
1180 2474 1294 2507 quum
1320 2462 1357 2496 in
1383 2462 1531 2506 singulis
1558 2461 1692 2505 aliquid

194 2523 390 2568 affingitur,
428 2523 495 2557 sibi
528 2522 751 2557 contradicit.
804 2523 873 2556 Sed
898 2523 995 2557 bella
1021 2526 1075 2557 est
1108 2522 1185 2566 ipsa
1217 2521 1401 2556 excusatio
1434 2524 1549 2565 poetae
1582 2519 1693 2564 indig—

194 2582 326 2624 nantis,
353 2594 391 2617 se
416 2582 644 2627 reprehendi,
671 2581 948 2625 irrisionemque
974 2581 1139 2616 acerbius
1166 2580 1380 2625 repetentis:

767 2642 860 2684 quod
885 2642 1026 2683 ineptus

336 2702 505 2735 Pastillos
530 2701 685 2743 Rufillus
711 2700 786 2741 olet,
816 2700 1023 2742 Garyom'us
1048 2700 1199 2732 hircum.

194 2760 286 2794 Sunt
323 2760 394 2795 alia
431 2758 694 2793 eiusdemmodi
732 2768 881 2801 operose
926 2757 1127 2801 excogitata
1171 2761 1207 2792 et
1252 2755 1468 2800 composita,
1513 2765 1594 2799 quae
1638 2754 1694 2788 vel

194 2819 320 2853 leviter
351 2821 449 2852 tacta
479 2821 663 2852 corruunt.
714 2816 785 2850 Sed
817 2816 893 2850 haec
930 2816 1007 2851 sine
1044 2817 1119 2851 ulla
1156 2816 1193 2850 in
1226 2816 1474 2850 Weichertum
1511 2816 1694 2848 contume-

193 2877 241 2912 lia
273 2877 368 2911 dicta
399 2880 517 2918 sunto,
556 2887 628 2920 qua
665 2875 826 2920 profecto
865 2875 1013 2920 indigna
1050 2878 1103 2910 est
1142 2875 1219 2909 eius
1257 2873 1410 2908 eruditio
1450 2876 1484 2907 et
1522 2871 1694 2906 sedulitas

194 2936 389 2979 quaerendi.

1711 1517 1745 1541 70
