1915 3235
853 119 936 161 491

104 250 213 291 senti
243 249 482 302 perfectum
515 248 793 300 distingueret
825 261 1008 301 eumque
1041 261 1166 289 usum
1206 248 1341 301 magis
1381 248 1511 289 etiam
1554 261 1684 301 quam

105 320 175 361 alii
223 320 278 360 ad
325 319 608 360 alienissimos
655 319 770 360 locos
817 318 1082 359 transferret.
1151 319 1321 360 Positus
1369 321 1445 368 est,
1494 321 1541 359 ut
1590 319 1688 368 dixi,

105 390 244 432 omnis
277 402 380 431 usus
402 389 454 445 *in
488 402 551 438 eo,
584 391 632 429 ut
664 401 715 429 ex
747 402 792 429 re
826 388 939 430 facta
972 387 1032 441 (id
1065 389 1177 429 enim
1211 389 1490 442 grammatice
1517 387 1760 441 dicitur)114

106 460 314 502 efficiatur
360 460 573 500 sententia
619 459 849 511 generalis,
899 472 1031 512 quum
1080 459 1372 509 concludatur,
1421 459 1536 500 idem
1584 459 1691 500 alias

105 543 275 584 quoque
306 530 418 579 fieri;
468 529 547 570 erit
584 530 712 582 igitur
749 543 827 582 pro
866 530 961 582 ipsa
992 529 1073 570 hac
1106 529 1320 570 sententia
1352 530 1543 571 narratio
1576 529 1691 570 idem

106 600 363 654 exprimens,
397 601 432 641 si
466 600 682 641 addideris
715 599 896 640 verbum
929 599 1103 652 aliquod
1137 599 1273 653 (ssepe,
1306 601 1439 653 multi,
1467 598 1690 655 plerique),

105 685 188 724 quo
220 670 482 724 significetur
512 683 580 711 res
612 670 859 723 frequenter
892 669 1020 710 facta.
1084 670 1226 723 Atque
1266 671 1308 711 in
1347 671 1429 712 hac
1462 670 1691 712 omissione

104 741 349 783 huiusmodi
381 741 610 782 Verborum
644 740 785 793 posita
818 742 883 781 est
913 740 1053 793 prima
1085 742 1338 794 proprietas,
1373 740 1451 781 etsi
1477 740 1693 781 interdum

104 813 173 854 illo
206 813 334 854 modo
367 812 630 865 significatur
663 811 792 852 etiam
826 810 881 859 id,
931 811 1046 863 quod
1078 810 1169 851 fieri
1201 823 1372 863 semper
1412 813 1454 852 et
1485 813 1694 864 perpetuo

104 883 223 932 solet,
257 883 423 935 longius
456 883 542 924 iam
575 896 656 923 usu
688 882 1002 935 progrediente,
1036 894 1173 933 eaque
1206 882 1471 923 consuetudo
1503 894 1694 934 praesen·

103 954 156 994 tis
188 953 394 1006 temporis
428 953 697 1003 describitur,
739 966 835 1005 quae
867 965 953 993 non
986 953 1086 1004 apte
1118 952 1334 993 narrando
1369 954 1648 1006 exprimatur.
1661 949 1694 1005 1)

103 1025 283 1066 Faciunt
324 1024 451 1077 igitur
494 1036 640 1076 prave,
690 1023 761 1076 qui
804 1036 877 1064 eos
919 1022 1035 1063 locos
1078 1022 1162 1062 huc
1193 1022 1399 1073 referunt,
1449 1023 1491 1064 in
1525 1024 1694 1076 quibus,

104 1095 311 1136 eiusmodi
344 1094 520 1136 vocibus
563 1094 733 1143 additis,
783 1094 966 1146 simplex
1006 1095 1071 1134 est
1109 1092 1320 1141 narratio:
1368 1094 1448 1135 nisi
1497 1094 1607 1135 forte
1655 1095 1697 1134 et

105 1165 224 1218 apud
255 1178 333 1206 nos
367 1167 409 1206 et
442 1165 558 1218 apud
592 1165 829 1206 Germanos
863 1164 1103 1216 perfectum
1145 1177 1222 1216 pro
1262 1167 1476 1216 praesente
1508 1164 1696 1217 positum

103 1235 280 1285 dicetur,
325 1236 441 1287 quod
481 1235 692 1288 generalis
725 1234 938 1275 sententia
971 1234 1024 1275 de
1055 1247 1102 1274 re
1134 1247 1249 1275 nunc
1283 1234 1413 1275 etiam
1447 1235 1538 1275 fieri
1572 1234 1697 1276 solita

103 1305 355 1358 exprimitur
388 1306 535 1347 addito
567 1306 623 1347 ad
654 1319 804 1346 Vocem
840 1305 1024 1359 Mcmyen
1057 1318 1106 1345 en
1144 1307 1219 1345 aut
1258 1305 1314 1346 ad
1348 1305 1552 1345 Maneher
1583 1318 1695 1357 prae-

102 1376 215 1417 teriti
247 1377 454 1429 temporis
486 1376 633 1417 verbo.
688 1376 800 1416 Nihil
834 1375 962 1428 igitur
993 1375 1075 1415 hoc
1109 1374 1210 1415 facit
1243 1375 1459 1417 Ciceronis
1492 1376 1610 1417 locus
1644 1375 1697 1416 de

102 1447 192 1488 Fin.
225 1447 242 1487 I
281 1446 411 1499 gaia.
462 1460 589 1499 quem
638 1446 721 1487 huc
770 1446 948 1487 trahunt
995 1445 1243 1486 Goerenzius
1292 1448 1334 1486 et
1382 1446 1698 1488 Ramshornius

103 1516 161 1570 (p.
196 1516 312 1569 600),
353 1518 457 1558 nihil
498 1517 685 1558 Sallustii
727 1516 850 1558 Catil.
884 1516 953 1565 51,
1000 1517 1049 1555 11
1086 1515 1224 1567 (multi
1255 1517 1441 1557 iniurias
1472 1530 1571 1557 suas
1600 1530 1699 1571 yra-

102 1589 194 1628 re'us
241 1602 355 1642 (equo
404 1586 614 1639 habuere).
664 1600 857 1640 quosque
898 1587 1012 1627 locos
1053 1586 1111 1627 ibi
1145 1587 1328 1628 Kritzius
1363 1587 1568 1636 laudavit,
1610 1587 1700 1628 Sal-

102 1659 200 1699 lust.
242 1658 365 1700 Catil.
404 1660 452 1699 11
496 1659 555 1711 (in
595 1672 679 1711 quo
720 1672 771 1699 ex
812 1658 1026 1699 contrario
1067 1660 1149 1698 est:
1199 1672 1321 1712 quam
1371 1672 1487 1698 rtemno
1534 1659 1702 1711 sapiens

103 1730 353 1783 eonc2t1227c·=2ft;
394 1730 531 1771 addas
564 1730 663 1770 licet
695 1727 911 1783 marsuam),
946 1729 1049 1769 Tac.
1083 1729 1195 1769 Anu.
1230 1729 1296 1779 III,
1331 1730 1385 1769 66
1421 1731 1541 1779 extr.,
1584 1729 1700 1778 nihil,

103 1814 186 1853 quo
221 1800 442 1842 &Valchius
475 1802 622 1850 utitur,
657 1800 758 1840 Sall.
793 1799 915 1840 Catil.
951 1812 985 1839 c.
1020 1800 1046 1839 2
1080 1798 1169 1851 (sed
1200 1801 1321 1840 multi
1352 1800 1548 1840 mortales
1581 1797 1697 1850 cet).

101 1871 163 1911 Ne
196 1871 365 1912 Horatii
399 1871 572 1924 quidem
613 1871 732 1911 locus
767 1869 847 1911 Od.
881 1870 947 1919 III,
992 1870 1060 1919 29,
1109 1871 1156 1910 113
1200 1871 1255 1911 ad
1294 1872 1376 1911 hoc
1417 1883 1551 1923 genus
1592 1869 1703 1910 refe-

103 1942 261 1982 rendus
296 1944 359 1983 est
392 1943 447 1983 ol)
482 1942 674 1983 additum
703 1942 962 1995 plerumque.
1011 1941 1098 1981 Nec
1133 1941 1273 1982 minor
1306 1954 1455 1982 eorum
1482 1945 1547 1981 est
1572 1953 1702 1990 error,

106 2014 177 2066 qui
211 2026 307 2054 cum
340 2015 422 2054 hac
454 2012 658 2065 loquendi
690 2012 857 2052 ratione
892 2011 1162 2052 confundunt
1200 2025 1327 2053 usum
1369 2012 1621 2053 Latinorum
1662 2010 1705 2051 in

107 2083 387 2136 significando
421 2084 576 2124 effectu
609 2096 782 2135 semper
814 2082 1036 2131 redeunte,
1071 2082 1105 2123 si
1137 2095 1205 2123 res
1240 2082 1385 2135 aliqua
1409 2082 1596 2131 redierit,
1631 2081 1705 2122 ubi

102 2154 342 2206 perfectum
378 2167 469 2194 rem
504 2153 823 2206 praecedentem
859 2155 901 2193 et
933 2155 1033 2193 ante
1066 2156 1289 2205 peractam
1322 2153 1495 2201 indicat,
1530 2165 1706 2205 prorsus

102 2225 157 2265 ad
188 2225 385 2277 regulam
422 2224 690 2278 (Quocunque
724 2224 965 2277 adspeoeisti,
1003 2223 1136 2276 fhtria’
1168 2229 1390 2264 occurrunt
1424 2221 1536 2273 cet).
1593 2223 1706 2264 Con-

103 2295 212 2336 fudit
245 2297 393 2336 tamen
424 2296 517 2336 haec
549 2295 613 2335 vir
646 2295 840 2347 egregius
873 2294 902 2334 I.
930 2294 998 2334 Fr.
1027 2294 1266 2335 Gronovius
1301 2294 1374 2347 (ad
1404 2295 1555 2336 Senec.
1586 2294 1709 2347 epist.

107 2364 221 2418 114),
255 2379 394 2419 nuper
427 2366 557 2407 etiam
591 2366 873 2406 Frotscherus
914 2364 970 2405 ad
1003 2364 1183 2414 Quintil.
1216 2366 1267 2413 X,
1304 2366 1341 2415 7,
1379 2365 1446 2406 14.
1510 2365 1621 2406 Nam
1658 2364 1710 2405 de

103 2436 155 2477 iis
187 2436 291 2477 locis
326 2437 429 2489 quid
462 2437 616 2485 dicam,
666 2437 708 2476 in
750 2436 905 2488 quihus
949 2437 1066 2476 certa
1107 2435 1294 2477 definitae
1333 2436 1394 2477 rei
1428 2435 1620 2477 narratio
1655 2435 1710 2476 ab

104 2507 417 2559 interpretibus
454 2507 716 2548 convertitur
748 2506 790 2546 in
823 2505 1082 2546 sententiam
1123 2506 1382 2558 generalem,
1424 2509 1471 2547 ut
1503 2507 1711 2547 observa-

102 2577 320 2618 tiunculae
355 2577 408 2618 de
447 2578 604 2618 aoristo
637 2576 904 2617 inculcandae
937 2576 1105 2617 occasio
1137 2577 1222 2618 sit‘?
1270 2577 1387 2618 Fecit
1425 2578 1506 2618 hoc
1538 2577 1712 2617 Beierus

141 2763 169 2806 ¹)
199 2765 332 2799 Parum
372 2768 479 2806 recte,
517 2765 546 2798 si
588 2765 632 2799 de
672 2764 812 2798 ratione
853 2762 1043 2797 locutionis
1083 2774 1234 2807 quaeras,
1274 2764 1382 2798 etiam
1419 2763 1604 2797 Bentleius
1630 2763 1652 2796 l.
1680 2763 1712 2799 1.,

201 2825 381 2867 Perpetui,
410 2823 540 2867 inquit,
568 2825 630 2857 hoc
656 2824 825 2866 temporis
851 2827 912 2865 est,
934 2823 1087 2865 perinde
1113 2834 1155 2856 ac
1180 2825 1214 2856 si
1237 2824 1403 2856 dixisset:
1439 2822 1631 2865 explicant,
1659 2831 1716 2854 ex-

205 2882 414 2926 plicabunt,
454 2882 715 2926 explicuerunt.
780 2880 992 2915 Relabirnur
1031 2891 1134 2924 paene
1172 2881 1218 2914 ad
1257 2880 1392 2915 Sanctii
1432 2880 1633 2914 doctrinam
1672 2879 1716 2913 de

210 2940 369 2984 perfecto
396 2940 564 2974 infinitivi
591 2940 756 2974 omnium
782 2943 989 2984 temporum
1016 2939 1093 2973 vice
1120 2939 1305 2983 fungente.

1731 2233 1781 2257 115
