1915 3235
152 591 188 616 48

155 1722 190 1747 49

973 98 1027 139 38

208 229 339 269 missa
370 228 556 280 fingitur.
611 227 697 268 Sed
728 227 821 268 haec
852 228 993 280 ipsam
1026 240 1117 268 rem
1149 241 1236 269 non
1267 227 1393 269 valde
1427 229 1655 281 attingunt,
1690 242 1796 282 quo—

207 300 324 340 niam
371 299 494 340 aliter
540 298 640 351 fingi
682 300 876 351 possunt.
948 298 1109 339 Verum
1155 299 1251 352 ipsa
1297 299 1564 352 comparatio
1611 299 1709 341 Cari
1755 302 1799 340 et

208 368 440 422 Thymeles
488 370 730 410 summissae
776 381 863 410 non
911 373 1015 421 apta
1068 368 1259 418 videtur,
1316 369 1502 411 hominis
1560 370 1798 412 delatorem

207 452 385 480 munere
418 440 636 493 palpantis
669 442 712 480 et
743 439 932 494 moechae
958 440 1151 481 subdolis
1185 440 1404 482 blanditiis
1436 440 1641 482 stolidum
1666 441 1798 482 mari-

206 511 298 550 tum
347 510 631 551 delenientis.r
679 510 828 563 Itaque
876 511 981 552 mihi
1027 511 1298 553 redeundum
1355 524 1447 552 esse
1504 511 1561 553 ad
1606 513 1799 552 veterem

207 582 527 622 enarrationem
571 581 801 622 videbatur
848 581 908 635 (in
956 596 1041 636 qua
1088 585 1211 636 patet
1258 582 1314 623 ad
1359 595 1519 623 nomen
1566 581 1800 636 Thymeles

208 651 518 692 assumendum
566 654 735 692 tantum
786 665 879 694 esse
922 654 1092 707 palpat,
1149 666 1236 694 non
1288 667 1459 693 munere
1504 654 1678 707 palpat3
1737 655 1801 694 est

207 721 321 761 enim
345 721 433 762 fere
463 722 592 772 idem,
627 735 676 763 ac
704 724 739 764 si
765 723 942 764 dixisset
975 728 1011 765 et
1042 738 1160 779 quem
1193 724 1376 765 Latinus
1399 725 1553 778 palpat
1586 723 1663 764 Th.
1688 737 1801 765 sum-

206 790 366 844 missa),
400 793 493 835 etsi.
542 806 638 846 quae
680 794 777 835 talis
817 794 969 836 fuisset
1005 795 1161 836 horum
1193 796 1418 836 hominum
1452 795 1707 845 coniunctio,
1756 799 1803 835 ut

207 862 384 903 Latinus
418 863 661 917 Thymelen
692 878 770 916 pro
798 878 843 906 se
868 867 1171 917 summitteret,
1204 867 1474 919 ignorabam.
1523 865 1805 907 Confirmavit

206 932 317 973 hanc
350 935 611 976 sententiam
644 937 927 978 memorabile
960 937 1152 979 scholion
1185 937 1241 978 ad
1273 939 1353 978 sat.
1386 936 1453 985 IV,
1487 936 1557 987 53,
1590 949 1725 978 unum
1751 949 1803 977 ex

208 1003 268 1052 iis,
318 1004 361 1044 in
409 1005 564 1057 quibus
612 1019 680 1047 res
728 1007 942 1049 historicae
990 1011 1105 1049 recte
1153 1011 1196 1049 et
1227 1009 1319 1062 sine
1352 1008 1440 1048 ulla
1477 1007 1803 1060 perturbatione

207 1074 450 1125 traduntur,
485 1081 540 1126 et,
575 1077 691 1130 quod
723 1079 765 1118 in
789 1078 855 1119 his
881 1079 1051 1121 scholiis
1080 1080 1349 1120 rarissimum
1375 1080 1458 1127 est,
1487 1078 1664 1119 laudato
1688 1078 1804 1119 bono

209 1150 398 1187 auctore.
462 1147 678 1200 Scriptum
723 1152 789 1190 est
831 1151 945 1191 enim
988 1153 1147 1203 praeter
1190 1150 1294 1190 alia:
1343 1163 1435 1190 cum
1475 1149 1655 1202 fuissent
1696 1150 1806 1209 inter

209 1215 414 1258 delatores
438 1222 625 1271 potentes
665 1220 780 1273 apud
820 1221 1113 1261 Domitianum
1153 1226 1189 1262 et
1231 1221 1287 1269 hi,
1327 1220 1604 1273 Armfflatas,
1654 1220 1804 1262 Demo-

207 1286 368 1327 sthenes
401 1293 437 1328 et
469 1288 652 1331 Latinus
684 1291 971 1342 archimimus,
1012 1294 1117 1333 sicat
1158 1292 1329 1333 Marius
1368 1291 1587 1333 stlaximas
1624 1293 1804 1346 scripsit.

209 1357 446 1400 Commode
485 1361 698 1403 Maximus
738 1364 780 1403 in
822 1364 911 1404 Vita
951 1363 1128 1404 Traiani
1177 1362 1296 1416 (nam
1346 1363 1523 1404 Traiani
1572 1366 1614 1404 et
1661 1363 1805 1416 proxi-

209 1442 378 1470 morum
418 1431 730 1484 imperatorum
771 1434 827 1474 ad
865 1434 1165 1487 Eliogabalum
1203 1435 1314 1475 vitas
1357 1433 1543 1487 scripsit)
1594 1435 1805 1475 saevitiam

208 1503 454 1553 temporum
488 1502 721 1544 Domitiani
755 1508 797 1546 et
829 1505 1043 1546 delatores
1078 1519 1420 1547 commemorare
1444 1506 1597 1558 potuit.
1647 1505 1806 1546 Carum

210 1571 456 1614 Domitiano
505 1574 707 1615 Latinum
756 1576 900 1626 fuisse,
951 1579 1120 1618 constat
1169 1590 1221 1618 ex
1261 1576 1437 1618 Sueton.
1476 1576 1635 1618 Domit.
1672 1576 1725 1617 15
1765 1580 1807 1617 et

210 1642 393 1684 Martiai.
428 1644 497 1694 IX,
532 1645 587 1685 29
621 1644 693 1698 (28
728 1632 960 1699 samen),
997 1647 1019 1688 7
1055 1650 1097 1688 et
1130 1644 1215 1699 81)

328 1713 407 1755 His
440 1715 541 1756 locis
574 1718 713 1758 visum
748 1721 812 1759 est
843 1718 1054 1760 subiicere
1086 1718 1336 1768 faciliorem,
1370 1720 1413 1759 in
1446 1733 1530 1772 quo
1552 1732 1639 1760 non
1672 1720 1807 1760 anim-

211 1784 395 1826 adversa
434 1786 666 1828 verborum
708 1790 748 1829 vi
789 1789 842 1830 de
880 1803 925 1830 re
966 1803 1017 1830 ex
1065 1790 1322 1842 antiquitate
1369 1791 1553 1843 repetita
1591 1790 1808 1831 intellecta

211 1858 323 1905 sunt,
365 1870 461 1909 quae
496 1872 519 1899 a
553 1859 755 1908 Iuyenale
788 1874 865 1913 pro
897 1861 1112 1902 sententia
1145 1861 1363 1901 communi
1396 1862 1534 1913 posita
1570 1863 1705 1902 erant.
1761 1861 1808 1901 In

250 2041 280 2085 ¹)
305 2045 356 2079 De
377 2045 551 2090 Thymele
577 2048 678 2082 locus
705 2052 758 2083 est
785 2049 820 2082 in
842 2053 907 2083 sat.
928 2049 985 2090 VI,
1013 2048 1068 2091 55,
1096 2048 1151 2090 66,
1178 2048 1251 2090 ubi,
1278 2059 1324 2082 ne
1351 2049 1467 2083 multa
1493 2049 1609 2083 dicam
1636 2050 1681 2083 de
1700 2049 1809 2083 rebus

307 2115 437 2147 parum
464 2107 637 2149 honestis,
672 2109 767 2142 male
794 2108 1025 2152 coniungitur
1051 2109 1265 2142 subitum-et
1290 2109 1501 2150 miserabile,
1528 2110 1690 2152 lonymm
1723 2119 1810 2142 nam

307 2175 426 2208 neque
452 2167 591 2210 copulae
618 2167 668 2201 ita
693 2168 819 2211 positae
846 2171 881 2202 et
906 2167 1048 2201 oniissae
1075 2167 1242 2210 exempla
1267 2167 1409 2211 prolata
1440 2171 1526 2201 sunt
1558 2171 1621 2201 aut
1646 2178 1810 2211 unquam

307 2224 548 2268 proferentur,
588 2230 623 2260 et
648 2226 813 2261 inaudita
845 2238 992 2270 prorsus
1018 2226 1230 2270 significatio
1257 2225 1376 2260 verbis
1402 2225 1597 2271 affingitur,
1632 2226 1810 2261 vocabulo

307 2285 452 2327 tanqum
489 2285 547 2319 vel
585 2286 753 2326 1·idicula;
799 2287 893 2329 quod
934 2286 1032 2320 enim
1075 2286 1144 2320 hoc
1187 2296 1299 2329 genus
1344 2285 1546 2320 saltationis
1591 2288 1662 2326 est,
1714 2285 1809 2329 quod

308 2344 453 2386 Zonyum
480 2344 668 2388 exprimat,
696 2348 759 2378 aut
785 2345 865 2388 quis
891 2346 949 2379 hic
974 2345 1151 2379 affectus?
1188 2345 1260 2378 Nec
1285 2355 1373 2378 sane
1399 2345 1475 2378 haec
1502 2344 1809 2389 exprimebantur,

308 2402 371 2436 sed
409 2403 533 2438 mollia
571 2407 606 2437 et
638 2404 783 2444 lasciva,
822 2415 902 2448 quae
935 2404 1117 2448 quomodo
1143 2406 1353 2447 spectentur
1379 2415 1399 2437 a
1425 2403 1581 2444 feminis,
1619 2406 1727 2447 poeta
1753 2403 1810 2437 de-

310 2460 443 2495 scribit.
495 2462 830 2507 Interpungendum
857 2467 926 2497 est:

689 2522 834 2566 Appula
859 2523 995 2566 gannit,

429 2580 528 2615 Sicut
554 2580 590 2614 in
617 2582 798 2625 amplexu,
825 2582 987 2615 subitum
1015 2585 1049 2616 et
1074 2580 1296 2615 miserabile:
1324 2581 1471 2623 longum

431 2639 595 2673 Attendit
620 2640 806 2683 Thymele,
838 2641 999 2685 Thymele
1025 2644 1112 2674 tunc
1137 2639 1272 2673 rustica
1297 2638 1411 2673 discit.

312 2698 499 2733 Adiectiva
536 2711 601 2744 pro
639 2700 818 2734 adverbiis
853 2702 954 2740 sunt;
992 2699 1141 2743 longum
1179 2698 1343 2738 attendit,
1383 2697 1484 2731 cuius
1522 2697 1666 2731 animus
1703 2696 1810 2740 plane

313 2757 452 2792 defixus
479 2762 533 2792 est
559 2759 594 2792 in
621 2758 927 2802 contemplatione
953 2769 1020 2791 nec
1046 2757 1129 2798 inde
1154 2757 1316 2791 abstrahi
1342 2759 1470 2801 potest.
1521 2755 1667 2789 Minime
1687 2758 1810 2789 autem

313 2816 506 2860 Thymeles
533 2818 680 2851 nomine
707 2818 879 2851 rusticam
906 2820 941 2850 et
967 2817 1092 2851 rudem
1127 2816 1287 2861 puellam
1321 2814 1526 2860 appellavit.
1585 2814 1703 2848 Tanta
1734 2813 1810 2847 libi-

314 2875 407 2910 dinis
433 2876 622 2910 movendae
648 2879 724 2909 arte
750 2876 961 2919 Bathyllum
988 2875 1120 2909 saltare
1146 2874 1241 2917 dicit,
1267 2877 1308 2909 ut
1334 2874 1390 2908 vel
1416 2873 1590 2917 Thymele
1616 2872 1749 2907 rustica
1776 2875 1810 2906 et

313 2935 400 2969 artis
426 2934 594 2979 imperita
619 2934 784 2968 videatur
810 2938 845 2968 et
871 2934 994 2968 discat.
