1915 3235
830 111 912 153 527

82 244 245 296 opinor,
293 255 379 283 non
419 241 687 282 dubitanter:
736 245 772 282 et
801 254 930 295 porco
966 240 1129 294 femina
1161 237 1370 293 piandum
1383 252 1400 289 ,·
1447 241 1491 277 at
1521 237 1558 278 si
1591 237 1670 277 cet.

82 313 243 354 Davisii
274 313 355 354 hoc
387 314 453 353 est
491 313 727 361 inventum,
775 313 857 353 nisi
900 311 1015 364 quod
1058 310 1173 365 atqu-2?
1210 308 1366 362 posuit,
1414 306 1670 361 particulam

84 384 182 425 hinc
213 396 388 436 prorsus
422 383 622 424 alienam.

203 454 248 495 C.
282 454 351 504 23,
386 453 462 495 58:
507 453 589 494 Sed
620 454 665 493 in
696 454 797 494 urbe
829 453 997 507 sepeliri
1029 453 1094 492 lese
1124 455 1245 492 vetat.
1310 450 1378 491 Sic
1410 450 1614 490 decretum
1651 463 1674 488 a

81 524 321 578 pontificum
354 525 531 578 collegio,
572 537 654 564 non
687 538 768 566 esse
800 525 878 576 ius,
919 525 965 564 in
997 524 1080 563 loeo
1105 522 1272 576 publico
1302 521 1398 574 fieri
1429 521 1676 575 sepulerum.

88 595 237 648 Neque
285 608 360 636 cur
407 594 449 635 in
496 595 637 647 priore
685 595 899 636 sententia
942 607 1019 647 per
1059 593 1376 634 adversativam
1422 591 1676 644 particulam

87 668 319 718 repetatur,
370 666 485 719 quod
516 665 603 707 iam
637 666 797 707 dictum
832 667 937 715 erat,
983 667 1178 717 apparet,
1226 676 1366 715 neque
1399 676 1483 715 quo
1516 663 1679 714 spectet

87 736 130 776 in
162 736 297 777 altera
336 737 550 778 sententia
594 737 807 789 particula
848 737 920 777 sie.
982 735 1224 787 Utrumque
1266 733 1543 787 perspicuum
1588 731 1680 772 erit.

88 807 283 848 retractis
317 807 487 848 duabus
519 808 684 857 litteris,
733 821 830 861 quae
872 809 970 860 post
1013 806 1081 846 Set
1123 805 1393 846 exciderunt:
1445 803 1512 844 Set
1553 807 1599 843 ut
1641 803 1681 842 in

88 877 189 918 urbe
220 878 388 931 sepeliri
419 879 484 919 lex
515 883 637 931 vetat,
686 879 745 919 sie
787 877 994 918 decretum
1037 879 1117 917 cet.
1180 876 1270 917 Iam
1313 875 1533 928 repetitur,
1584 872 1684 926 quid

91 948 145 989 sit
176 948 219 988 in
251 949 356 1001 lege,
406 951 453 990 ut
495 949 786 990 similitudinis
819 947 1128 1001 significatione
1158 946 1365 988 transitus
1398 946 1487 987 fiat.
1550 944 1686 985 Paulo

95 1020 194 1059 ante
227 1019 270 1059 in
303 1019 522 1061 codicibus
557 1023 640 1061 est:
679 1019 790 1071 Quid
813 1024 909 1073 post
940 1018 1045 1059 XII
1072 1019 1112 1058 in
1144 1017 1243 1058 urbe
1274 1017 1423 1071 sepulti
1455 1020 1550 1057 sunt
1582 1015 1689 1055 clari

96 1089 208 1129 viri?
253 1090 509 1142 Suppletum
545 1093 628 1132 est:
667 1090 811 1142 Quid?
840 1091 910 1146 qui
935 1094 1030 1144 post
1062 1088 1166 1129 XII
1191 1089 1233 1129 in
1268 1087 1368 1128 fem-be
1399 1087 1549 1141 sepultir
1581 1090 1688 1130 sunt,

96 1160 204 1200 clari
234 1161 346 1200 viri?
375 1175 461 1202 non
494 1165 622 1203 recte.
672 1162 740 1203 Sic
774 1162 887 1202 enim
921 1160 1198 1214 significatur,
1233 1162 1332 1200 ante
1368 1159 1419 1199 de
1443 1156 1689 1199 hominibus

95 1244 191 1272 esse
223 1231 399 1283 dictum,
450 1235 491 1273 et
534 1233 586 1273 de
624 1232 872 1274 hominibus
913 1231 1132 1285 quaeritur.
1194 1230 1365 1271 Dictum
1408 1231 1555 1270 autem
1600 1229 1689 1268 erat

100 1300 152 1341 de
185 1314 243 1351 re,
279 1305 321 1342 et
354 1303 406 1344 de
442 1317 493 1344 ea
524 1304 692 1344 Atticus
725 1303 973 1356 interrogat,
1009 1302 1081 1354 qui
1113 1301 1433 1343 accommodari
1466 1299 1521 1341 ad
1553 1299 1690 1351 legem

97 1371 140 1411 id
170 1372 318 1424 possit,
369 1375 483 1427 quod
527 1376 625 1427 post
665 1387 760 1415 eam
801 1374 933 1415 latam
969 1373 1130 1414 factum
1165 1374 1344 1414 constet.
1407 1371 1557 1422 Itaque
1590 1368 1692 1409 scri-

98 1442 288 1484 bendum
323 1447 437 1487 erat:
476 1445 598 1498 Quid,
633 1445 741 1500 quod
775 1469 826 1472 —
861 1445 1011 1498 sepulti
1042 1448 1137 1484 sunt
1169 1443 1276 1483 clari.
1308 1441 1420 1482 viri?
1431 1439 1464 1493 ¹)

217 1514 262 1555 C.
297 1516 372 1566 25,
422 1518 497 1557 652:
556 1516 720 1557 Nostrse
767 1515 932 1571 quictem
980 1515 1081 1568 quis
1127 1515 1391 1567 ·2·nte›·pretes,
1440 1525 1516 1567 (suo
1564 1511 1696 1564 capite

98 1584 289 1626 iubemur
334 1593 521 1642 szmzptus
568 1592 604 1628 et
650 1587 801 1627 luctmn
844 1598 1048 1626 removere
1088 1599 1111 1624 a
1152 1584 1321 1625 deorum
1363 1584 1551 1624 manium
1593 1583 1695 1627 iure,

105 1655 178 1696 hoc
209 1657 445 1713 'intellifflmt
476 1660 521 1699 ivn
553 1659 723 1713 primis,
772 1657 1052 1710 sepulcrorum
1098 1654 1450 1709 maynificentimn
1498 1667 1580 1694 esse
1622 1653 1697 1692 mi-

102 1727 326 1770 nuendam.
391 1731 460 1772 Sic
493 1730 676 1771 Orellius
710 1728 855 1777 edidit,
889 1728 933 1768 in
967 1727 1169 1775 iubentur,
1214 1725 1327 1778 quod
1370 1728 1435 1766 est
1466 1724 1509 1765 in
1543 1722 1697 1765 codici-

103 1797 198 1848 bus,
248 1802 458 1843 mutando
503 1801 739 1842 multorum
778 1802 951 1840 secutus
996 1798 1214 1846 iudicium,
1262 1809 1349 1838 non
1388 1798 1504 1836 recte
1537 1797 1698 1835 tamen.

105 1868 190 1909 Sed
238 1870 345 1912 alius
394 1875 459 1914 est
506 1873 622 1924 prior
670 1873 711 1912 et
759 1870 814 1911 ad
854 1882 1004 1911 omnes
1044 1871 1305 1922 pervagatus
1348 1879 1480 1908 error.
1551 1865 1700 1917 Neque

106 1939 232 1990 enim,
280 1944 326 1983 ut
357 1945 632 1995 putaverunt,
683 1942 830 1983 Cicero
863 1941 933 1982 hic
965 1941 1018 1981 de
1052 1941 1144 1992 lege
1178 1939 1321 1991 aliqua
1353 1938 1554 1978 Romana
1588 1935 1700 1975 eius-

107 2008 188 2068 que
221 2012 528 2066 interpretibus
561 2013 762 2066 loquitur.
826 2012 936 2053 Nam
970 2024 1049 2052 nec
1090 2011 1177 2051 ulla
1217 2012 1310 2050 erat
1348 2006 1596 2049 huiusmodi
1634 2006 1702 2046 lex

107 2082 197 2121 tam
229 2084 429 2126 universe
462 2085 634 2138 scripta,
668 2097 747 2124 nec
780 2083 882 2136 quid
910 2082 1197 2123 iurisconsulti
1222 2080 1519 2132 intelligerent,
1555 2077 1702 2119 Cicero

110 2154 346 2205 quaerebat,
380 2169 459 2197 nec
492 2155 551 2196 illi
583 2155 642 2196 sic
676 2154 952 2207 exponebant
976 2154 1118 2206 legum
1143 2151 1393 2199 sententias,
1428 2154 1475 2190 ut
1499 2148 1703 2190 docerent

108 2225 317 2276 tanquam
351 2226 544 2280 magistri
578 2228 619 2266 et
650 2239 819 2266 morum
855 2228 1132 2272 correctores,
1174 2222 1471 2274 sepulcrorum
1506 2218 1703 2272 magnifi-

111 2295 296 2336 centiam
330 2310 424 2338 esse
464 2297 758 2338 minuendam.
823 2295 1019 2336 Nostram
1069 2295 1194 2348 Zeyem
1238 2305 1372 2345 quum
1416 2291 1530 2340 dicit,
1581 2302 1702 2331 suam

110 2363 318 2419 intelligit,
359 2382 491 2421 supra
530 2369 716 2421 positam
750 2365 773 2418 ἓ
807 2366 862 2407 22
895 2365 1117 2418 (sumptum
1152 2364 1196 2403 ἐἴη
1229 2363 1328 2403 ellos
1360 2363 1592 2416 luctumque
1624 2361 1704 2400 mi-

111 2435 299 2489 natanto),
334 2441 375 2480 et
407 2441 451 2480 in
483 2452 533 2480 ea
567 2452 613 2480 se
646 2437 873 2479 scribenda
904 2436 967 2477 vel
994 2436 1181 2490 maxime
1206 2434 1384 2474 nimiam
1410 2432 1706 2485 sepulcrorum

112 2508 476 2560 magnificentiam
524 2513 699 2551 notasse
751 2508 865 2549 dicit.
945 2507 1092 2558 Itaque
1140 2518 1227 2546 non
1276 2505 1509 2557 intelliqmzt
1557 2502 1706 2544 Cicero

151 2703 180 2748 1>
207 2707 337 2744 Mirum
375 2715 440 2753 est,
479 2722 564 2745 mox
598 2709 688 2752 §59
721 2707 863 2742 silentio
896 2706 1070 2751 praeteriri
1109 2704 1349 2739 necessariam
1390 2713 1536 2747 prorsus
1575 2700 1708 2734 Davisii

209 2769 489 2805 correctionem:
527 2769 859 2811 lamentationisque
902 2767 1066 2809 funebris
1097 2775 1162 2808 pro
1195 2765 1277 2797 lam.
1310 2763 1461 2805 funeris.
1518 2760 1595 2793 Non
1629 2758 1710 2792 dici-

210 2829 269 2861 tur
300 2828 431 2863 usitate
465 2830 670 2864 lamentatio
700 2828 842 2870 funeris
880 2825 923 2859 de
961 2835 1091 2868 genere
1128 2823 1239 2864 (recte
1279 2824 1405 2855 contra
1443 2819 1581 2853 dicetur
1620 2819 1712 2850 inte]-

210 2889 325 2932 ipsam
365 2890 649 2922 lamentationem
686 2882 858 2929 funeris),
898 2884 1012 2918 multo
1051 2883 1171 2916 minus
1209 2881 1409 2915 minuenda>
1448 2879 1712 2912 lamentationis

211 2949 363 2992 funeris.

1724 1946 1772 1971 160
