1915 3235
122 907 173 931 488

951 133 1036 175 378

197 260 445 302 Ciceronem
469 262 657 315 prcebuit
689 262 897 305 excidisse
929 263 1112 304 videtur.
1176 262 1262 303 Sed
1300 264 1526 314 perspecto
1558 261 1640 302 hoc
1672 261 1788 303 codi-

196 332 254 372 cis
289 332 511 385 archetypi
543 333 586 373 in
619 334 700 374 hoc
732 334 824 375 loco
848 335 1018 383 mendo,
1052 333 1297 387 patefactus
1321 332 1463 373 aditus
1487 335 1552 373 est
1580 331 1636 373 ad
1659 332 1789 379 aliam

197 402 549 455 disputationem.
620 404 730 445 Nam
777 418 872 457 quae
915 407 1155 457 sequuntur
1196 403 1349 445 Verba:
1399 402 1542 444 Huius
1581 404 1715 444 oratio
1755 408 1790 444 et

188 474 415 527 peryrcwis
447 478 483 514 et
512 479 640 528 yram
678 476 857 516 contioni
893 475 992 528 fuit,
1042 489 1093 516 ea
1134 475 1323 528 primum
1367 474 1501 515 codex
1543 473 1685 514 nullus
1729 474 1790 514 sic

195 544 355 597 scripta
387 545 533 595 habet,
567 558 646 585 nec
678 545 750 593 ita,
786 549 833 587 ut
866 559 917 587 ex
950 547 1031 587 hac
1063 547 1277 599 scriptura
1309 545 1392 586 illae
1424 546 1530 586 ortae
1562 557 1657 585 esse
1689 558 1788 597 pos-

195 615 292 656 sint.
357 614 510 669 (Paris.
546 617 589 656 in
621 618 817 667 contione,
851 617 1008 658 Bernn.
1043 619 1085 658 et
1116 617 1281 670 reliqui,
1324 616 1401 657 etsi
1437 615 1646 657 Gruterus
1679 616 1786 665 silet,

196 686 239 725 in
285 685 551 736 contionibus,
601 700 653 727 ex
701 701 785 740 quo
825 688 1008 729 Orellius
1048 688 1167 729 fecit:
1216 689 1260 728 in
1292 688 1475 728 contione
1521 683 1788 740 omnibus.)²)

193 755 357 797 Deinde
390 770 566 809 prorsus
599 772 720 811 nego,
771 759 1020 800 Ciceronem
1060 761 1151 800 tam
1191 759 1343 811 frigide
1376 762 1419 800 et
1451 758 1615 800 exiliter
1648 758 1789 799 dicere

193 828 385 881 potuisse
418 828 471 869 de
504 828 579 870 Cn.
612 830 820 882 Pompeio
868 843 991 871 suam
1041 843 1216 871 causam
1265 830 1321 870 ad
1367 830 1575 883 populum
1614 830 1787 882 agente:

194 898 338 940 Huius
370 900 505 940 oratio
538 923 594 928 —
624 905 751 954 yram
781 900 867 954 fuit
899 902 1078 941 contioni
1121 900 1205 953 (vel
1246 902 1374 942 etiam
1409 898 1628 952 munibus),
1677 913 1789 952 prae-

193 970 341 1011 sertim
374 973 605 1023 postquam
638 972 710 1012 illa
743 972 966 1024 superiora
1007 972 1059 1013 de
1093 972 1274 1013 Lentulo
1316 972 1507 1013 dixisset.
1570 972 1633 1012 Ne
1665 971 1790 1011 huius

193 1041 368 1094 quidem
416 1055 656 1094 pronomen
702 1045 867 1083 rectum
917 1045 982 1084 est
1029 1042 1124 1095 (pro
1164 1042 1282 1096 eius).
1354 1044 1468 1084 Tum
1508 1043 1598 1084 eius
1638 1042 1789 1083 formae

193 1113 411 1154 orationis.
447 1126 544 1166 quae
577 1113 784 1165 sequitur,
818 1114 889 1154 sic
921 1113 1130 1164 contendo,
1165 1115 1199 1155 is
1234 1117 1298 1155 est
1321 1128 1438 1164 usus,
1472 1117 1519 1155 ut
1543 1116 1619 1155 aut
1642 1114 1789 1155 statim

193 1196 290 1224 cum
323 1184 527 1236 singulari
561 1185 849 1227 affirmatione
892 1185 1112 1235 inferatur,
1162 1188 1250 1236 aut,
1300 1198 1433 1238 quum
1472 1197 1678 1238 magnum
1711 1184 1789 1226 ali-

193 1255 295 1307 quid
328 1255 490 1296 dictum
524 1257 578 1297 sit
611 1259 654 1297 et
693 1257 809 1309 quod
852 1257 946 1310 quis
990 1257 1137 1297 mirari
1179 1256 1328 1308 possit,
1377 1269 1454 1309 per
1497 1269 1593 1296 eam
1637 1255 1788 1296 eadem

192 1326 406 1367 sententia
454 1327 598 1368 verbis
646 1330 815 1369 mutata
863 1341 961 1368 cum
1009 1327 1330 1368 asseveratione
1378 1328 1612 1379 repetatur.
1696 1325 1790 1367 Hoc

192 1400 339 1438 autem
372 1398 502 1439 modo
535 1401 634 1451 post
665 1399 860 1452 vulgaria
892 1399 964 1439 1113
988 1400 1215 1452 peryramsss
1248 1404 1283 1440 et
1312 1403 1440 1453 yram
1469 1398 1555 1451 fuit
1579 1397 1680 1450 poni
1703 1410 1790 1438 non

192 1469 345 1520 potuit.
408 1469 559 1521 Itaque
591 1483 748 1511 maneo
780 1470 820 1510 in
857 1483 908 1510 ea
942 1470 1170 1520 sententia,
1220 1483 1352 1522 quam
1392 1469 1516 1522 posui
1554 1469 1598 1509 in
1630 1468 1789 1521 disput.

193 1539 246 1579 de
280 1540 448 1580 emend.
483 1540 561 1581 loc.
596 1541 694 1593 aliq.
729 1543 855 1582 oratt.
891 1541 976 1582 Cic.
1011 1539 1160 1594 (supra
1192 1555 1234 1594 p.
1271 1542 1353 1582 149
1386 1538 1507 1592 not.)‚
1546 1540 1659 1580 hanc
1691 1551 1789 1579 sen-

192 1610 351 1659 tentiae,
386 1624 481 1663 quae
515 1611 662 1652 statim
695 1611 932 1662 subiicitur,
967 1612 1296 1664 explicationem
1330 1610 1449 1665 (nam
1483 1611 1539 1652 ad
1563 1609 1789 1651 sententiae

193 1681 494 1722 auctoritatem
528 1682 712 1723 refertur
741 1684 964 1737 per-qram's
984 1683 1082 1736 fuit,
1118 1682 1174 1724 ad
1197 1683 1454 1735 eloquentiae
1476 1681 1788 1723 iucunditatem

189 1757 317 1805 yram
346 1751 449 1804 fuit)
484 1765 536 1793 ex
568 1754 762 1806 margine
785 1754 828 1794 in
852 1754 1042 1795 codicem
1066 1755 1350 1808 archetypum
1371 1753 1634 1807 pervenisse,
1670 1765 1788 1793 eam-

192 1836 274 1875 que
308 1824 447 1876 ipsam
482 1823 576 1865 dico
600 1838 776 1866 causam
801 1825 945 1874 fuisse,
981 1838 1068 1875 cur,
1102 1826 1357 1878 perturbato
1380 1825 1485 1875 loco,
1519 1824 1790 1866 omitteretur

191 1893 233 1934 id
266 1895 462 1944 verbum,
496 1909 575 1947 pro
608 1909 692 1948 quo
725 1909 839 1936 nunc
871 1896 1117 1949 suppletum
1153 1899 1218 1937 est
1251 1892 1493 1948 eoelmssbuit.²)

310 1965 356 2005 In
375 1978 410 2006 c.
429 1965 498 2016 51,
524 1966 603 2007 109
623 1965 795 2019 (Omitto
814 1981 884 2007 eas
902 1966 1067 2020 (leges),
1087 1981 1177 2022 quae
1192 1967 1393 2020 feruntur
1410 1968 1484 2019 ita,
1509 1967 1579 2006 vix
1596 1970 1640 2005 ut
1657 1965 1787 2020 quini,

192 2041 227 2076 et
261 2036 292 2075 ii
331 2050 380 2076 ex
423 2037 509 2077 ima
551 2037 677 2089 tw'hu,
726 2038 797 2092 qui
838 2037 1093 2092 suffiuyc'um
1133 2038 1291 2091 ferant,
1339 2034 1625 2091 reperiamur)
1668 2035 1784 2077 ocius

191 2107 442 2159 reponenda
486 2110 550 2148 est
597 2111 700 2161 apta
745 2111 784 2150 et
834 2108 969 2149 facilis
1019 2109 1213 2150 codicum
1261 2110 1486 2161 scriptura,
1536 2122 1584 2148 ex
1632 2108 1785 2157 aliena,

192 2177 328 2218 eiecta
371 2177 576 2232 Hervagii
619 2180 878 2230 coniectura,
929 2181 1027 2230 ima,
1077 2193 1208 2233 quam
1256 2179 1440 2221 Orellius
1487 2180 1660 2220 secutus
1709 2179 1785 2226 est,

192 2261 323 2300 quum
359 2248 511 2301 reliqui
543 2250 673 2302 paulo
706 2250 872 2301 melius,
907 2251 1171 2304 Naugerium
1204 2251 1352 2300 secuti,
1388 2251 1477 2290 aleta
1501 2249 1786 2302 scripsissent.

191 2320 328 2371 Leges
362 2320 421 2361 ita
454 2320 555 2361 ferri
588 2321 701 2371 dicit,
735 2324 783 2362 ut
804 2323 887 2372 vix,
923 2336 1056 2375 quum
1079 2323 1256 2375 singulae
1278 2322 1416 2363 tribus
1440 2321 1635 2370 citentur,
1671 2319 1788 2372 quini

190 2390 388 2431 homines
420 2392 672 2444 suffragium
707 2392 866 2443 ineant,
908 2406 958 2434 ac
990 2406 1043 2433 ne
1077 2394 1104 2434 ii
1137 2393 1310 2446 quidem
1345 2394 1435 2434 eius
1467 2393 1619 2441 tribus,
1669 2391 1787 2432 cuius

191 2474 236 2502 se
279 2461 421 2502 ferant
468 2461 539 2514 (ne
579 2475 665 2514 qua
708 2464 882 2504 omnino
916 2463 1057 2516 desit),
1106 2463 1182 2504 sed
1223 2477 1274 2504 ex
1314 2463 1455 2505 aliena
1496 2462 1563 2515 (eoe
1595 2462 1696 2511 alm,
1744 2461 1787 2502 id

285 2613 430 2650 offerat;
469 2614 531 2647 sed
569 2614 630 2648 illo
668 2615 788 2656 modo,
826 2627 898 2660 quo
936 2616 1063 2660 negavi
1100 2620 1183 2650 ante
1223 2616 1437 2650 Suetonium
1469 2625 1691 2663 quemquam
1724 2615 1785 2659 qui

285 2671 414 2706 dixerit
440 2672 604 2713 inveniri,
643 2674 811 2708 dixerunt
845 2675 1009 2710 Valerius
1035 2675 1213 2709 Maximus
1239 2675 1296 2711 IV.
1331 2675 1362 2716 1,
1397 2675 1500 2709 Dom.
1528 2674 1549 2707 8
1582 2678 1617 2708 et
1649 2674 1786 2708 Seneca

285 2731 328 2764 de
354 2731 478 2765 Benef.
506 2731 563 2772 VI,
590 2732 647 2773 35,
675 2731 721 2775 1.]

228 2787 254 2831 ¹)
282 2787 349 2832 [De
376 2790 456 2824 Par.
484 2790 617 2824 erravit
644 2790 869 2836 Krarupius]

227 2845 256 2890 ²)
282 2848 395 2882 Paulo
428 2852 512 2882 ante
544 2860 670 2883 vereor
708 2861 753 2884 ne
786 2862 906 2885 errore
939 2855 1033 2896 (post
1058 2851 1217 2896 poterat)
1249 2855 1328 2886 orta
1359 2851 1405 2885 sit
1439 2851 1634 2895 duplicatio
1667 2850 1784 2885 verbi:

285 2908 415 2950 Erant,
441 2913 554 2941 ercmt.
606 2908 683 2942 Non
711 2909 808 2942 enim
831 2911 946 2952 fuisse
972 2910 1131 2945 affirmat
1157 2911 1385 2945 turbulentas
1412 2910 1608 2952 contiones,
1635 2910 1698 2944 sed
1723 2921 1782 2944 ne-

285 2967 440 3000 cessario
467 2968 691 3001 turbulentas
718 2967 837 3002 fuisse.
