1915 3235
996 113 1080 153 722

229 244 462 292 codicibus
510 243 554 284 in
593 256 776 296 quorum
821 242 957 284 altero
999 243 1209 295 scriptum
1248 245 1313 284 est
1343 243 1566 293 creabitur,
1615 244 1658 284 in
1692 245 1828 286 altero

228 330 326 357 acer
358 315 582 357 acerbitur.

347 387 438 427 Ibd.
464 385 487 438 ἓ
516 386 592 427 75:
635 385 771 426 Unum
803 390 942 425 tamen
973 383 1047 424 hoc
1074 385 1261 437 aequent,
1293 385 1356 425 ita
1387 399 1428 425 se
1458 400 1609 439 ιςιναυ63
1641 400 1737 439 esse,
1769 392 1828 439 ut,

226 459 264 496 si
295 459 510 498 veritatem
543 457 675 497 volent
706 456 897 506 retinere,
943 455 1196 509 yram-itatem
1220 456 1385 508 possint
1422 455 1616 510 obtinere,
1663 457 1700 497 si
1739 471 1829 498 eam

226 529 446 583 neqliqere,
479 529 542 568 ita
573 528 678 568 leves
708 527 804 579 sint,
838 531 883 566 ut
914 539 1052 566 omnes
1083 525 1332 580 intelliqaut,
1366 539 1449 567 uon
1481 527 1539 567 ad
1563 527 1829 569 obtinendum

226 599 506 651 mendacium,
553 598 625 639 sed
673 597 731 638 ad
773 610 917 637 verum
956 595 1227 650 probandum
1274 598 1563 638 auctoritatem
1610 598 1830 640 adiuvare.

227 670 498 723 Ineptissime
540 669 634 710 haec
674 668 894 709 dicuntur:
945 668 1005 707 ita
1047 681 1088 707 se
1127 680 1279 721 gyraves
1322 681 1418 720 esse,
1467 673 1513 709 ut
1546 692 1601 698 —
1632 670 1695 711 ita
1727 670 1832 712 leves

220 742 323 793 siut,
356 746 401 781 ut
435 756 511 788 —;
551 752 693 792 neque
725 739 830 779 leves
862 738 1038 779 omnino
1069 737 1128 778 illi
1161 739 1360 779 homines
1394 739 1527 781 futuri
1559 742 1697 791 erant,
1740 741 1830 787 sed,

226 811 263 853 si
294 811 522 852 veritatem
554 810 857 863 neglexissent.
892 821 1043 850 omnes
1071 808 1331 850 intellecturi
1356 812 1493 859 erant,
1528 812 1831 853 auctoritatem

227 888 377 924 eorum
416 882 523 923 nihil
569 881 714 922 valere
762 880 935 921 debere.
1010 879 1288 921 Manifestum
1337 883 1402 921 est
1450 881 1703 923 Ciceronem
1750 883 1832 924 hac

225 953 433 995 orationis
467 953 607 995 forma
640 965 767 993 usum
801 964 894 992 esse
927 953 970 992 et
1001 951 1062 992 sic
1094 951 1345 1004 scripsisse·r
1371 953 1433 992 ita
1465 951 1565 1005 (hoc
1598 955 1683 994 est:
1727 953 1831 994 hac-

225 1026 353 1065 tenus
392 1022 583 1076 tantum)
630 1037 672 1064 se
710 1037 861 1077 yraves
900 1036 996 1074 esse,
1045 1027 1103 1073 ut,
1151 1023 1189 1063 si
1228 1023 1444 1064 veritatem
1477 1024 1609 1064 voleret
1640 1024 1832 1076 retinere,

224 1096 477 1149 qravitatem
508 1096 666 1149 possint
697 1094 890 1146 obtinere,
924 1094 961 1134 si
984 1107 1077 1134 eam
1098 1094 1319 1148 neyliyere,
1351 1099 1397 1135 ut
1419 1108 1558 1135 omues
1581 1094 1830 1149 iutelliqant,

227 1179 311 1207 uon
343 1166 401 1206 ad
432 1165 698 1206 mendacium
732 1167 813 1206 cet.
871 1164 979 1205 Haec
1011 1163 1165 1216 aliquis
1197 1164 1482 1217 perturbavit,
1516 1164 1656 1206 tribus
1687 1165 1832 1206 verbis

226 1235 307 1289 (ita
338 1237 444 1278 leves
475 1235 574 1289 siut)
608 1235 779 1285 additis,
814 1235 870 1284 id,
905 1234 1021 1287 quod
1046 1248 1079 1275 ‘a
1110 1233 1315 1277 Cicerone
1347 1238 1439 1277 tota
1467 1236 1672 1277 orationis
1695 1235 1833 1290 figura

226 1304 507 1360 significatur⁷
549 1310 699 1360 aperte
732 1306 814 1347 dici
847 1306 1009 1356 volens,
1049 1306 1126 1347 sed
1158 1306 1481 1348 vitiosissimam
1513 1320 1560 1348 se
1593 1307 1833 1349 orationem

227 1378 400 1419 efficere
431 1391 519 1420 non
552 1377 927 1426 animadvertens3
968 1390 1049 1418 nec
1089 1377 1307 1419 dissimilis
1340 1378 1434 1418 haec
1461 1377 1736 1430 interpolatio
1769 1379 1835 1419 est

227 1449 334 1499 eius,
383 1462 516 1502 quam
555 1450 599 1490 in
639 1448 835 1490 oratione
866 1461 946 1501 pro
979 1448 1133 1489 Flacco
1166 1447 1189 1499 ὅ
1223 1449 1278 1489 82
1311 1452 1353 1489 et
1386 1449 1441 1489 83
1475 1462 1501 1489 a
1533 1461 1603 1489 me
1635 1450 1833 1490 notatam

227 1533 323 1561 esse
354 1520 603 1561 meministi.
666 1516 845 1572 Decepit
878 1519 1062 1560 fortasse
1096 1522 1308 1572 praeterea
1342 1532 1455 1570 eum,
1497 1519 1569 1572 qui
1603 1518 1676 1560 illa
1708 1518 1832 1560 addi-

222 1590 303 1641 dit,
336 1595 382 1632 ut
414 1591 657 1632 coniunctio
690 1592 792 1631 ante
823 1603 963 1631 omnes
994 1591 1232 1645 intelliqaut
1265 1602 1318 1631 ex
1350 1589 1593 1631 abundanti
1625 1592 1669 1631 et
1692 1590 1834 1631 minus

223 1664 430 1703 ‘accurate
462 1662 666 1715 repetita;
714 1675 866 1703 verum
898 1661 980 1702 hoc
1011 1661 1141 1702 modo
1175 1661 1323 1703 Cicero
1356 1661 1596 1714 aliquoties,
1641 1661 1716 1702 ubi
1748 1661 1833 1704 duo

221 1732 428 1774 membra
459 1733 572 1774 inter
603 1746 649 1774 se
683 1735 904 1776 contraria
936 1732 992 1773 ab
1025 1745 1113 1773 una
1144 1732 1357 1785 particula
1387 1737 1433 1773 ut
1464 1732 1669 1785 suspendi
1700 1731 1833 1773 debe-

227 1803 348 1853 bant,
389 1808 434 1844 ut
464 1804 713 1856 geminavit,
757 1804 876 1844 velut
907 1804 951 1844 in
984 1803 1068 1844 div.
1101 1803 1146 1843 in
1178 1803 1288 1844 Caec.
1323 1802 1346 1854 ἓ
1380 1802 1455 1843 72:
1504 1808 1561 1854 ut,
1602 1803 1640 1843 si
1677 1803 1724 1843 in
1754 1802 1833 1843 hac

226 1888 358 1916 causa
382 1879 568 1916 nostrum
594 1874 783 1928 officium
817 1897 873 1902 —
898 1873 1234 1928 probaverimus
1268 1874 1367 1926 haec,
1401 1887 1492 1929 quse
1517 1873 1622 1926 disci,
1655 1873 1834 1914 retinere

224 1959 302 1999 per
326 1946 531 1999 populum
562 1946 803 1987 Romanum
839 1969 891 1972 —
925 1945 1047 1986 salva
1071 1945 1295 1999 possimus,
1337 1946 1374 1986 si
1413 1943 1582 1997 (contra
1615 1946 1658 1985 et
1688 1943 1757 1985 hic
1790 1946 1834 1985 et

228 2015 272 2056 in
304 2016 550 2066 Quintianae
582 2017 675 2058 loco
709 2015 870 2057 addere
903 2014 1019 2068 licet)
1056 2017 1266 2057 tantulum
1297 2015 1500 2069 offensum
1533 2014 1833 2069 titubatumque

227 2088 294 2139 sit,
328 2092 373 2128 ut
405 2101 466 2140 ea,
500 2101 592 2142 quce
623 2087 870 2141 siuyulatim
902 2101 951 2127 ac
983 2087 1058 2127 dtu
1090 2087 1257 2128 collecta
1288 2092 1396 2139 suut,
1430 2100 1512 2126 uno
1536 2091 1716 2140 tempore
1740 2086 1832 2126 uni-

227 2172 348 2198 versa
379 2158 627 2211 perdamus,
678 2160 720 2198 et
758 2159 801 2198 in
840 2158 959 2199 Verr.
994 2160 1076 2198 act.
1111 2159 1127 2198 Ι
1159 2157 1182 2209 §
1219 2158 1292 2198 10:
1342 2171 1389 2197 ea
1429 2171 1498 2210 spe
1537 2158 1663 2198 istum
1700 2156 1834 2210 fuisse

220 2229 468 2282 praeditum,
518 2233 561 2269 ut
601 2242 761 2270 omnem
803 2230 1009 2270 rationem
1050 2229 1200 2270 salutis
1238 2229 1284 2269 iu
1321 2228 1500 2282 pecunia
1523 2232 1711 2282 poneret,
1759 2226 1833 2268 hoc

227 2298 412 2353 (autem)
461 2305 596 2354 erepto
628 2299 836 2354 praesidio
843 2333 855 2353 ,
903 2305 949 2341 ut
990 2300 1153 2341 nullam
1199 2298 1280 2340 sibi
1333 2313 1422 2340 rem
1460 2298 1700 2339 adiumento
1738 2298 1833 2351 fore

228 2369 529 2412 arbitraretur.

342 2438 440 2481 vIbd.
474 2439 496 2492 ξ
531 2442 583 2482 77
618 2455 696 2495 pro
728 2442 808 2483 visi
839 2446 935 2482 sunt
965 2454 1053 2483 non
1092 2442 1171 2482 visi
1208 2442 1304 2491 sint,
1349 2440 1426 2482 sed
1466 2439 1712 2481 necessario
1751 2439 1833 2480 visi

228 2516 359 2552 esseut
391 2512 670 2554 scribendum
704 2516 812 2554 erat.

347 2583 431 2624 Pro
464 2583 635 2624 Caecina
667 2581 690 2634 ξ
723 2584 762 2624 2.
833 2582 1122 2624 Molestissimi
1169 2584 1270 2624 sunt
1317 2581 1495 2634 quidam
1543 2582 1587 2622 in
1634 2583 1831 2621 veterum

228 2653 398 2706 scriptis
431 2653 524 2702 loci,
573 2654 617 2693 in
659 2653 815 2705 quibus
860 2656 951 2694 tam
995 2653 1228 2694 manifesta
1272 2651 1477 2693 orationis
1525 2654 1567 2693 et
1606 2651 1831 2693 sententiae

228 2724 499 2777 perturbatio
533 2726 611 2773 est,
655 2726 703 2764 ut
741 2725 996 2776 scriptorem
1035 2724 1177 2776 ipsum
1211 2723 1360 2776 fugere
1391 2722 1508 2763 nullo
1541 2722 1670 2764 modo
1703 2724 1830 2774 potu-

228 2795 314 2835 isse
347 2794 556 2843 videatur,
606 2807 739 2846 quum
782 2794 1025 2846 praesertim
1066 2794 1343 2847 perspicuum
1385 2793 1452 2842 sit,
1502 2793 1742 2834 orationem
1789 2794 1831 2833 et

230 2865 489 2905 sententiam
523 2865 578 2905 ab
613 2877 662 2905 eo
696 2867 811 2905 certo
845 2864 1019 2906 consilio
1060 2870 1263 2917 certaque
1296 2864 1436 2905 forma
1469 2876 1606 2916 eaque
1641 2863 1754 2904 facili
1788 2864 1831 2903 et

230 2938 383 2987 aperta
415 2935 656 2976 institutam
691 2948 797 2985 esse,
844 2935 994 2975 vitium
1028 2937 1177 2976 tamen
1208 2935 1299 2976 tolli
1332 2947 1419 2975 non
1452 2936 1595 2987 potest
1626 2933 1707 2974 nisi
1739 2932 1829 2974 vio-
