1915 3235
989 92 1043 132 66

231 223 426 266 assentiri
459 225 559 263 ante
591 217 735 272 dixi.¹)
798 220 882 260 Sed
915 220 970 261 ad
1003 233 1099 261 eam
1130 232 1236 268 rem,
1270 232 1296 259 a
1328 231 1413 271 qua
1444 218 1631 271 primum
1664 220 1812 260 nostra

232 294 422 347 profecta
470 291 701 345 disputatio
749 292 826 340 est,
874 291 966 331 haec
1014 290 1194 342 quaestio
1240 289 1300 330 ita
1346 289 1545 342 pertinet.
1608 289 1652 330 Si
1699 289 1812 331 enim
1852 343 1855 345 ,

231 364 465 416 antiquitus
500 362 676 414 equites,
711 360 912 401 confectis
947 360 1184 413 stipendiis,
1217 359 1260 400 in
1292 359 1494 401 centuriis
1516 359 1648 401 nihilo
1672 359 1814 401 minus

180 449 212 473 82
233 437 367 484 erant,
401 433 523 474 facile
554 431 813 483 intelligitur,
847 431 1063 483 quomodo
1095 431 1138 471 in
1162 430 1212 471 iis
1237 443 1330 472 esse
1355 432 1575 472 senatores
1599 431 1817 483 potuerint

232 518 318 546 non
349 504 484 556 magis
517 502 762 551 militantes,
796 514 979 554 quorum
1012 502 1252 554 praesertim
1286 501 1422 543 maior
1444 514 1545 554 pars
1570 501 1662 542 sine
1686 501 1816 542 dubio

233 574 446 627 stipendia
477 587 587 625 equo
620 573 790 625 publico
824 572 1119 622 confecissent,
1168 574 1402 625 antequam
1441 573 1485 612 in
1525 574 1724 613 senatum
1757 572 1817 613 le-

233 647 451 698 gerentur,
507 657 591 695 quo
638 646 833 695 tempore
880 643 1213 691 observabatur,
1267 656 1321 684 ne
1376 643 1470 695 quis
1517 643 1819 695 magistratum

235 718 420 768 caperet,
463 714 543 755 nisi
587 714 658 766 qui
701 714 850 754 decem
889 713 1102 766 stipendia
1134 713 1306 755 fecisset
1337 712 1505 767 (Polyb.
1537 713 1604 764 VI,
1651 713 1718 763 19,
1761 712 1819 766 4).

235 785 310 827 Vel
343 786 401 825 sic
432 787 578 826 tamen
611 784 775 837 aliquos
798 785 841 825 in
870 786 1068 825 senatum
1101 785 1282 833 venisse,
1317 784 1520 825 credibile
1548 786 1624 834 est,
1659 785 1731 837 qui
1753 785 1821 825 vel

236 869 345 908 equo
377 856 544 908 privato
577 855 643 895 vel
675 855 841 907 pedites
873 856 1144 896 meruissent.
1207 855 1334 905 Quod
1365 857 1513 896 autem
1545 855 1654 905 dico,
1695 868 1821 896 sena—

234 929 350 968 tores
390 939 492 967 non·
513 926 734 975 militasse,
783 927 864 967 hoc
910 925 1052 978 ipsum
1098 925 1299 978 intelligo,
1348 925 1572 978 stipendiis
1621 925 1824 967 confectis

236 998 490 1051 plerumque
522 999 744 1038 senatores
777 996 927 1046 factos,
961 1009 1048 1037 non
1080 997 1351 1038 vacationem
1375 996 1636 1049 singularem
1663 997 1824 1038 datam.

236 1069 393 1110 Postea
426 1068 613 1120 quidem,
661 1080 795 1119 quum
834 1079 887 1107 ex
918 1067 967 1107 iis
1000 1067 1089 1108 fere
1122 1067 1236 1117 solis,
1285 1068 1358 1120 qui
1388 1067 1667 1120 magistratus
1700 1080 1825 1120 cepe-

239 1142 348 1189 rant,
396 1142 570 1181 senatus
613 1137 909 1191 supplebatur,
958 1140 1202 1179 senatorem
1246 1138 1453 1179 militasse
1494 1151 1581 1179 non
1620 1139 1716 1191 lego
1747 1139 1827 1179 nisi

239 1213 315 1252 aut
356 1209 588 1251 exercitum
632 1209 860 1250 ducentem
903 1211 978 1249 aut
1010 1208 1198 1261 legatum
1237 1211 1313 1250 aut
1343 1209 1567 1250 tribunum
1598 1209 1828 1250 militarem

241 1281 505 1335 (consulares
528 1280 723 1321 tribunos
748 1280 931 1320 militum
955 1279 1098 1332 plures
1125 1280 1292 1332 collegit
1315 1279 1423 1320 Duk.
1449 1279 1505 1320 ad
1531 1281 1620 1322 Liv.
1639 1280 1827 1328 XXXVI,

244 1353 310 1403 17,
346 1351 401 1404 1),
434 1354 509 1393 aut
541 1352 828 1393 voluntarium
851 1350 957 1403 (Liv.
976 1350 1105 1400 XXII,
1138 1350 1227 1403 49).
1276 1351 1350 1392 Sin
1378 1353 1524 1392 autem
1557 1349 1686 1389 ceteri
1717 1350 1829 1389 tam-

242 1424 315 1464 diu
347 1423 389 1463 in
421 1423 470 1463 iis
503 1422 704 1463 centuriis
737 1424 871 1471 erant,
915 1422 1059 1474 quoad
1091 1422 1306 1475 stipendia
1339 1421 1627 1469 confecerant,
1676 1419 1830 1461 deinde

243 1494 285 1534 in
317 1493 421 1535 alias
452 1493 867 1542 transcribebantur,
900 1493 1114 1545 singulare
1147 1505 1264 1540 sane,
1306 1494 1528 1533 senatores
1561 1504 1720 1543 equum
1751 1503 1831 1543 pu-

243 1564 401 1605 blicum
434 1565 673 1614 retinuisse,
721 1564 809 1604 sive
852 1563 932 1604 hoc
973 1563 1028 1604 ab
1068 1564 1171 1616 ipsis
1203 1563 1332 1604 initiis
1366 1562 1664 1615 descriptionis
1697 1553 1833 1602 Servii

244 1635 372 1676 Tullii
400 1635 685 1688 repetendum
719 1636 783 1675 est
815 1635 903 1674 sive
936 1636 1089 1686 postea
1121 1636 1277 1675 ortum.

362 1705 447 1746 Sed
479 1705 782 1746 revertendum
822 1706 886 1745 est
925 1705 980 1745 ad
1020 1705 1234 1746 Ciceronis
1283 1706 1437 1754 locum,
1486 1704 1602 1745 unde
1648 1705 1729 1744 hoc
1775 1704 1834 1744 ita

245 1776 376 1817 fuisse
411 1778 590 1825 constat,
624 1777 673 1816 ut
704 1775 756 1816 de
790 1776 839 1816 iis
873 1775 1028 1825 verbis,
1063 1776 1218 1827 quibus
1252 1776 1435 1817 mutatio
1467 1775 1623 1816 veteris
1653 1773 1836 1816 instituti

246 1847 520 1900 significatur,
554 1859 694 1899 pauca
726 1846 933 1887 dicamus.
996 1847 1043 1887 In
1075 1846 1124 1887 iis
1158 1847 1272 1888 enim
1313 1849 1354 1887 et
1392 1846 1529 1887 Maius
1569 1848 1612 1886 et
1643 1845 1836 1886 Niebuh-

245 1919 333 1959 rius
366 1917 438 1970 (H.
469 1917 562 1958 R.I
593 1931 635 1970 p.
664 1915 769 1969 456)
809 1917 1078 1970 largitionem
1118 1918 1235 1958 illam
1275 1930 1484 1969 equorum
1517 1916 1836 1958 reddendorum

248 1988 383 2037 aliter,
417 2001 466 2029 ac
497 1988 589 2028 fieri
622 1987 764 2037 debet,
799 1988 1053 2040 intelligunt.
1116 1988 1277 2029 Putant
1309 1988 1437 2036 enim,
1482 2000 1615 2039 equos
1647 1987 1838 2028 redditos

249 2071 347 2100 cum
380 2059 638 2099 detrimento
671 2058 943 2099 reddentium
987 2058 1118 2111 (unde
1151 2058 1410 2099 Niebuhrius
1444 2058 1496 2098 de
1530 2057 1689 2098 damno
1721 2070 1838 2099 com-

249 2132 430 2182 pensato
463 2129 694 2182 cogitavit),
744 2132 803 2180 ut,
852 2143 948 2182 quae
987 2130 1085 2170 inde
1118 2129 1295 2170 redacta
1327 2130 1371 2170 in
1402 2128 1624 2181 publicum
1656 2128 1839 2180 pecunia

252 2203 377 2250 esset,
416 2213 493 2253 per
525 2201 794 2253 largitionem
828 2200 1134 2242 effunderetur.
1196 2200 1390 2241 Primum
1423 2200 1518 2252 ipsa
1550 2199 1683 2240 verba
1714 2199 1840 2239 nimis

251 2271 391 2312 multis
422 2272 540 2312 stulte
573 2273 652 2312 cet.
686 2273 729 2312 et
760 2270 914 2312 deinde
947 2272 1211 2326 Zarqz‘te'onem
1243 2275 1435 2325 quaerunt
1467 2269 1714 2319 ostendunt,
1755 2283 1842 2311 non

253 2342 305 2383 de
354 2342 549 2395 populari
595 2341 769 2383 tribuno
808 2341 1017 2394 largiendi
1062 2342 1289 2383 materiam
1337 2342 1557 2392 quaerente
1597 2340 1841 2392 Scipionem

254 2412 367 2464 loqui
393 2412 508 2465 (eum
534 2413 647 2453 enim
673 2413 796 2453 aliter
819 2400 1201 2465 reprehendisset),
1232 2411 1308 2452 sed
1334 2411 1386 2451 de
1416 2411 1479 2461 iis,
1513 2411 1585 2463 qui
1610 2411 1842 2463 largitionis

255 2496 331 2536 spe
365 2483 479 2524 ducti
512 2484 651 2524 maius
684 2483 959 2524 commodum
991 2483 1081 2524 tolli
1120 2495 1206 2523 non
1246 2482 1543 2534 intelligerent,
1585 2483 1761 2522 senatus
1801 2482 1844 2521 in

203 2570 236 2595 83
257 2554 451 2605 equitatu
483 2554 701 2607 suffragia.
749 2554 862 2594 Turn
895 2554 1065 2608 Zaryitio
1097 2552 1405 2594 reddendormn
1438 2566 1635 2607 equorum
1666 2565 1753 2593 non
1781 2554 1845 2592 est

257 2624 449 2675 pecuniae
491 2625 535 2664 in
573 2625 774 2665 aerarium
814 2624 1004 2665 redactio
1043 2637 1095 2664 ex
1142 2637 1194 2664 ea
1239 2636 1298 2673 re,
1348 2623 1483 2664 multo
1530 2624 1671 2664 minus
1718 2624 1843 2664 huius

298 2796 328 2840 ¹)
353 2799 418 2833 Vix
445 2799 513 2833 dici
539 2810 629 2843 opus
655 2802 719 2839 est,
746 2799 835 2832 nihil
862 2799 919 2832 hic
945 2799 1071 2833 confici
1096 2798 1398 2844 appellationibus
1424 2798 1493 2832 illis
1518 2801 1722 2841 iuventutis,
1745 2801 1846 2842 floris

358 2860 546 2892 iuventutis
579 2859 690 2899 Rom,
729 2858 996 2902 similibusque;
1035 2869 1086 2892 eae
1123 2859 1169 2892 ad
1207 2869 1278 2899 eos,
1317 2858 1378 2901 qui
1412 2857 1627 2898 militabant,
1666 2860 1846 2901 spectant;

357 2917 540 2960 quaeritur,
566 2927 653 2951 num
682 2917 717 2950 in
743 2917 912 2951 centuriis
940 2917 1149 2958 manserint,
1176 2917 1237 2961 qui
1263 2927 1336 2951 non
1361 2916 1568 2950 militarent.
