1915 3235
815 109 901 151 593

63 254 144 281 non
175 241 228 281 sit
259 239 508 280 credendam
547 237 645 291 tuce)
690 238 806 291 quod
850 238 1089 280 Gronovius
1133 252 1185 280 ex
1225 240 1535 282 consuetudine
1567 254 1654 283 ser-

63 311 201 352 monis
234 309 511 351 scribendum
545 322 639 350 esse
670 309 960 350 intellexeratt
1009 323 1134 364 qaam
1178 333 1234 338 -—
1276 324 1370 361 non,
1415 311 1598 353 Orellius
1630 325 1653 353 e
1674 322 1726 348 238

64 381 209 422 codice
239 379 461 421 Perottino
495 379 639 420 edidit.
702 379 853 432 Itaque
891 379 1028 421 donec
1066 380 1246 422 meliora
1284 382 1560 434 proferantur
1588 385 1655 424 te-

63 452 279 501 stimonia,
313 450 430 503 quod
461 450 531 490 Vix
562 462 756 502 unquam
789 453 894 503 puto
926 450 1133 501 futurum,
1175 452 1236 492 sic
1275 451 1329 492 de
1365 452 1448 494 hac
1485 466 1532 494 re
1564 454 1654 494 tra-

63 521 254 563 dendum
287 533 462 574 prorsus
495 533 663 570 censeo,
712 520 896 565 fortasse
938 521 1202 573 antiquiores
1245 522 1379 563 semel
1418 525 1461 564 et
1498 524 1655 564 iterum

63 592 170 647 quod
208 592 268 632 sic
308 590 504 644 posuisse
543 603 640 631 cum
674 590 943 632 coniunctivo
991 590 1110 644 (nam
1150 592 1193 632 in
1225 592 1367 633 Plauti
1397 593 1518 634 Asin.
1551 593 1580 644 Ι,
1616 594 1654 644 1,

62 663 116 704 37
151 662 353 704 Gronovii
384 661 567 702 mutatio
599 661 874 702 incommoda
907 659 1028 714 est1)‚
1062 675 1142 703 nec
1164 662 1339 704 Catonis
1363 663 1654 715 fragmentum

63 733 180 786 apud
209 733 318 774 Plin.
351 731 463 772 Hist.
496 731 547 772 N.
580 731 653 772 lib.
686 731 837 782 XXIX,
881 733 918 782 1,
959 732 982 772 7
1017 733 1325 774 correctionem
1364 734 1516 786 recipit
1554 747 1654 786 pro-

62 799 321 855 babilem2);
353 805 447 843 tum
481 804 626 843 autem
660 804 758 854 post
789 803 1032 855 Augustum
1066 803 1255 856 primum
1288 817 1340 844 ex
1372 804 1435 853 iis,
1471 817 1655 856 quorum

63 874 223 926 scripta
246 875 431 923 exstant,
465 872 636 914 Celsum
661 873 886 925 aliquoties
909 871 974 925 (ut
997 874 1026 923 I,
1061 874 1086 914 3
1108 888 1150 926 p.
1174 875 1243 924 20,
1277 874 1325 924 II,
1360 875 1385 915 6
1417 888 1459 927 p.
1484 875 1552 924 38,
1586 875 1653 925 ΙΠ,

66 945 85 984 1
120 958 162 997 p.
198 944 252 985 75
284 942 507 995 Daremb.)
548 943 656 996 quod
693 943 903 996 posuisse,
952 944 1026 984 ubi
1066 944 1324 985 infinitivum
1365 946 1653 997 exspectares,

61 1028 285 1068 nunquam
318 1016 469 1055 tamen
500 1013 581 1054 nisi
612 1014 837 1066 praemisso
869 1015 977 1055 illud
1008 1015 1275 1068 pronomine,
1310 1016 1377 1056 cui
1409 1016 1656 1069 adiungitur

63 1085 182 1140 quod,
217 1087 259 1126 et
290 1088 497 1138 sequente
530 1085 774 1135 indicativo,
808 1088 855 1125 ut
886 1085 1001 1125 hunc
1022 1098 1149 1126 usum
1183 1086 1238 1126 ab
1271 1085 1344 1127 illa
1365 1086 1653 1137 inclinatione,

62 1169 194 1208 quam
226 1158 327 1196 ante
366 1156 408 1196 in
442 1155 657 1197 Ciceronis
701 1158 743 1196 et
784 1156 965 1197 aliorum
1007 1156 1109 1196 locis
1152 1156 1315 1208 aliquot
1347 1157 1654 1198 animadverti-

62 1240 171 1275 mus,
221 1229 363 1268 ortum
403 1239 496 1267 esse
535 1229 757 1279 appareat,
808 1240 937 1279 quem
975 1225 1106 1267 etiam
1145 1226 1306 1267 Paulus
1337 1227 1450 1268 Ictus
1483 1230 1656 1269 secutus

63 1299 128 1338 est
158 1297 203 1338 in
234 1297 327 1350 Dig.
360 1297 567 1346 XXXVII,
601 1297 641 1346 4,
675 1297 703 1337 4
735 1296 785 1350 (I
789 1297 878 1337 aad
910 1296 1152 1349 notandum,
1196 1297 1304 1351 quod
1337 1297 1535 1339 bonoram
1557 1312 1655 1352 pos-

62 1369 186 1409 sessio
218 1372 365 1408 contra
397 1368 576 1419 tabulas,
611 1381 701 1422 quse
733 1367 875 1407 liberis
898 1368 1177 1420 promittitur,
1227 1368 1358 1408 locum
1392 1369 1525 1419 habet,
1573 1371 1657 1410 sive

63 1440 155 1493 quis
196 1438 315 1479 heres
359 1439 559 1479 astiterit
599 1439 683 1478 sive
724 1436 822 1490 non)
867 1442 909 1478 et
950 1437 1158 1478 Martialis
1203 1438 1298 1479 libr.
1331 1439 1388 1479 XI
1428 1440 1559 1492 epigr.
1599 1440 1657 1481 64

63 1508 175 1562 (65):
224 1509 317 1549 Hoc
348 1510 443 1562 scio,
484 1508 592 1563 quod
630 1508 773 1549 scribit
810 1508 929 1548 nulla
952 1508 1100 1561 petella
1131 1508 1226 1557 ab&
1276 1509 1430 1550 deinde
1464 1523 1565 1551 vero
1599 1511 1654 1551 ab

62 1579 274 1621 Hadriani
306 1580 394 1620 fere
427 1582 621 1632 tempore
654 1579 900 1628 invaluisse,
949 1581 997 1620 ut
1036 1580 1156 1634 qaod,
1205 1583 1413 1633 sequente
1453 1581 1656 1622 coniunc-

63 1650 171 1700 tivo,
226 1650 345 1691 initio
392 1652 538 1690 tamen
586 1649 823 1698 rarissime,
880 1662 1055 1702 prorsus
1104 1664 1181 1703 pro
1228 1651 1395 1692 infinita
1441 1650 1656 1692 sententia

62 1723 308 1774 poneretur.
370 1721 517 1762 Prima
550 1720 663 1760 enim
697 1722 815 1761 certa
847 1720 1094 1761 testimonia
1125 1723 1226 1762 sunt
1259 1721 1451 1762 Suetonii
1483 1721 1586 1774 (Tit.
1611 1720 1655 1774 8)

156 1874 334 1918 Euryalus
360 1873 595 1907 insalutatam
621 1875 776 1906 matrem
802 1883 840 1906 se
877 1872 1080 1915 relinquere
1114 1872 1210 1915 dicit,
1251 1873 1347 1916 quod
1379 1873 1547 1907 lacrimas
1579 1884 1657 1918 per-

158 1932 251 1966 ferre
277 1943 350 1966 non
376 1932 499 1976 possit,
527 1935 562 1965 et
587 1932 681 1965 hanc
708 1942 820 1964 unam
847 1942 924 1965 esse
951 1942 1109 1972 causam,
1138 1932 1224 1965 deos
1250 1935 1415 1966 testatur.

99 1988 128 2033 ¹)
154 1991 195 2025 In
212 1991 363 2025 Poenulo
382 1992 441 2032 III,
468 1991 499 2032 1,
525 1990 571 2023 44
597 2001 744 2035 prorsus
771 1989 1003 2024 scribendum
1029 1993 1100 2023 est:
1130 1991 1257 2030 Scite·s‚·
1280 2002 1356 2024 rem
1373 1993 1528 2025 narravi
1549 1992 1656 2035 robis,

159 2061 240 2094 quo
265 2049 347 2094 (pro
374 2049 482 2094 quod)
507 2055 626 2083 vestra
657 2060 766 2092 opera
799 2050 887 2082 milet
919 2060 1008 2091 opas
1041 2050 1115 2082 siet.
1166 2049 1243 2083 Hoc
1276 2049 1527 2093 Agorastocles
1560 2050 1656 2092 dicit,

158 2119 231 2142 non
264 2109 428 2152 ignorare
461 2109 556 2149 illos,
596 2108 641 2141 ad
673 2118 784 2151 quam
816 2118 893 2141 rem
925 2118 1051 2141 eorum
1083 2118 1231 2151 operam
1265 2108 1487 2152 expetiverit.
1544 2106 1658 2151 [Quid

158 2166 357 2210 Ussingius,
384 2167 420 2200 id
446 2170 516 2201 est:
544 2167 580 2200 in
607 2177 679 2210 qua
704 2164 770 2207 re.]

100 2222 129 2268 ²)
155 2223 249 2268 [Non
274 2236 422 2269 possum
449 2229 573 2260 tamen
598 2236 671 2259 non
697 2225 933 2258 vehementer
959 2225 1092 2266 mirari,
1132 2225 1193 2269 qui
1226 2223 1362 2259 factum
1389 2225 1445 2269 sit,
1483 2229 1524 2260 ut
1549 2225 1657 2260 huius

161 2284 334 2328 loquendi
360 2284 496 2326 formae,
523 2284 625 2318 cuius
650 2285 879 2328 usurpandae,
907 2284 936 2317 si
962 2284 998 2318 in
1025 2284 1236 2328 quotidiano
1263 2295 1430 2318 sermone
1450 2285 1571 2318 locum
1596 2285 1657 2319 ha-

160 2342 310 2385 buisset,
336 2342 630 2388 frequentissima
655 2343 794 2377 occasio
821 2343 966 2377 comicis
991 2343 1106 2387 poetis
1133 2343 1270 2385 fuisset,
1297 2344 1334 2377 in
1352 2343 1521 2377 omnibus
1538 2344 1657 2378 Plauti

159 2402 344 2436 comoediis
362 2413 477 2436 unum
504 2401 712 2445 exemplum
739 2405 864 2442 exstet,
892 2402 927 2435 in
954 2401 1113 2436 Terentii
1138 2402 1299 2440 nullum;
1327 2402 1464 2436 accedit
1490 2402 1657 2436 coniunc-

158 2460 254 2495 tivus
282 2461 380 2495 verbi
406 2461 547 2502 modus,
574 2471 689 2504 quum
715 2460 751 2494 in
778 2472 904 2495 eorum
930 2461 1147 2505 scriptorum
1173 2460 1271 2502 locis,
1299 2461 1395 2504 apud
1414 2472 1504 2505 quos
1521 2461 1658 2505 primos

159 2519 278 2553 tenuis
310 2520 432 2564 aliqua
462 2520 508 2554 ad
542 2520 639 2553 hunc
671 2519 856 2563 particulae
888 2521 982 2563 quod
1014 2530 1122 2553 usum
1154 2519 1338 2553 inclinatio
1371 2523 1531 2564 apparet,
1570 2520 1658 2553 indi-

160 2578 298 2612 cativus
330 2582 498 2622 ponatur.
549 2578 661 2612 Valde
694 2589 831 2619 vereor,
869 2589 915 2612 ne
947 2579 1140 2622 antiquum
1172 2578 1347 2612 mendum
1382 2578 1658 2622 interpolatiove

160 2636 285 2671 subsit.
326 2637 473 2672 Poterat
497 2637 648 2671 Plautus
674 2637 846 2671 scribere:
873 2638 1048 2681 Equidem
1073 2639 1144 2672 scio
1171 2639 1264 2672 iam:
1286 2639 1384 2680 filias
1401 2639 1543 2671 deamat
1560 2648 1659 2670 meus

161 2697 276 2729 istanc
314 2699 379 2730 cet.
435 2696 477 2730 In
515 2696 660 2730 Catonis
697 2696 776 2729 loco
814 2695 964 2729 offendit
1001 2696 1111 2730 etiam
1150 2697 1329 2740 copulatio
1368 2695 1658 2739 interrogationis

161 2754 352 2798 pendentis
379 2759 414 2789 et
438 2755 626 2791 sententiae
652 2765 717 2798 per
742 2756 835 2798 quod
860 2754 1049 2789 adiunctae.
1099 2755 1222 2790 Potest
1248 2755 1375 2790 fuisse:
1402 2757 1489 2799 quid
1509 2756 1658 2788 Athenis

161 2815 376 2856 eoequz'situm
401 2815 559 2857 habeam,
586 2819 617 2847 et
642 2825 732 2857 quor
758 2814 887 2847 bonum
912 2816 959 2847 sit
984 2818 1051 2848 cet.
1094 2814 1188 2848 Nihil
1214 2814 1368 2856 affirmo,
1395 2813 1659 2847 dubitationem

162 2881 327 2914 premere
353 2882 505 2916 nequeo.
544 2873 596 2906 De
623 2871 769 2906 Catonis
795 2871 998 2916 fragmento
1023 2873 1060 2907 in
1087 2874 1241 2908 eandem
1267 2872 1510 2916 suspicionem
1537 2872 1660 2905 Iorda-

161 2940 251 2963 num
278 2930 444 2965 incidisse
471 2931 663 2975 Siesbyeus
691 2930 779 2964 mihi
805 2929 967 2973 indicat]

1327 2988 1372 3022 38
