1915 3235
140 278 189 302 168

966 138 1052 179 534

211 268 287 306 aut
318 279 495 318 prorsus
528 266 690 316 relicta,
725 267 932 309 nonnulla
964 267 1095 308 etiam
1128 281 1215 309 non
1247 270 1363 308 recte
1395 267 1591 309 instituta
1617 270 1659 309 et
1682 281 1807 321 paene

211 350 235 377 a
267 349 314 377 se
347 337 555 378 damnata
587 337 745 388 videat,
778 352 865 380 non
897 352 1006 391 opus
1041 341 1106 380 est
1137 338 1233 380 dici.
1292 338 1380 379 Nec
1412 338 1455 379 in
1488 351 1636 380 eorum
1669 340 1807 380 studi-

210 420 333 448 orum
366 408 577 449 memoria
609 409 779 450 animus
813 410 1019 460 consistit,
1054 409 1112 450 ad
1143 423 1239 462 quae
1273 409 1467 462 proxime
1501 410 1807 462 opusculorum

209 480 465 530 argumenta
496 479 735 531 pertinent3
787 482 930 522 cetera
964 494 1135 534 quoque
1168 482 1410 530 occurrunt,
1445 493 1555 533 quae,
1596 495 1672 534 spe
1707 495 1807 523 con-

208 548 396 601 siliisque
422 549 598 602 agitata,
632 551 870 592 maximam
894 556 1066 604 partem
1091 565 1179 593 non
1201 551 1380 592 ulterius
1405 564 1634 604 progressa
1651 552 1805 593 iacent.

206 620 351 672 Atque
393 620 486 661 haee
529 620 675 663 omnia
718 635 769 663 eo
811 622 949 675 magis
982 623 1103 673 fiunt,
1152 622 1189 664 si
1236 622 1292 663 ad
1338 622 1454 663 idem
1501 625 1808 676 argumentum

207 691 334 732 simili
381 691 605 733 occasione
652 693 929 734 tractandum
977 693 1066 734 sive
1114 693 1208 746 quis
1257 706 1382 734 casus
1433 692 1522 734 sive
1566 694 1807 736 deliberata

208 762 409 815 quaedam
457 762 567 803 ratio
614 763 876 804 scribentem
919 764 1117 814 deduxit;
1166 765 1282 817 quod
1333 764 1438 805 mihi
1484 764 1566 806 hoc
1612 767 1807 818 tempore

208 833 376 874 accidit.
425 833 602 886 Septem
635 834 749 875 enim
782 834 864 887 ipsi
896 838 996 876 sunt
1028 836 1142 886 anni,
1178 848 1312 888 quum
1344 835 1533 888 primum
1565 835 1646 877 hoc
1671 838 1807 877 coetus

207 904 478 945 academicos
510 904 726 946 indicendi
758 919 938 947 munere
970 908 1180 960 tanquam
1213 920 1311 948 meo
1344 920 1395 947 ac
1426 907 1600 959 proprio
1633 906 1806 948 functus

207 988 324 1025 sum3
373 978 495 1016 extra
537 976 734 1017 ordinem
777 977 864 1018 iam
905 980 1035 1019 antea
1074 981 1303 1020 exsecutus
1338 991 1470 1019 eram.
1534 977 1806 1018 Enarrabam

207 1048 299 1087 tum
332 1046 545 1088 Iuvenalis
578 1048 734 1089 satiras
767 1048 981 1101 quasdam
1013 1047 1195 1091 selectas
1228 1049 1507 1101 studioseque
1538 1049 1581 1089 id
1607 1049 1805 1102 agebam,

206 1119 254 1157 ut
286 1119 329 1158 et
362 1130 434 1159 eos
467 1118 597 1168 locos,
647 1118 719 1171 qui
761 1118 903 1160 minus
945 1123 1062 1161 recte
1103 1134 1127 1162 a
1169 1119 1463 1173 superioribus
1497 1120 1806 1173 interpretibus

184 1189 381 1232 tractati
414 1192 570 1240 essent,
620 1190 846 1242 perspicue
886 1191 1147 1244 explicarem
1186 1194 1230 1233 et
1266 1191 1477 1232 incertam
1510 1191 1731 1243 quandam
1765 1195 1807 1231 et

132 2264 183 2288 169

205 1259 453 1301 instabilem
500 1260 814 1313 interpretandi
866 1263 1079 1304 rationem
1128 1263 1185 1304 ad
1232 1263 1470 1304 severiores
1518 1261 1633 1314 leges
1680 1274 1805 1302 revo-

206 1331 391 1372 candam
425 1344 519 1372 esse
552 1332 841 1373 ostenderem.
895 1333 1046 1386 Itaque
1079 1347 1131 1375 ex
1162 1335 1229 1376 his
1263 1334 1366 1387 ipsis
1399 1332 1555 1374 scholis
1589 1332 1806 1373 scribendi

205 1402 310 1443 mihi
349 1404 532 1444 materia
573 1405 678 1444 nata
717 1406 795 1453 est,
845 1405 1343 1457 commentationemque
1391 1403 1443 1444 de
1491 1403 1594 1444 locis
1642 1403 1807 1456 aliquot

203 1473 417 1515 Iuvenalis
456 1474 792 1527 interpretandis
844 1475 977 1525 edidi3
1026 1490 1122 1529 quae
1171 1489 1306 1528 quum
1354 1475 1462 1516 duos
1511 1474 1601 1515 fere
1648 1474 1806 1515 abhinc

204 1557 340 1586 annos
373 1546 486 1599 typis
520 1548 788 1598 repeteretur
820 1547 931 1588 inter
972 1547 1181 1600 opuscula
1228 1560 1327 1587 mea
1369 1545 1620 1587 academica
1663 1548 1705 1586 et
1748 1545 1805 1586 ad

203 1615 451 1656 Iuvenalem
484 1617 680 1657 animum
719 1617 941 1670 paulisper
985 1618 1278 1667 convertisset,
1327 1619 1667 1670 renovassetque
1713 1629 1805 1657 me-

202 1686 387 1727 moriam
420 1700 583 1738 eorum,
633 1701 729 1740 quae
769 1689 813 1728 in
847 1689 937 1730 eius
971 1689 1205 1730 satirarum
1238 1688 1422 1742 vulgatis
1456 1687 1804 1728 enarrationibus

203 1757 567 1808 desiderarentur,
617 1761 659 1799 et
698 1760 927 1800 materiam
968 1760 1072 1801 mihi
1104 1760 1279 1801 alterius
1313 1758 1616 1812 disputationis
1650 1757 1804 1798 collec-

201 1831 293 1869 tam
342 1842 436 1870 esse
483 1829 718 1882 significavi
766 1832 809 1870 et
848 1844 917 1871 me
958 1844 1055 1872 eam
1095 1831 1278 1873 fortasse
1319 1829 1553 1882 aliquando
1586 1829 1803 1881 conscrip-

202 1896 407 1952 turum.¹)
470 1900 517 1941 Id
548 1900 812 1953 promissum
845 1904 892 1942 ut
922 1915 1038 1944 nunc
1069 1901 1344 1955 potissimum
1378 1900 1613 1950 exsolvam,
1649 1899 1804 1941 eadem

202 1970 369 2022 suadet,
414 1984 511 2024 quae
543 1972 733 2024 primum
766 1972 818 2013 de
852 1972 934 2014 hac
965 1986 1011 2014 re
1043 1972 1260 2014 scribendi
1292 1972 1462 2013 initium
1495 1971 1626 2021 dedit,
1676 1972 1803 2012 scho-

202 2042 342 2083 larum
390 2056 588 2084 mearum
636 2044 766 2093 ratio,
822 2043 866 2084 in
921 2044 1078 2096 quibus
1133 2043 1384 2084 Iuvenalem
1432 2055 1567 2095 quum
1614 2043 1804 2083 maxime

202 2113 354 2154 tracto.
403 2113 492 2154 Nec
523 2114 713 2154 tenuitas
736 2113 863 2155 huius
887 2115 1130 2167 argumenti
1162 2115 1206 2155 in
1238 2114 1448 2167 dispersa,
1482 2115 1530 2154 ut
1562 2114 1623 2154 ita
1647 2113 1802 2163 dicam,

202 2183 395 2224 locorum
429 2184 733 2237 decerptorum
774 2185 1032 2226 tractatione
1071 2185 1212 2238 positi,
1263 2198 1360 2237 quae
1407 2184 1512 2226 mihi
1559 2185 1641 2238 ipsi
1688 2186 1803 2226 nu'nc

204 2253 388 2296 fortasse
434 2256 574 2297 maior
620 2255 791 2296 videtur
839 2268 968 2308 quam
1018 2258 1118 2297 ante
1165 2257 1334 2309 septem
1377 2269 1513 2297 annos
1553 2255 1802 2297 blandiente

201 2326 394 2367 novitate
435 2326 528 2367 visa
571 2328 650 2377 est,
701 2327 781 2367 etsi
823 2339 877 2367 ne
920 2328 1023 2367 tunc
1063 2326 1238 2379 quidem
1272 2339 1342 2367 me
1375 2326 1581 2379 fugiebat,
1632 2327 1687 2367 ab
1720 2328 1803 2367 1100

203 2396 377 2438 consilio
409 2410 478 2438 me
513 2397 727 2447 demovet,
774 2410 907 2450 quum
940 2397 1183 2450 praesertim
1216 2397 1259 2437 in
1290 2400 1382 2438 toto
1414 2398 1496 2438 hoc
1527 2397 1802 2438 sollemnium

202 2466 550 2508 academicorum
582 2481 752 2520 genere,
785 2468 866 2508 nisi
899 2468 1002 2521 quid
1033 2468 1250 2520 singulare
1282 2468 1491 2518 inciderit,
1525 2468 1801 2521 splendorem

199 2550 344 2578 rerum
378 2538 434 2578 ad
467 2538 579 2579 diem
614 2539 773 2580 festum
806 2541 1008 2592 aptarum
1048 2539 1208 2580 oratori
1248 2552 1470 2580 reservare
1510 2552 1660 2580 omnes
1695 2552 1797 2580 con—

199 2609 431 2658 sueverint,
466 2612 838 2662 programmatum
862 2609 1092 2651 materiam
1119 2623 1171 2651 ex
1194 2610 1531 2663 uniuscuiusque
1554 2609 1798 2651 studiorum

199 2679 441 2720 recessibus
474 2682 636 2732 petere.
700 2680 850 2732 Itaque
891 2694 1140 2733 compressa
1184 2694 1299 2722 nunc
1340 2681 1453 2722 intra
1494 2681 1690 2722 animum
1733 2693 1798 2729 ea,

200 2762 332 2802 quam
366 2749 464 2799 dixi,
512 2751 720 2803 temporis
764 2751 975 2792 interiecti
1017 2751 1315 2793 recordatione
1359 2754 1402 2793 et
1441 2751 1797 2800 consideratione,

202 2819 308 2870 haec,
358 2833 454 2873 quae
501 2833 616 2861 nunc
655 2821 906 2872 scribemus,
956 2822 1016 2862 sic
1058 2821 1122 2872 iis,
1172 2836 1269 2875 quae
1313 2824 1413 2863 ante
1453 2824 1622 2875 septem
1662 2834 1798 2863 annos

239 2969 269 3014 ¹)
293 2972 331 3007 P.
359 2972 403 3006 63
430 2976 503 3007 not.
