1915 3235
820 144 902 184 163

62 275 102 325 5,
138 275 204 316 15.
263 273 375 328 (Alio
408 273 660 327 significatu,
694 276 742 313 ut
772 272 827 313 sit
859 272 976 325 dare,
1011 273 1211 323 ewhibere,
1247 274 1401 315 dicitur
1433 275 1490 316 ad
1520 275 1650 317 Attic.

62 346 91 395 Ι,
129 342 231 398 1.)¹)

180 415 225 457 C.
261 415 327 464 10,
376 414 432 455 30
479 426 667 454 errorem
715 413 880 466 sustuli,
930 427 1057 466 quem
1105 414 1175 454 vix
1222 414 1419 455 crederes
1467 415 1652 457 editores

62 485 208 538 fugere
253 485 458 538 potuisse,
507 497 533 525 a
581 484 798 525 codicibus
845 485 1085 536 praesertim
1135 485 1393 526 admonitos.
1462 486 1559 527 Alio
1606 499 1653 527 se

62 556 190 597 modo
221 556 333 596 hanc
365 568 543 596 causam
575 567 702 607 agere
735 554 881 595 Cicero
915 554 985 603 ait,
1021 568 1150 607 quam
1185 560 1339 596 ceterae
1372 557 1439 608 agi
1472 557 1651 605 soleant,

60 639 147 667 non
179 625 495 675 defendentem,
529 625 606 666 sed
638 628 929 666 excusantem.
993 625 1074 665 Sed
1107 639 1188 679 eqo,
1222 627 1372 678 inquit,
1414 627 1471 666 ad
1494 641 1652 680 paren-

61 701 140 737 tem
172 697 336 751 loquor:
384 696 557 748 Erravi,
591 701 739 736 temere
768 695 876 748 feci;
915 697 1114 749 guenite&
1158 697 1215 736 ad
1246 697 1505 737 clementiam
1537 702 1650 738 tuam

61 767 265 822 eonfuqio,
299 767 438 808 delicti
469 767 633 807 veniam
662 770 766 819 peto,
799 771 844 806 ut
874 767 1076 819 sicqnoscas)
1110 780 1194 807 oro.
1243 767 1312 808 Sic
1345 767 1491 808 edunt.
1541 767 1653 817 Quid

62 839 214 891 igitur?
260 838 344 879 Pro
376 850 422 879 se
455 836 602 878 Cicero
642 836 770 877 dicit?
818 836 953 877 Immo
985 850 1063 889 pro
1096 837 1278 889 Ligario.
1342 838 1411 877 An
1443 839 1558 878 hunc
1590 838 1652 879 lo-

61 911 264 960 quentem
296 908 485 949 inducit?
532 907 668 948 immo
707 906 751 946 in
783 906 1001 958 proximis,
1046 908 1202 959 quibus
1241 909 1333 948 haec
1375 910 1650 962 respondent,

60 979 151 1031 ipse
192 979 305 1019 dicit.
368 978 462 1028 Quo
501 978 629 1030 igitur
671 977 773 1017 illud
817 980 984 1029 spectat
1027 977 1215 1019 Errat-i?
1263 979 1425 1020 Saltem
1468 980 1650 1024 illorum.

61 1063 157 1102 quae
188 1051 513 1102 praecesserant,
546 1047 793 1088 meminisse
826 1048 1074 1100 oportebat:
1116 1048 1332 1103 Ιφιοεσίίε,
1369 1050 1524 1090 iudices
1532 1066 1549 1102 ;
1590 1065 1651 1091 er-

62 1121 172 1160 ravit
203 1144 272 1161 —.
321 1119 393 1159 Ad
416 1123 637 1172 parentem
669 1119 727 1158 sic
759 1119 830 1172 aqi
861 1119 971 1158 solet.
1019 1119 1231 1171 Apertum
1266 1122 1330 1160 est
1364 1120 1537 1173 Erravi,
1569 1121 1653 1173 feci

60 1191 265 1243 scriptum
308 1202 401 1231 esse
443 1202 520 1242 pro
564 1190 733 1239 erravit,
779 1189 879 1242 fecit
920 1193 1096 1242 propter
1139 1203 1208 1240 ea,
1259 1204 1355 1243 quae
1398 1194 1649 1243 sequuntur.¹

60 1261 265 1315 confuyio,
305 1265 415 1314 petO,
463 1273 554 1308 ονος
602 1260 678 1300 sed
718 1260 865 1301 Cicero
904 1263 1111 1313 patronus
1151 1274 1228 1313 pro
1261 1262 1429 1314 Ligario
1464 1262 1652 1315 confugit

59 1332 115 1373 ad
147 1331 419 1373 clementiam
453 1330 649 1372 Caesaris.
713 1331 766 1371 Et
798 1332 861 1371 est
895 1332 1066 1384 erravit,
1102 1336 1250 1372 temere
1280 1332 1380 1384 fecit
1412 1333 1455 1373 in
1487 1333 1651 1374 Pithoe-

60 1416 154 1453 ano,
188 1402 352 1451 Dresd„
387 1402 544 1451 Haun.⁷
580 1401 687 1442 Oxx.
722 1400 845 1454 (illud
877 1402 920 1442 in
952 1402 991 1450 6,
1025 1402 1106 1442 hoc
1138 1402 1182 1442 in
1213 1401 1271 1454 4)-,
1306 1405 1409 1444 vett.
1446 1403 1543 1444 edd.

175 1474 223 1515 In
262 1473 455 1515 oratione
495 1486 572 1525 pro
605 1473 742 1513 Deiot.
777 1485 812 1513 c.
847 1472 885 1521 8,
928 1473 984 1513 24
1022 1473 1251 1513 edebatur:
1301 1473 1486 1514 Addidit
1526 1475 1649 1514 etiam

59 1545 176 1597 illud,
211 1546 361 1600 equites
393 1557 474 1584 mm
505 1544 677 1597 optimos
708 1544 880 1584 misisse.
955 1543 1129 1594 Veteres,
1163 1543 1298 1595 credo)
1341 1544 1506 1585 Caesar:
1545 1545 1652 1585 nihil

59 1615 115 1656 ad
146 1621 261 1656 tuum
294 1616 542 1670 equitatum:
574 1613 645 1654 sed
676 1615 789 1654 misit
821 1628 869 1654 615
894 1615 959 1666 iis,
993 1627 1092 1668 quos
1115 1613 1288 1671 habuit„
1308 1615 1462 1656 electos.
1510 1615 1649 1658 Patet.

59 1686 308 1727 Ciceronem
354 1685 493 1738 primo
542 1685 733 1725 confiteri
787 1685 949 1737 aliquid
1004 1685 1254 1737 opinantem
1304 1688 1346 1726 et
1393 1686 1649 1735 elevantem,

57 1759 266 1809 tanquam
298 1769 384 1797 non
415 1757 586 1805 mirum,
621 1755 775 1796 deinde
809 1769 1027 1804 excusare,
1060 1769 1147 1796 non
1179 1757 1370 1808 potuisse
1397 1757 1520 1797 aliter
1543 1757 1649 1797 fieri.

58 1827 147 1868 [am
178 1832 330 1868 veteres
369 1826 424 1867 ab
466 1827 548 1867 hac
590 1827 802 1867 sententia
847 1826 1154 1867 alienissimum
1201 1829 1277 1876 est,
1328 1828 1443 1880 quod
1484 1828 1566 1868 nisi
1608 1829 1650 1868 in

56 1897 229 1938 laudem
264 1898 317 1938 de
361 1898 617 1945 exercitatis,
666 1910 753 1938 non
793 1897 1017 1946 tironibus,
1068 1898 1150 1938 dici
1192 1911 1279 1939 non
1322 1899 1475 1950 potuit.
1538 1899 1649 1939 Nam

58 1968 273 2020 quomodo
291 1968 851 2020 Manutiusinterpretatur:
884 1968 1096 2017 „eosdenn
1126 1982 1232 2020 quos
1259 1969 1474 2010 habuerat
1506 1971 1649 2019 ante“‚

57 2052 196 2091 neque
229 2038 477 2091 intelligitur
509 2039 691 2078 verbum
723 2051 864 2090 neque
895 2038 940 2079 id
971 2039 1103 2079 ullam
1136 2039 1271 2080 habet
1305 2040 1516 2080 eiusmodi
1549 2053 1650 2081 con-

58 2109 287 2150 fessionem
330 2109 403 2158 rei,
454 2122 585 2161 quam
631 2109 724 2161 quis
765 2109 1017 2150 calumniari
1057 2110 1205 2162 possit.
1269 2110 1411 2150 Sensit
1442 2110 1649 2151 mendum

58 2179 253 2229 Orellius,
287 2180 363 2221 sed
396 2180 439 2220 in
472 2193 535 2227 ea,
570 2193 701 2232 quam
733 2180 970 2232 proposuit„
1006 2181 1250 2221 coniectura
1282 2194 1458 2233 prorsus
1485 2182 1651 2222 absona

59 2253 122 2292 est
152 2251 428 2303 transpositio
461 2250 672 2300 adiectivi,
708 2250 823 2302 quod
849 2250 990 2302 ipsum
1015 2251 1166 2292 vitiose
1191 2251 1427 2292 redundat:
1465 2257 1649 2304 veterem,

57 2321 190 2374 credo,
227 2322 383 2374 Csescir,
418 2321 523 2361 nihil
556 2321 612 2361 ad
644 2325 759 2361 tumn
785 2322 1024 2375 equitatum.
1073 2321 1160 2374 Ego
1187 2335 1283 2362 eam
1307 2335 1458 2363 vocem
1484 2323 1648 2372 sustuli,

58 2394 230 2433 secutus
272 2392 364 2433 cod.
397 2392 542 2433 Haun.
577 2395 619 2432 et
652 2392 751 2432 edit.
786 2405 824 2432 a.
861 2392 986 2442 1472,
1030 2393 1186 2445 quibus
1226 2405 1313 2433 non
1353 2393 1504 2434 dubito
1548 2393 1651 2446 quin

57 2463 201 2515 plures
235 2463 463 2511 accedant;
497 2463 691 2503 additam
724 2475 817 2503 esse
845 2463 997 2515 opinor
1022 2464 1076 2503 ab
1102 2463 1259 2515 aliquo,
1294 2464 1365 2516 qui
1390 2464 1649 2504 adjectivum

59 2533 325 2574 desideraret
370 2530 454 2574 nec
494 2533 672 2583 videret,
723 2533 827 2573 nihil
876 2533 932 2573 (id
969 2547 1048 2586 pro
1089 2534 1300 2575 adiectivo
1341 2547 1450 2575 esse.
1518 2534 1649 2575 Credo

58 2604 174 2653 illud,
209 2605 323 2656 quod
356 2605 570 2657 opinantis
604 2608 680 2654 est2
716 2605 846 2645 etiam
880 2604 1147 2656 frequentius
1173 2605 1312 2657 primo
1337 2605 1430 2646 loco
1455 2606 1649 2657 ponitur3

97 2790 124 2834 ³)
151 2792 351 2826 Conflatam
376 2803 487 2826 unam
514 2792 730 2836 scripturam
763 2802 781 2824 e
814 2791 955 2824 duabus
987 2792 1108 2835 expuli
1140 2803 1204 2835 pro
1230 2792 1301 2826 Mil.
1329 2792 1384 2833 27,
1425 2791 1478 2833 ῖ4,
1518 2792 1579 2825 ubi
1613 2791 1649 2825 in

153 2852 296 2895 optimis
323 2852 423 2885 codd.
450 2851 549 2894 (Col.‚
576 2852 659 2893 Erf„
686 2852 783 2891 Bar„
810 2850 931 2892 Fabr.)
957 2855 1027 2884 est:
1056 2852 1097 2884 P.
1126 2852 1286 2893 Varium,
1311 2852 1552 2893 fortissimmn
1571 2854 1648 2891 cet.‚

153 2910 189 2943 in
216 2910 343 2944 ceteris
369 2911 469 2944 codd.
497 2922 540 2944 ex
574 2912 723 2944 Varium
749 2910 885 2943 factum
912 2913 965 2943 est
993 2911 1125 2947 τίνιιηις
1153 2909 1236 2943 inde
1263 2909 1382 2943 Garat.
1411 2913 1445 2942 et
1471 2908 1578 2942 Orell.
1607 2910 1648 2942 P.

161 2970 320 3012 Variam,
346 2972 474 3003 virum.

1298 3024 1364 3058 11*

1672 993 1721 1017 201
