1915 3235
112 758 164 782 244

940 120 1020 161 198

187 251 433 304 singulatim
466 263 607 303 poenae
642 263 773 290 causa
805 250 953 302 gravia
987 249 1261 290 incommoda
1294 263 1319 290 a
1343 249 1552 291 Romanis
1585 251 1781 303 impone-

187 324 347 362 rentur.

303 392 398 434 Hoc
430 393 557 445 igitur
590 392 774 432 civitatis
808 404 942 443 genus
976 393 1237 443 acceperunt
1261 392 1553 433 vetustissimo
1586 396 1779 444 tempore

185 463 225 513 ii,
268 464 423 516 quibus
463 463 506 503 in
545 476 624 503 sua
657 462 760 503 sede
793 462 1070 502 manentibus
1103 462 1293 514 praesidii
1327 475 1459 503 causa
1491 462 1668 503 coloniae
1701 463 1781 503 im-

184 536 336 587 positae
368 537 483 576 sunt.
546 533 690 585 Atque
734 533 800 573 his
845 546 1015 585 quoque
1059 532 1288 585 praefectos
1331 533 1554 574 Romanos
1595 534 1650 579 ad
1689 534 1783 575 iura

185 605 406 646 reddenda
439 606 593 646 missos
627 617 735 653 esse,
776 606 1065 656 praeterquam
1109 603 1225 656 quod
1256 617 1333 656 per
1365 617 1411 645 se
1443 604 1668 656 probabile
1703 607 1782 654 est,

185 689 235 717 eo
267 679 464 729 spectare
496 675 667 716 videtur
699 674 829 724 fama,
870 687 966 726 quae
1006 674 1059 715 de
1093 674 1273 716 Collatia
1314 676 1496 716 subacta
1529 675 1779 728 Egerioque,

185 760 313 798 quem
347 747 576 800 Dionysius
611 746 897 798 Tarquinium
930 745 1144 786 Aruntem
1178 746 1381 798 appellat,
1416 746 1474 786 ibi
1507 747 1550 786 in
1581 746 1782 799 praesidio

183 818 330 859 relicto
364 819 620 859 conservata
653 819 730 866 est,
766 816 881 869 quod
913 817 1072 856 innexa
1106 819 1198 857 erat
1230 816 1551 857 narrationibus
1577 816 1629 857 de
1655 817 1781 858 fami-

183 888 239 929 lia
271 902 420 941 regum
453 888 774 936 Romanorun1;
815 900 917 928 nam
958 887 1207 940 praesidium
1249 900 1299 928 eo
1333 887 1567 928 deductum
1601 886 1783 939 (φρουράν

182 959 411 1012 Dionysius
445 957 563 1011 dicit)
598 959 810 999 coloniam
845 972 938 999 esse
972 958 1294 1010 intelligendam
1327 961 1461 1010 patet.
1475 955 1508 1010 l)
1571 958 1657 1000 Sed
1689 972 1781 1000 cer-

182 1031 265 1070 tius
299 1035 363 1071 est
397 1031 700 1082 argumentum
737 1042 789 1069 ex
821 1043 884 1079 eo,
935 1029 1051 1082 quod
1090 1042 1141 1069 ea
1181 1029 1341 1082 oppida
1381 1029 1514 1070 Italiae
1554 1029 1779 1079 inferioris,

183 1101 224 1141 in
257 1114 353 1153 quae
386 1101 507 1141 brevi
540 1103 638 1153 post
680 1100 841 1141 bellum
882 1100 1093 1141 Punicum
1133 1100 1370 1141 secundum
1412 1114 1450 1141 a.
1488 1101 1571 1141 194
1610 1102 1669 1142 ita
1709 1114 1780 1142 co-

181 1171 305 1212 loniae
332 1173 487 1212 civium
514 1173 658 1213 missae
683 1174 796 1221 sunt,
830 1174 877 1212 ut
903 1185 954 1212 ex
977 1184 1159 1212 numero
1183 1173 1477 1212 trecentarum
1502 1171 1779 1221 familiarum,

181 1256 258 1294 pro
298 1256 383 1295 quo
424 1244 530 1284 alias
570 1244 641 1283 illa
683 1245 811 1283 aetate
852 1243 987 1283 multo
1031 1243 1168 1283 maior
1216 1243 1482 1292 mittebatur,
1532 1246 1780 1284 revocatam

181 1315 572 1355 vetustissimorum
628 1314 929 1367 praesidiorum
983 1314 1169 1354 sormam
1224 1316 1454 1366 appareat,
1510 1313 1779 1366 praefecturae

181 1385 368 1435 fuerunt,
402 1385 623 1426 Veteribus
658 1385 806 1426 incolis
840 1385 930 1425 sine
966 1385 1098 1425 dubio
1130 1385 1174 1425 in
1207 1385 1427 1425 civitatem
1460 1386 1552 1426 sine
1576 1386 1780 1438 suffragio

180 1453 426 1509 receptis.2)
475 1457 679 1497 Ceterum
708 1456 893 1496 eundem
926 1456 1038 1496 inter
1071 1455 1245 1497 colonos
1279 1459 1321 1497 et
1352 1457 1463 1497 inter
1495 1456 1681 1508 reliquos
1714 1457 1779 1497 ius

180 1527 351 1577 dixisse,
405 1529 489 1568 veri
535 1531 599 1569 est
639 1524 839 1578 simile.³)
903 1526 1079 1576 Ceteris,
1130 1541 1226 1579 quae
1260 1528 1550 1580 exposuimus,
1600 1541 1779 1569 consen-

179 1600 356 1639 taneum
390 1601 466 1650 est,
502 1602 549 1640 ut
580 1600 660 1640 hos
693 1599 890 1640 homines
924 1611 1119 1639 seorsum
1153 1612 1177 1639 a
1209 1599 1508 1639 Romanorum
1541 1598 1779 1652 legionibus

273 1775 544 1818 praefecturam,
588 1787 701 1819 quum
736 1775 875 1809 nullam
908 1775 1058 1809 haberet
1092 1775 1142 1809 rei
1174 1775 1328 1819 puhlicae
1361 1775 1536 1819 speciem,
1574 1781 1779 1810 conventum

273 1834 480 1878 appellavit.
532 1834 602 1868 Gfr.
630 1835 674 1868 de
700 1835 783 1878 Leg.
811 1846 926 1878 agrar.
954 1836 979 1876 Ι,
1008 1835 1039 1876 6,
1069 1834 1122 1876 19,
1151 1835 1193 1876 ΙΙ,
1220 1834 1277 1877 32,
1304 1834 1360 1869 88.

217 1890 242 1934 ¹)
268 1892 344 1926 Liv.
371 1894 396 1934 l,
423 1893 480 1935 38,
508 1894 654 1938 Dionys.
684 1894 742 1935 III,
770 1893 824 1928 50.
864 1894 969 1936 Quod
996 1891 1116 1937 (ἱρχήν
1143 1891 1208 1926 διά
1234 1897 1314 1936 βίου
1343 1895 1467 1928 datam
1493 1894 1623 1928 Arunti
1649 1894 1778 1938 Diony-

272 1951 346 1986 sius
372 1953 512 1995 scribit,
552 1954 721 1987 convenit
753 1954 785 1987 ei
818 1953 991 1997 tempori,
1031 1964 1103 1996 quo
1137 1964 1263 1987 omnes
1297 1953 1453 1987 Romani
1486 1954 1559 1998 regi
1591 1954 1778 1997 parebant.

273 2011 412 2045 Similia
438 2017 532 2054 sunt,
561 2024 641 2056 quae
667 2014 711 2046 sle
736 2013 816 2046 Tito
844 2016 878 2045 et
904 2013 1045 2046 Arunte
1071 2013 1276 2056 Tarquiniis
1305 2012 1448 2047 Circeiis
1475 2016 1510 2046 et
1536 2013 1666 2056 Signiae
1691 2024 1777 2057 prae-

275 2070 400 2113 positis
427 2076 550 2105 narrat
579 2071 773 2115 Dionysius
800 2071 856 2112 IV,
885 2071 938 2105 63.

216 2127 244 2165 ²)
270 2129 502 2171 Vulturnum,
536 2131 736 2171 Liternum,
771 2130 952 2171 Puteolos,
986 2131 1189 2171 Salernum,
1222 2131 1432 2164 Buxentum
1457 2131 1579 2165 Livius
1614 2131 1778 2165 nominat

273 2187 428 2229 (XXXII,
456 2189 512 2230 22³,
540 2190 695 2230 XXXIV,
722 2189 800 2231 45);
829 2200 871 2222 ex
897 2190 953 2223 his·
972 2190 1204 2230 Vulturnum,
1232 2190 1430 2230 Liternum,
1457 2190 1626 2224 Puteolos
1648 2190 1775 2224 Festus

273 2247 374 2290 ponit
399 2247 494 2281 inter
520 2260 580 2282 eas
606 2250 851 2292 praefecturas,
885 2248 921 2282 in
948 2260 1038 2292 quas
1064 2248 1224 2292 praefecti
1250 2260 1271 2282 a
1297 2249 1431 2293 populo
1458 2249 1567 2283 creati
1593 2249 1776 2282 mitteren—

273 2309 347 2343 tur;
388 2317 459 2340 non
494 2318 620 2341 ornnes
654 2319 691 2341 se
725 2307 958 2351 praefecturas
991 2318 1216 2347 enumerare,
1256 2307 1332 2351 ipse
1366 2307 1460 2341 dicit.
1512 2307 1617 2342 Hunc
1650 2308 1777 2342 Puteo-

275 2365 443 2398 lanorum
470 2369 605 2399 statum
632 2367 727 2400 bello
755 2367 903 2400 demum
929 2366 1062 2407 sociali,
1096 2369 1136 2400 ut
1162 2366 1314 2407 videtur,
1349 2370 1531 2400 mutatum
1564 2366 1777 2410 significavit

274 2423 396 2457 Cicero
424 2424 459 2457 in
486 2428 574 2458 orat.
603 2425 633 2458 ΙΙ
660 2426 703 2458 de
730 2425 812 2468 Leg.
840 2436 953 2468 agrar.
980 2425 1023 2458 31
1052 2428 1152 2466 extr„
1187 2426 1230 2458 de
1257 2436 1328 2468 quo
1354 2426 1432 2459 loco
1459 2429 1494 2459 et
1521 2425 1580 2459 alii
1608 2429 1643 2459 et
1670 2425 1776 2459 Gara-

273 2482 394 2516 tonius
427 2484 471 2516 ad
499 2483 568 2517 Cic.
595 2495 660 2528 pro
695 2485 776 2518 Cael.
803 2483 824 2516 ‘2
858 2496 890 2527 p.
918 2484 986 2517 384
1020 2495 1149 2528 parum
1183 2487 1278 2518 recte
1310 2484 1552 2528 disputarunt,
1592 2484 1775 2518 civitatem

272 2541 486 2575 foederatam
512 2546 594 2586 post
626 2544 742 2586 legem
776 2543 904 2577 Iuliam
938 2544 973 2577 111
1000 2544 1104 2577 Italia
1136 2543 1246 2576 fuisse
1280 2546 1461 2587 putantes.
1518 2544 1654 2577 Verum
1688 2543 1776 2576 vidit

273 2600 427 2634 Rotliius
454 2601 498 2634 de
524 2612 562 2635 re
588 2602 721 2635 munic.
748 2614 781 2645 p.
810 2602 852 2635 19
879 2606 952 2636 not.

217 2656 243 2700 3)
270 2657 344 2701 [Sic
369 2660 497 2693 melius
524 2660 673 2704 intelligi
701 2661 901 2703 videbatur,
931 2662 1112 2705 quomodo
1139 2664 1274 2704 postea,
1308 2661 1421 2695 altera
1446 2660 1647 2694 incolarum
1673 2664 1775 2704 parte

273 2718 318 2751 ad
344 2717 488 2761 plenam
517 2719 699 2752 civitatem
727 2719 896 2761 admissa,
930 2731 973 2754 ex
1006 2724 1160 2764 utroque
1185 2730 1315 2763 genere
1343 2731 1457 2753 unum
1484 2719 1654 2753 effectum
1682 2722 1775 2753 esset

273 2788 414 2820 corpus,
448 2777 660 2820 praefectum
692 2778 810 2811 Roma
843 2778 1033 2822 accipiens.
1084 2778 1186 2812 Nunc
1219 2782 1354 2819 tamen,
1393 2778 1503 2812 etiam
1529 2779 1575 2812 ob
1602 2789 1654 2819 ea,
1695 2788 1774 2821 quae

273 2848 306 2880 p.
333 2835 402 2869 ‘234
430 2839 502 2870 not.
536 2836 579 2870 de
612 2836 720 2869 Antio
753 2837 888 2880 scripsi,
929 2838 1045 2878 credo,
1085 2838 1231 2872 colonos
1269 2848 1377 2871 suum
1415 2837 1482 2871 sibi
1521 2836 1773 2880 magistratum

273 2906 424 2937 creasse,
451 2895 525 2936 sed,
552 2905 666 2938 quum
692 2895 796 2938 longe
823 2895 899 2929 sine
926 2895 1035 2929 dubio
1062 2896 1277 2940 plerumque
1302 2896 1490 2940 pauciores
1518 2898 1637 2929 essent
1663 2905 1772 2938 quam

273 2954 377 2988 alteri
404 2965 533 2998 resque
560 2953 633 2987 fere
660 2964 742 2987 cum
770 2953 812 2987 iis
846 2958 1050 2988 contractas
1082 2955 1270 2996 haberent,
1309 2966 1422 2998 quum
1456 2955 1493 2988 hi
1526 2955 1571 2988 ad
1603 2954 1774 2998 suffragia
