1915 3235
119 750 171 775 493

120 2602 170 2625 494

945 116 1030 158 382

191 258 268 297 pro
292 257 354 293 eo,
379 245 494 297 quod
519 247 602 285 est:
636 244 738 297 vidi,
772 245 1119 299 quemadmodum
1144 245 1321 295 caderet,
1346 246 1479 288 dicat:
1513 247 1614 300 vidi,
1648 262 1783 302 quemf-

192 315 417 355 admodum
460 313 684 367 ceciderit).
758 315 903 357 Unum
948 317 1053 358 mihi
1092 317 1288 366 occurrit,
1331 331 1415 370 quo
1448 319 1511 359 uti
1543 318 1694 371 aliquis
1729 318 1785 359 ad

191 386 431 438 perfectum
464 387 545 426 hoc
577 386 669 427 loco
703 386 1023 428 defendendum
1056 387 1203 440 possit,
1245 389 1504 441 exemplum,
1539 402 1616 441 pro
1649 388 1784 430 Balbo

195 457 230 505 1,
266 456 312 497 2:
360 456 460 507 Quce
489 456 623 509 fuerit
654 456 845 498 hesterno
873 458 940 498 die
975 458 1048 499 Cn.
1084 458 1270 513 Pompeii
1298 460 1490 513 yravitas
1520 460 1565 500 in
1597 459 1784 511 dicendo,

191 527 361 580 radices,
402 541 492 580 quoe
523 527 721 580 facultas,
763 542 853 582 quw
892 530 1024 583 eopia,
1063 543 1145 570 non
1177 531 1367 583 opinione
1399 531 1527 571 tacita
1558 535 1787 571 vestrorum

192 599 442 651 animormn,
483 598 556 639 sed
590 599 814 652 perspicua
847 600 1128 641 admiratione
1161 600 1376 641 declarari
1406 601 1637 642 videbatur.
1701 601 1787 642 Sed

190 669 233 709 in
267 682 316 710 eo
349 669 442 710 loco
475 671 620 710 orator
651 669 710 710 sic
744 669 909 711 orditur
951 674 1160 724 tanquam
1203 671 1256 712 de
1298 671 1466 721 iudicio,
1516 672 1632 724 quod
1673 684 1787 713 nunc

191 739 257 789 sit,
292 739 506 788 dicturus;
541 742 583 781 et
615 753 665 781 eo
698 740 882 781 refertur
909 741 1097 782 hesterno
1123 742 1210 791 dim
1245 742 1399 783 deinde
1432 743 1515 783 leni
1548 743 1786 784 orationem

191 810 361 851 deflexu
393 812 603 852 convertit
634 811 691 852 ad
723 812 921 852 habitum
955 824 1053 853 eum
1087 813 1342 862 animorum,
1377 814 1449 866 qui
1482 814 1689 867 Pompeio
1723 814 1786 855 di-

192 884 314 923 cente
348 881 494 931 fuerit3
527 882 676 923 similis
709 883 846 935 figura
878 884 919 923 in
953 884 1034 924 hoc
1057 883 1266 925 Sestianae
1290 885 1381 925 1000
1405 897 1499 925 0550
1521 897 1608 926 000
1630 886 1785 937 potest.

192 953 277 994 Sed
309 953 352 993 in
384 952 630 994 huiusmodi
663 953 793 994 rebus
836 955 1128 1006 grammaticis
1171 968 1483 1008 nonnunquam
1526 956 1569 996 in
1611 956 1787 1009 singulis

191 1025 293 1065 10015
326 1024 390 1065 vir
423 1024 684 1065 clarissimus
718 1037 768 1065 ea
802 1025 1034 1075 constituit,
1084 1039 1180 1078 quae
1220 1027 1254 1067 51
1295 1027 1350 1067 ad
1390 1026 1474 1067 alia
1515 1027 1713 1080 exempla
1745 1029 1788 1068 et

191 1095 247 1136 ad
279 1095 489 1136 sermonis
522 1097 724 1136 naturam
756 1097 1024 1146 transferret,
1074 1100 1148 1138 aut
1187 1098 1221 1137 51
1260 1097 1390 1138 modo
1429 1098 1560 1138 totius
1599 1097 1678 1139 1001
1717 1111 1787 1139 10-

190 1167 349 1207 tionem
384 1166 577 1213 haberet,
626 1167 749 1208 facile
783 1167 892 1208 falsa
925 1181 1018 1208 esse
1050 1167 1319 1221 intelligeret.
1384 1168 1513 1209 Cuius
1546 1169 1607 1210 rei
1640 1182 1787 1210 exem-

191 1237 310 1289 plum
355 1251 448 1279 esse
494 1241 639 1291 potest
686 1239 987 1291 imperfectum
1035 1241 1133 1292 post
1180 1239 1423 1292 perfectum
1471 1239 1698 1281 defensum
1745 1241 1789 1281 in

191 1310 299 1349 orat.
332 1308 518 1362 Philipp.
552 1310 581 1359 1,
619 1309 684 1360 15,
719 1310 788 1360 36,
823 1311 896 1351 0111
929 1311 1076 1351 leniret
1107 1310 1198 1351 vult
1231 1323 1344 1351 esse:
1379 1315 1415 1350 et
1446 1315 1543 1351 tunc
1575 1311 1721 1352 leniret
1753 1316 1789 1352 et

190 1393 299 1419 mmm
331 1394 487 1435 (suoque
519 1381 660 1430 leniat,
695 1394 829 1433 quum
863 1386 1010 1422 tamen
1043 1381 1212 1422 adiecta
1244 1382 1379 1422 Verba
1402 1386 1604 1435 perpetuo
1629 1383 1789 1436 plausu

192 1454 227 1490 et
258 1450 438 1491 clamore
471 1451 580 1492 adeo
622 1454 771 1504 aperte
805 1452 860 1493 ad
893 1452 1032 1493 solum
1066 1452 1300 1504 spectaculi
1333 1454 1505 1505 tempus
1539 1466 1630 1494 rem
1662 1466 1787 1494 revo-

191 1523 300 1571 cent,
350 1524 397 1562 ut
444 1522 514 1562 vix
561 1523 760 1564 videatur
809 1523 979 1564 errandi
1027 1523 1195 1564 0000510
1244 1520 1436 1576 10155οἦ)
1498 1523 1634 1576 AEque
1674 1524 1788 1565 male

191 1593 341 1633 contra
384 1594 569 1645 optimos
613 1608 806 1648 quosque
847 1594 1014 1636 codices
1054 1607 1132 1646 pro
1165 1594 1250 1635 Mil.
1284 1594 1323 1643 3,
1369 1594 1393 1634 9
1436 1593 1624 1644 retinuit,
1673 1594 1789 1647 quod

192 1663 337 1704 Garat.
372 1669 414 1704 et
446 1664 682 1719 Peyronius
716 1667 954 1707 eiecerant:
988 1666 1025 1706 se?
1056 1680 1097 1705 se
1129 1665 1366 1718 defenderit
1395 1663 1490 1718 (pro
1514 1664 1787 1718 defenderet),

190 1734 368 1788 interfici
399 1736 629 1777 voluerunt.
678 1737 767 1777 Nec
798 1736 956 1778 rectius
978 1735 1163 1788 Philipp.
1188 1736 1235 1784 II,
1269 1735 1339 1785 42,
1377 1736 1456 1776 107
1482 1738 1631 1777 contra
1653 1736 1788 1778 Vatic.

191 1805 456 1847 defenditur:
492 1806 663 1860 effecisti
695 1822 777 1848 mm
808 1813 852 1849 tu
875 1808 1040 1863 quidem
1064 1808 1185 1848 etiam
1211 1821 1333 1858 nuno,
1367 1811 1411 1847 ut
1443 1808 1509 1848 sit
1539 1808 1690 1848 &ionilla
1714 1808 1787 1860 tui,

190 1876 261 1916 sed
293 1882 412 1929 certe,
447 1883 492 1918 ruz‘v
524 1883 624 1919 esset
656 1878 875 1920 (lissimilis
907 1880 986 1920 sui.
1036 1878 1201 1920 Deinde
1235 1880 1485 1930 corruptum
1519 1891 1611 1919 esse
1637 1891 1787 1919 omnes

191 1947 381 1989 fatentur
428 1963 510 1999 ore,
560 1949 675 2001 quod
726 1949 983 1992 Garatonius
1024 1950 1084 1991 ita
1133 1949 1393 1999 emendavit,
1443 1949 1585 1990 deleta
1633 1949 1787 1999 littera,

191 2031 287 2070 (10εο
320 2019 433 2060 male
467 2020 685 2072 duplicata
719 2025 795 2070 est,
846 2022 983 2062 altera
1023 2020 1254 2073 duplicata,
1304 2022 1351 2060 ut
1390 2020 1495 2060 nihil
1527 2033 1621 2061 esse
1653 2019 1789 2072 possit

192 2090 361 2139 certius,
398 2091 459 2131 rei
492 2092 592 2144 ips&
636 2091 795 2132 menda
828 2105 1003 2144 prorsus
1038 2091 1351 2132 eiusdemmodi
1384 2091 1427 2131 in
1460 2090 1604 2132 codice
1637 2091 1788 2132 arche-

190 2162 294 2213 typo
328 2161 502 2202 fuerunt
535 2176 569 2202 0.
604 2162 672 2211 52,
711 2164 789 2203 111
826 2163 914 2215 (mo
953 2176 1022 2203 reo
1054 2175 1132 2215 pro
1164 2163 1236 2203 illo
1269 2160 1354 2214 ore)
1395 2164 1437 2203 et
1470 2162 1508 2211 5,
1546 2162 1599 2202 12
1632 2161 1790 2215 (amore

193 2231 255 2270 ree?
278 2245 324 2284 p.
359 2246 436 2284 pro
471 2246 590 2273 amor
620 2234 685 2273 ree?
709 2232 789 2287 μ).
852 2234 940 2275 Νο0
974 2234 1090 2274 aliud
1124 2233 1205 2274 dici
1237 2234 1318 2274 hoc
1351 2233 1443 2274 loco
1476 2232 1627 2285 potuit.
1676 2233 1787 2274 Nam

192 2314 390 2353 persona,
441 2317 536 2355 quae
580 2317 677 2345 cum
711 2307 865 2346 senatu
899 2305 1095 2358 coniungi
1128 2304 1276 2357 possit,
1324 2304 1441 2345 nulla
1475 2306 1559 2353 est;
1608 2304 1789 2345 Lentulo

193 2373 320 2423 enim,
355 2374 407 2414 de
440 2388 524 2426 quo
557 2388 642 2416 uno
676 2376 853 2428 cogitari
885 2378 1068 2429 poterat,
1103 2378 1150 2416 ut
1172 2375 1345 2427 reliquis
1375 2374 1661 2424 senatoribus,
1695 2377 1788 2416 tum

193 2447 257 2483 est
289 2444 466 2496 plausus
500 2445 640 2496 datus,
686 2460 818 2499 quum
852 2447 943 2499 ipse
976 2447 1166 2486 Venerat.
1231 2445 1315 2486 Sed
1349 2458 1482 2498 quum
1516 2445 1787 2495 Garatonius,

192 2516 239 2554 ut
287 2517 379 2555 erat
427 2515 491 2556 sui
532 2517 831 2567 calumniator,
881 2517 1134 2565 dubitasset,
1183 2529 1311 2557 nemo
1358 2517 1479 2569 sequi
1526 2530 1657 2558 ausus
1705 2518 1788 2565 est;

193 2585 308 2637 quod
341 2585 454 2626 idem
489 2587 643 2628 accidit
686 2588 729 2628 in
771 2588 1027 2629 necessariae
1070 2587 1223 2628 litterae
1265 2587 1505 2628 adiectione
1548 2600 1582 2628 0.
1619 2587 1684 2637 14,
1719 2587 1788 2636 33,

193 2655 328 2697 donec
361 2656 546 2698 Orellius
580 2658 621 2698 10
662 2659 827 2700 minore
870 2659 1055 2700 editione
1094 2657 1263 2699 veritati
1306 2658 1463 2710 paruit,
1512 2660 1554 2698 et
1594 2658 1788 2710 proxime

230 2832 259 2875 ¹)
285 2834 454 2868 Ceterum
494 2833 644 2877 poenitet
678 2844 735 2867 me
768 2834 887 2877 ipsum
920 2834 1055 2878 recepti
1090 2834 1144 2868 his
1171 2834 1207 2868 in
1233 2845 1275 2868 eo
1301 2834 1379 2867 loco
1406 2833 1571 2877 perfecti;
1611 2843 1696 2866 nam
1734 2832 1788 2866 bis

288 2892 543 2936 imperfectum
569 2892 653 2936 poni
680 2893 845 2934 debebat,
880 2893 1021 2927 mutata
1055 2905 1128 2927 una
1155 2893 1275 2927 littera
1300 2892 1337 2926 in
1363 2893 1441 2926 Vat.
1468 2892 1657 2936 scriptura.
1708 2891 1789 2925 Per-

289 2951 371 3003 t'ecti
398 2951 558 2995 ponendi
585 2951 683 2985 nulla
711 2955 788 2985 erat
815 2963 934 2986 causa.
985 2952 1208 2986 Describitur
1233 2962 1341 2986 omne
1366 2951 1537 2986 ludorum
1563 2954 1742 3004 tempus..
