1915 3235
159 2277 210 2303 318

981 108 1064 149 258

401 240 488 280 Nec
520 238 754 292 persectari
787 237 1022 291 primordia
1055 237 1223 290 singula
1257 251 1453 291 quaeque,

401 310 458 351 Ut
491 309 678 359 videant,
713 321 798 361 qua
831 308 1020 361 quidque
1053 310 1226 361 geratur
1259 321 1356 349 cum
1388 310 1569 350 ratione.

223 417 471 470 Sequuntur
504 415 706 467 deinceps
740 427 903 463 verSUS,
941 414 1097 466 quibus
1132 415 1174 455 in
1208 428 1280 456 eos
1312 417 1441 468 poeta
1475 415 1703 465 invehitur,
1749 417 1820 469 qui

222 489 304 529 nisi
337 486 480 527 divino
520 485 697 526 numine
736 485 946 526 mundum
988 488 1078 526 tam
1126 486 1454 527 accommodate
1503 486 1559 527 ad
1606 486 1820 528 humanas

223 559 411 600 rationes
445 556 678 610 gubernari
710 569 797 597 non
829 569 957 609 posse
991 556 1183 597 credant.
1246 557 1376 598 Miror
1415 558 1457 597 in
1496 557 1562 598 his
1603 558 1820 599 neminem

224 629 348 670 valde
381 629 571 677 haesisse,
621 640 717 679 quae
758 627 971 668 infinitam
1003 627 1167 668 habent
1199 628 1546 680 reprehendendi
1577 629 1820 678 materiam,

223 699 464 753 explicandi
506 698 669 739 nullam
712 699 938 739 rationem.
1010 698 1094 739 Cur
1136 699 1270 740 atomi
1314 699 1492 740 celerius
1535 700 1647 741 irent
1689 713 1821 753 quam

223 771 323 812 solis
355 770 532 818 lumina,
574 770 678 810 satis
711 771 805 810 erat
837 773 938 810 ante
971 771 1228 822 expositum,
1271 769 1387 822 quod
1425 783 1566 822 neque
1599 783 1676 823 per
1708 772 1820 812 aeris

223 843 361 883 undas
401 842 638 890 obstantes,
687 841 763 881 sed
806 853 882 892 per
924 840 1052 881 inane
1094 843 1384 885 moverentur,
1434 854 1574 893 neque
1615 854 1821 883 connexae

223 915 367 967 plures
400 913 510 953 inter
543 924 588 952 se
620 911 946 952 retraherentur
989 911 1091 964 (149
1126 910 1232 963 [150
1264 911 1333 964 R]
1367 911 1493 964 sqq).
1557 911 1643 953 Sed
1674 915 1822 953 tamen

223 985 509 1026 subiiciuntur
548 996 671 1024 novae
716 996 857 1024 causae
892 982 1006 1023 Nam
1038 996 1166 1037 neque
1198 983 1367 1023 consilio
1402 985 1481 1023 cet.
1537 983 1698 1024 Verum
1730 984 1822 1024 haec

224 1068 454 1097 causarum
488 1054 649 1095 mentio
690 1067 822 1106 quam
862 1055 928 1095 est
966 1054 1178 1095 absurda!
1228 1054 1324 1095 Non
1363 1053 1593 1094 tardantur
1633 1054 1822 1095 consilio.

224 1128 328 1178 Quis
360 1127 404 1168 id
436 1129 512 1167 aut
543 1126 587 1166 in
626 1126 781 1166 atomis
821 1125 1064 1177 suspicatus
1105 1127 1169 1166 est
1209 1128 1284 1165 aut
1322 1124 1531 1177 suspicari
1569 1125 1710 1177 potuit
1749 1127 1824 1166 aut

225 1199 268 1239 in
299 1198 386 1239 ulla
417 1210 464 1238 re
497 1196 636 1247 simili,
671 1197 790 1236 cuius
824 1209 922 1236 cum
957 1196 1175 1237 celeritate
1208 1196 1379 1237 illarum
1412 1208 1561 1236 cursus
1595 1208 1823 1248 compara-

225 1271 372 1310 retur‘?
407 1282 462 1309 an
495 1268 594 1309 solis
627 1267 736 1309 radii
762 1267 938 1308 consilio
963 1267 1280 1308 tardabantur?
1314 1267 1479 1307 Deinde
1503 1280 1590 1308 non
1616 1269 1825 1320 coguntur

225 1340 461 1394 persectari
501 1338 737 1392 primordia
780 1338 947 1391 singula
994 1351 1191 1391 quaeque,
1240 1338 1283 1379 id
1333 1340 1409 1386 est,
1458 1339 1729 1391 semetipsas,
1779 1340 1826 1379 ut

226 1412 421 1461 videant,
481 1423 566 1463 qua
614 1411 780 1451 ratione
827 1423 895 1450 res
943 1412 1161 1462 gerantur.
1240 1409 1347 1459 Quae
1396 1411 1460 1450 est
1506 1409 1685 1450 tandem
1732 1409 1825 1450 haec

227 1482 406 1532 insania,
440 1482 537 1523 ideo
570 1483 738 1522 atomos
773 1481 953 1522 celerius
988 1480 1087 1521 ferri
1120 1481 1276 1530 dicere,
1312 1480 1428 1533 quod
1459 1480 1503 1520 id
1534 1493 1622 1521 non
1649 1480 1824 1528 faciant,

226 1553 342 1607 quod
373 1567 460 1595 non
492 1552 629 1605 magis
663 1554 739 1593 aut
771 1552 871 1593 solis
905 1551 1068 1592 lumina
1108 1553 1183 1592 aut
1225 1551 1312 1592 ulla
1355 1551 1440 1592 alia
1482 1563 1550 1592 res
1590 1551 1734 1601 faciat,
1785 1554 1826 1593 et

227 1625 343 1678 quod
374 1625 417 1665 id
449 1637 536 1665 non
568 1625 712 1676 agant,
754 1623 870 1676 quod
908 1623 979 1663 vix
1017 1622 1184 1663 ridendi
1218 1635 1349 1664 causa
1382 1622 1586 1674 cuiquam
1618 1625 1693 1663 aut
1725 1622 1826 1676 Epi-

227 1709 355 1737 cureo
403 1697 478 1737 aut
527 1695 598 1736 alii
645 1695 689 1735 in
735 1696 925 1735 mentem
974 1695 1120 1735 Venire
1168 1694 1305 1747 possit
1351 1696 1399 1734 ut
1446 1693 1601 1735 atomis
1650 1693 1824 1742 tribuat,

228 1781 375 1809 curam
409 1765 596 1813 videndi,
646 1765 749 1818 quid
781 1765 944 1806 mundo
976 1765 1079 1807 fiat‘?
1127 1765 1246 1815 Haec,
1295 1765 1330 1805 si
1363 1765 1457 1817 quis
1490 1764 1686 1813 attendit,
1735 1767 1826 1805 tam

227 1841 328 1880 sunt
360 1837 564 1887 absurda,
598 1839 645 1877 ut
677 1837 747 1877 Vix
780 1837 823 1877 in
855 1836 929 1880 tali
955 1849 1085 1877 causa
1110 1837 1328 1877 mentione
1354 1835 1531 1889 dignum
1560 1848 1654 1876 esse
1678 1835 1826 1876 videa-

227 1912 310 1959 tur,
356 1922 419 1959 ea,
466 1921 562 1961 quae
596 1910 850 1960 sequuntur,
898 1907 1123 1960 perinepte
1155 1907 1320 1948 subiici.
1383 1907 1496 1948 Nam
1530 1919 1661 1959 quam
1693 1906 1828 1948 habet

228 1979 573 2022 coniunctionem
633 1981 879 2020 atomorum
942 1978 1172 2020 celeritatis
1230 1981 1273 2019 et
1331 1978 1487 2019 divinae
1544 1977 1828 2030 providentiae

228 2052 418 2093 mentio?
466 2053 542 2092 aut
574 2050 677 2103 quid
709 2050 843 2091 habet
876 2049 1091 2097 contrarii,
1141 2051 1309 2090 atomos
1350 2049 1528 2090 celerius
1562 2048 1663 2089 ferri
1697 2061 1828 2101 quam

229 2122 328 2163 solis
368 2122 542 2171 lumina,
593 2124 635 2162 et
673 2121 885 2162 mundum
926 2121 1015 2173 regi
1055 2120 1234 2161 deorum
1273 2119 1573 2172 providentia?
1622 2119 1828 2172 Sequitur

230 2193 363 2234 enim:
413 2192 470 2233 At
510 2192 685 2247 quidam
723 2196 867 2232 contra
906 2191 993 2231 hoec
1033 2193 1112 2232 cet.
1184 2191 1287 2239 Sed,
1338 2193 1386 2231 ut
1426 2190 1513 2231 dixi
1555 2190 1697 2240 initio,
1747 2188 1862 2243 ipsi

231 2263 398 2305 codices
440 2262 645 2304 indicium
685 2250 849 2303 faciunt
888 2261 949 2303 rei
981 2275 1058 2314 per
1090 2275 1136 2303 se
1169 2264 1346 2314 apertae.
1410 2261 1521 2303 Nam
1565 2274 1715 2302 versus
1760 2261 1828 2302 ille

231 2333 373 2387 (164):
424 2333 537 2374 Nam
568 2347 696 2388 neque
729 2334 899 2374 consilio
931 2332 1076 2373 debent
1107 2332 1282 2373 tardata
1314 2332 1490 2384 morari,
1540 2333 1583 2373 in
1614 2332 1731 2373 nullo
1765 2333 1829 2373 est

232 2405 377 2446 codice
410 2405 489 2445 nisi
522 2404 565 2445 in
597 2404 857 2456 apographis
891 2404 1027 2444 Musei
1060 2403 1306 2452 Britannici,
1341 2403 1395 2443 de
1427 2416 1610 2455 quorum
1643 2403 1828 2444 auctori-

231 2477 321 2516 tate
354 2474 452 2515 hinc
484 2475 688 2516 iudicium
720 2475 813 2516 fieri
845 2476 1000 2527 potest,
1034 2476 1078 2515 et
1109 2487 1163 2514 ne
1195 2474 1238 2514 in
1263 2475 1451 2526 antiquis
1477 2473 1652 2526 quidem
1677 2472 1828 2515 editio-

232 2545 359 2586 nibus
393 2545 608 2587 omnibus.
672 2546 822 2598 Itaque
854 2546 972 2587 locus
1006 2546 1064 2586 sic
1097 2544 1281 2597 scriptus
1315 2547 1402 2587 est:

412 2652 641 2705 Tempore,
676 2664 760 2703 quo
793 2651 892 2692 solis
926 2652 1179 2704 pervolgant
1211 2650 1381 2703 fulgura
1414 2650 1580 2691 caelum.

412 2793 500 2833 Nec
532 2793 768 2845 persectari
800 2793 1036 2846 primordia
1068 2792 1235 2845 singula
1267 2804 1463 2845 quaeque,

413 2863 471 2904 Ut
504 2863 692 2913 videant,
727 2877 812 2916 qua
845 2864 1033 2916 quidque
1066 2865 1242 2917 geratur
1274 2876 1371 2904 cum
1405 2863 1584 2904 ratione.
