1915 3235
126 1827 176 1849 401

953 126 1038 167 324

198 252 292 302 bus,
320 252 436 304 quod
459 255 691 305 patronum
709 254 872 295 habere
891 255 1093 305 debebat,
1120 256 1193 308 qui
1210 255 1519 309 defendendum
1539 257 1794 310 gerundium

199 335 293 363 esse
326 321 578 376 doceret).¹)
641 324 819 366 Codices
853 327 1057 378 quattuor
1088 326 1311 368 meliores:
1355 331 1428 367 aut
1465 327 1728 381 impudentia
1761 333 1797 369 et

197 393 294 433 lzuz'c
340 393 650 446 defendendum
693 395 941 448 facultatem
989 396 1118 448 dabit,
1167 397 1238 438 alii
1285 397 1554 451 defendendi.
1633 398 1794 441 Sensus

198 466 337 516 patet;
386 464 520 506 verba
551 465 693 507 minus
725 467 836 507 bene
869 466 1052 509 Orellius
1085 468 1284 518 restituit,
1326 473 1374 519 et,
1424 482 1520 521 quae
1554 482 1685 511 causa
1717 470 1798 511 fuit

198 534 499 588 interpolandi,
547 536 725 578 licenter
770 537 814 578 in
854 537 911 578 acl
952 540 1121 579 mutato
1169 543 1211 579 et
1257 539 1511 592 pronomine
1559 553 1646 581 non
1694 542 1796 593 apto

198 603 399 659 posito.²)
462 607 550 648 Nec
583 608 754 649 dativ'us
795 608 948 650 abesse
990 610 1147 661 potest.
1210 610 1390 651 Videtur
1432 610 1560 663 igitur
1605 611 1796 652 scriben-

199 677 322 718 dum:
358 682 431 718 aut
463 678 724 732 impudentia
757 680 793 719 ei
824 680 892 720 sui
923 679 1179 732 defendendi
1208 680 1456 733 facultatem
1488 681 1619 722 dabit.
1668 682 1795 723 Levis
1822 699 1826 704 ·

199 750 239 788 et
272 747 474 801 frequens
509 762 626 791 error
658 750 882 804 archetypi
915 749 969 803 (et
1000 764 1078 804 pro
1112 750 1165 803 ei)
1198 751 1350 792 turbas
1384 751 1600 794 excitavit.

317 819 362 860 C.
397 820 465 869 21,
515 821 570 861 52
614 820 826 862 edebatur
865 834 890 861 a
928 821 1241 874 superioribus:
1297 821 1412 862 Tune
1452 836 1607 864 aurum
1647 837 1696 864 ex
1729 838 1797 864 afr-

197 890 334 930 marz‘o
366 893 434 930 tuo
458 905 654 944 promere
687 905 792 932 ausa
827 892 896 933 es?
925 897 1021 933 tuue
1062 892 1260 933 Venerem
1292 893 1412 933 illam
1443 898 1562 934 tuam
1586 895 1798 948 spoliat-ri-

198 974 283 1000 cem
321 961 504 1014 spoliare
542 963 831 1003 ornamentis?
894 963 1083 1004 Ceterum
1129 977 1256 1019 quum
1294 965 1439 1017 scires,
1502 969 1702 1020 quantum
1743 965 1800 1006 ad

195 1031 367 1084 facinus
399 1046 553 1074 aurum
585 1033 658 1074 hoc
690 1039 962 1089 quaereretur,
997 1035 1054 1075 acl
1085 1049 1222 1076 'necem
1254 1035 1393 1089 leyatl,
1436 1035 1494 1075 acl
1530 1035 1582 1076 L.
1616 1035 1798 1089 Luculli,

197 1104 450 1145 sanctissimi
481 1104 661 1146 hominis
689 1110 809 1160 atque
833 1107 1106 1161 iuteyerrimzf,
1140 1105 1274 1146 labem
1297 1107 1463 1147 sceleris
1489 1107 1799 1160 sempiternam,

198 1174 295 1215 huie
323 1175 512 1228 facinori
543 1181 657 1217 tauto
689 1181 763 1217 tua
795 1190 909 1218 meus
941 1177 1129 1218 liberalis
1161 1178 1324 1218 conscia
1350 1201 1402 1205 —
1429 1191 1515 1218 esse
1540 1191 1622 1218 uon
1646 1177 1798 1219 debuit.

197 1245 439 1287 Verborum
473 1247 669 1288 ordinem
701 1247 885 1288 Orellius
917 1248 1164 1289 immutavit
1197 1261 1248 1289 ex
1281 1248 1454 1301 optimis
1484 1247 1719 1298 codicibus,
1753 1250 1801 1289 ut

199 1319 332 1358 esset:
380 1319 563 1372 spoliare
595 1319 852 1360 ornamentis
883 1319 1177 1372 spoliatricem,
1217 1318 1261 1359 in
1300 1332 1385 1372 quo
1417 1322 1566 1360 tamen
1598 1319 1800 1372 languide

199 1391 441 1430 extremum
473 1390 735 1431 vocabulum
767 1390 962 1431 adhaeret
1005 1392 1047 1430 et
1084 1389 1211 1431 nimis
1250 1390 1522 1431 indefinitum
1564 1393 1642 1432 est.
1715 1390 1801 1432 Sed

199 1460 470 1512 apertissime
501 1461 761 1503 mendosum
802 1463 868 1502 est
907 1465 1097 1510 ceterum,
1148 1461 1264 1514 quod
1305 1475 1437 1514 quam
1477 1462 1563 1503 vim
1603 1462 1799 1512 haberet,

197 1531 354 1572 mirum
387 1532 581 1585 profecto
615 1534 692 1581 est,
740 1545 882 1584 neque
922 1545 1189 1585 quemquam
1222 1532 1429 1584 quaesisse
1462 1546 1603 1586 neque
1636 1546 1682 1574 se
1713 1546 1800 1574 non

198 1602 435 1655 intelligere
477 1603 722 1656 professum
763 1616 871 1644 esse.
942 1603 1053 1644 Nam
1098 1616 1231 1655 quum
1277 1605 1423 1644 orator
1465 1603 1800 1657 interrogatione

198 1686 350 1725 urgere
384 1674 579 1715 Clodiam
611 1675 880 1724 instituisset,
924 1687 1021 1715 eam
1052 1673 1355 1726 imperfectam
1388 1673 1592 1726 relinquit
1623 1686 1799 1726 prorsus

199 1745 409 1794 absurde3
459 1745 607 1798 quidni
656 1745 771 1786 enim
819 1745 969 1787 Clodia
1020 1758 1174 1786 aurum
1224 1758 1276 1786 ex
1324 1744 1511 1785 armario
1554 1746 1800 1797 promeret?

198 1815 375 1865 Deinde,
416 1818 626 1869 tanquam
667 1817 829 1870 aliquid
863 1819 984 1858 extra
1018 1819 1266 1866 annectenS,
1309 1829 1485 1869 prorsus
1519 1815 1670 1856 sedate
1702 1820 1800 1856 cete-

199 1900 293 1927 rum
337 1886 458 1928 dicit:
507 1890 550 1928 et
592 1890 741 1929 tamen
783 1889 865 1929 hac
908 1887 1124 1928 sententia
1164 1887 1306 1940 ipsum
1339 1887 1399 1927 rei
1434 1889 1578 1939 caput,
1628 1886 1800 1927 sceleris

199 1958 376 2009 notatio,
427 1959 683 2000 continetur.
761 1959 912 2011 Itaque
959 1959 1019 1999 sic
1066 1958 1274 2011 loquitur:
1329 1957 1579 2008 „Quomodo
1627 1962 1673 1998 tu
1719 1957 1802 1999 hoc

199 2028 334 2082 (quod
365 2043 442 2082 per
474 2043 519 2071 se
557 2030 721 2071 nullam
764 2029 898 2071 habet
941 2027 1340 2082 reprehensionem)
1388 2028 1531 2069 facere
1575 2041 1682 2069 ausa
1727 2029 1800 2069 es?

200 2101 415 2151 Ceterum,
450 2114 584 2154 quum
609 2100 740 2142 scires
765 2101 905 2141 scelus
931 2113 1039 2150 esse,
1069 2100 1210 2141 facere
1235 2113 1323 2141 non
1347 2098 1573 2140 debuisti.“
1627 2098 1800 2152 Optime

199 2172 327 2224 igitur
359 2172 561 2213 subvenit
593 2173 728 2213 codex
760 2170 1147 2224 praestantissimus
1181 2170 1327 2212 Sancti
1361 2171 1556 2219 Victoris,
1601 2170 1673 2223 qui
1716 2170 1800 2212 uti-

200 2256 301 2283 nam
320 2244 477 2295 saepius
498 2245 933 2290 commemoraretur3
961 2242 1038 2283 sed
1071 2242 1161 2282 eius
1195 2242 1455 2295 scripturam
1482 2246 1724 2291 ceterorum,
1757 2241 1801 2282 in

199 2313 431 2354 Parisiensi
465 2314 643 2366 eiusque
675 2313 913 2366 propagine
952 2312 1169 2353 levissime
1209 2314 1472 2365 corruptam,
1522 2324 1597 2353 cur
1641 2312 1800 2354 Guliel-

200 2397 296 2424 mus
336 2384 530 2437 probarit
570 2387 613 2426 et
655 2385 872 2437 quomodo
913 2383 1121 2436 probarit,
1171 2384 1288 2435 quod
1334 2385 1512 2436 propter
1559 2383 1799 2424 socordiam

238 2594 265 2637 ¹)
293 2594 545 2638 [Defensorem
572 2600 720 2631 nactum
747 2600 801 2630 est
827 2597 862 2630 in
889 2596 1075 2639 Philologo
1102 2595 1149 2628 IX
1175 2606 1208 2638 p.
1237 2594 1316 2635 603,
1344 2594 1405 2638 qui
1432 2605 1519 2628 usus
1545 2598 1598 2628 est
1624 2594 1701 2628 loco
1727 2605 1800 2628 non

296 2655 417 2688 minus
444 2656 630 2696 mendoso,
657 2657 719 2699 Ep.
747 2656 792 2689 ad
819 2656 917 2689 Fani.
945 2656 986 2696 X,
1014 2654 1069 2695 ⁶23,
1097 2654 1136 2695 3;
1165 2653 1209 2687 de
1235 2653 1418 2687 codicibus
1445 2664 1517 2687 non
1545 2651 1741 2697 cogitavit]

240 2712 269 2755 ²)
295 2715 363 2747 Hie
389 2713 520 2747 dicitur
545 2725 638 2751 reus,
679 2726 791 2758 quum
825 2726 845 2748 a
877 2718 1030 2758 patrono
1067 2714 1348 2754 demonstratur,
1387 2723 1460 2746 non
1487 2712 1707 2752 nominatur,
1745 2713 1801 2745 hic

298 2772 420 2806 addito
447 2773 593 2807 nomine
619 2774 748 2817 aliquis
776 2785 794 2807 e
820 2773 1076 2817 praesentibus3
1105 2774 1135 2806 is
1154 2771 1356 2806 necessario
1382 2772 1540 2815 ponitur,
1568 2771 1629 2805 ubi
1647 2771 1801 2805 refertur

297 2842 499 2876 pronomen
525 2832 570 2865 ad
604 2843 795 2875 personam
832 2832 867 2866 in
903 2833 1028 2866 eadem
1063 2831 1241 2865 sententia
1275 2831 1513 2871 nominatam,
1552 2833 1592 2864 ut
1624 2830 1691 2864 hoc
1723 2830 1800 2864 loco

297 2891 480 2935 praecessit
507 2890 602 2925 Caelii
630 2901 774 2924 nomen.
