1915 3235
955 123 1035 167 156

201 257 323 299 codd.
358 257 553 298 Lambini
586 255 884 308 Graevianique
924 254 1051 307 primi
1084 264 1231 306 quaeSO,
1280 250 1396 304 quod
1437 250 1787 305 supplementum

199 327 267 368 hic
299 330 346 368 ut
378 327 478 368 alibi
511 326 790 379 interpolator
822 325 1052 378 adscripsit
1091 322 1234 364 verbis
1259 335 1341 375 per
1383 321 1478 363 deos
1519 322 1785 372 immortales,

293 479 502 513 universum
529 489 641 523 genus
667 477 920 522 disputationis
946 487 1059 521 quam
1077 476 1194 510 multa
1211 475 1344 509 habeat
1361 473 1490 516 futilia,
1517 474 1787 508 declarandum.
1907 446 1911 498 l

293 538 454 572 Primum
480 538 525 571 ad
552 548 632 571 eam
658 537 835 571 accedunt
861 536 1027 570 homines
1053 546 1099 569 ne
1124 534 1175 569 ita
1206 534 1353 579 quidem
1385 534 1430 568 ab
1463 533 1576 578 ipsius
1607 532 1788 568 Ciceronis
1909 540 1911 560 Α

292 597 444 631 lectione
469 596 645 637 instructi,
684 599 734 637 ut,
773 596 859 640 quid
891 595 937 629 sit
968 595 1004 628 in
1031 595 1152 638 aliquo
1178 593 1255 628 loco
1281 593 1462 637 singulare
1489 604 1555 627 nec
1581 592 1666 626 alibi
1692 593 1788 636 apud
1886 634 1888 638 y
1910 619 1915 639 ι

292 667 375 690 eum
401 656 570 700 positum,
597 666 670 689 non
698 666 716 689 e
742 655 826 689 solis
851 653 974 688 lexicis
999 653 1175 695 iudicent;
1202 653 1332 687 deinde
1358 652 1394 686 in
1420 663 1493 686 uno
1519 651 1641 696 aliquo
1666 651 1789 686 libello
1880 692 1882 696 .
1910 641 1915 699 l

291 718 418 748 notant
444 718 479 748 et
513 717 711 758 excerpunt
743 713 949 758 singularia,
988 723 1055 746 nec
1089 712 1258 755 cogitant,
1297 722 1411 756 quum
1445 714 1575 755 praeter
1608 709 1789 745 Ciceronis
1912 708 1915 767 j

290 773 398 807 libros
425 784 467 807 ex
500 774 568 806 hac
600 776 706 807 aetate
738 773 844 817 pauci
876 771 1058 816 supersint
1097 774 1132 805 et
1170 783 1214 805 ex
1251 771 1329 805 aliis
1367 769 1546 804 scribendi
1584 769 1787 814 generibus,

291 843 400 875 quam
439 832 554 865 multa
592 828 738 866 necesse
775 831 821 865 sit
853 830 1059 875 singularia,
1098 830 1299 874 praesertim
1333 829 1369 863 in
1402 832 1554 871 oratore,
1594 839 1682 870 esse,
1720 838 1788 862 nec
1913 814 1915 830 ¹

290 890 419 931 sciunt,
452 890 480 924 si
506 893 582 924 tam
609 890 798 934 diligenter
823 901 949 924 omnes
977 889 1158 923 Ciceronis
1184 889 1293 923 libros
1320 890 1612 933 pertractassent,
1651 886 1686 920 in
1713 897 1787 920 om·

290 949 396 983 nibus
422 960 524 993 aeque
550 950 666 984 multa
691 949 896 994 singularia,
924 949 960 982 in
987 948 1112 982 multis
1138 949 1243 992 longe
1260 948 1366 992 plura
1385 958 1423 981 se
1441 949 1648 991 reperturos
1665 945 1787 985 fuisse,

290 1008 326 1041 in
353 1008 394 1042 iis
421 1019 577 1052 quoque,
604 1014 685 1053 q'uae
710 1009 761 1042 ita
785 1019 879 1052 saepe
906 1007 942 1041 in
969 1007 1100 1041 scholis
1127 1008 1303 1051 legantur,
1330 1010 1370 1040 ut
1395 1009 1542 1051 propter
1567 1004 1789 1039 imitationes

290 1066 497 1111 frequentes
536 1078 578 1102 ea
616 1068 805 1102 credamus
843 1067 1005 1111 vulgaria
1043 1077 1138 1107 esse,
1178 1077 1258 1110 quae
1297 1077 1369 1100 uno
1407 1066 1485 1099 loco
1524 1066 1681 1104 exstent;
1721 1073 1789 1097 nec

290 1130 424 1167 tenent,
463 1127 644 1170 quomodo
676 1127 753 1160 haec
783 1126 975 1160 iudicanda
1006 1125 1088 1167 sint,
1127 1128 1167 1160 ut
1199 1128 1393 1169 quaeratur,
1432 1124 1529 1168 quid,
1570 1123 1636 1157 etsi
1669 1133 1786 1157 exem—

290 1184 356 1228 plis
389 1196 460 1218 non
493 1186 668 1227 firmetur,
706 1189 829 1220 tamen
861 1185 1034 1219 universo
1066 1184 1236 1228 loquendi
1271 1184 1393 1228 generi
1425 1183 1533 1217 huius
1565 1181 1680 1216 aetatis
1713 1191 1786 1215 non

290 1247 466 1288 repugnet
498 1248 533 1278 et
566 1255 587 1278 a
613 1244 794 1289 frequenti
828 1245 1022 1279 verborum
1055 1255 1124 1278 usu
1161 1243 1207 1277 sit
1244 1243 1370 1277 leviter
1408 1246 1443 1277 et
1480 1241 1694 1276 naturaliter
1730 1241 1789 1275 de-

289 1302 434 1341 flexum,
465 1303 551 1348 quid
577 1304 682 1348 longe
707 1304 882 1338 desciscat
908 1306 943 1338 et
969 1306 1105 1337 certam
1133 1301 1288 1336 formam
1306 1301 1484 1336 inferioris
1510 1300 1625 1335 aetatis
1650 1311 1724 1345 prae
1749 1310 1789 1335 se

290 1362 397 1403 ferat;
424 1366 502 1397 tum
529 1366 692 1404 utuntur,
720 1366 896 1407 tanquam
923 1366 1032 1403 certo,
1059 1365 1231 1396 contextu
1258 1361 1408 1395 minime
1429 1361 1622 1395 emendato
1648 1359 1788 1394 librari-

289 1431 466 1465 orumque
499 1433 637 1456 errores
669 1421 837 1456 incuriosi
871 1422 1028 1466 graviter
1060 1425 1237 1465 tanquam
1275 1420 1458 1464 scriptoris
1495 1422 1677 1460 accusant,
1716 1429 1788 1462 quo

289 1490 418 1523 genere
445 1481 473 1514 si
501 1481 580 1525 quis
607 1481 659 1515 uti
692 1484 842 1515 conatus
876 1484 980 1519 esset,
1019 1479 1254 1525 probabiliter
1286 1479 1504 1514 exercitatus
1536 1479 1581 1513 ad
1615 1489 1657 1512 ea
1689 1488 1787 1522 repe-

290 1538 426 1581 rienda,
466 1551 546 1584 quae
578 1539 751 1574 inusitata
785 1543 915 1581 essent,
954 1539 1156 1574 orationem
1188 1539 1402 1580 Sestianam‚
1442 1537 1648 1579 Caelianam,
1686 1536 1786 1579 alias,

290 1601 487 1642 antequam
513 1609 629 1643 nuper
656 1599 700 1632 ab
727 1598 805 1633 aliis
832 1602 867 1632 et
899 1610 919 1632 a
945 1609 1003 1633 me
1029 1598 1107 1642 ipso
1133 1609 1152 1633 e
1178 1598 1279 1632 codd.
1307 1598 1600 1638 emendarentur,
1638 1594 1786 1630 infinitis

291 1656 429 1691 indiciis
455 1669 476 1691 a
502 1658 672 1693 Cicerone
698 1659 833 1692 alienas
860 1669 938 1692 esse
964 1658 1213 1691 demonstrare
1238 1656 1425 1701 potuisset.
1476 1655 1664 1690 Postremo
1691 1655 1785 1689 Cice-

290 1726 415 1750 ronem
442 1718 644 1760 perfectum
670 1729 748 1752 esse
775 1720 957 1751 oratorem
983 1719 1159 1757 statuunt,
1187 1715 1272 1759 quid
1299 1718 1421 1749 autem
1449 1714 1494 1749 sit
1514 1714 1689 1749 Romanis
1709 1724 1787 1758 per-

290 1774 425 1809 fectum
463 1776 593 1817 visum,
633 1787 697 1810 suo
729 1776 892 1810 iudicant
923 1786 1049 1816 sensu;
1091 1786 1170 1819 quae
1197 1774 1398 1818 displicent,
1437 1773 1671 1808 Ciceroniana
1709 1783 1787 1807 esse

290 1838 433 1877 negant.
485 1835 554 1878 Qui
580 1835 608 1869 si
635 1839 752 1869 totum
780 1835 960 1869 Ciceronis
986 1834 1165 1868 scribendi
1197 1844 1310 1877 genus
1342 1833 1455 1867 libere
1487 1832 1786 1873 considerassent,

290 1897 448 1934 nossent,
487 1894 602 1929 multa
639 1894 814 1928 Romanis
852 1893 1009 1927 oratoria
1046 1893 1123 1926 visa
1154 1904 1242 1933 esse,
1283 1903 1362 1936 quae
1395 1891 1498 1926 nobis
1531 1889 1788 1925 declamatoria

292 1951 496 1994 videantur,
534 1954 670 1988 flumen
703 1957 915 1987 ornatorum
948 1952 1154 1992 verborum,
1194 1951 1223 1985 si
1255 1951 1453 1995 logicorum
1485 1949 1658 1984 severitas
1689 1948 1787 1982 adhi-

289 2010 428 2051 beatur,
467 2012 655 2046 turbidum
687 2023 782 2056 saepe
814 2011 973 2055 reperiri,
1012 2014 1226 2055 argumenta
1252 2010 1367 2044 multa
1393 2013 1428 2044 et
1453 2009 1726 2054 enthymemata
1751 2011 1789 2042 et

291 2070 394 2104 valde
421 2070 564 2105 infirma
589 2071 675 2115 poni
698 2074 733 2105 et
760 2071 886 2104 eadem
914 2070 992 2104 aliis
1019 2073 1127 2113 atque
1154 2069 1232 2103 aliis
1257 2069 1376 2103 verbis
1402 2068 1526 2113 repeti.
1576 2068 1688 2102 Multa
1714 2067 1787 2101 iam

289 2128 440 2163 Wolfius
467 2130 502 2164 in
529 2130 597 2164 hoc
622 2141 753 2174 genere
778 2122 939 2174 deliquit,
967 2129 1027 2173 qui
1054 2128 1287 2162 Gruterianas
1313 2128 1436 2161 sordes
1458 2126 1638 2171 exagitare
1658 2125 1788 2160 maluit

289 2191 464 2231 tanquam
504 2188 756 2223 declamatoris
793 2188 948 2232 ineptias
986 2199 1114 2232 quam,
1154 2186 1341 2227 adhibitis,
1388 2197 1469 2230 quae
1507 2189 1634 2230 parata
1671 2187 1785 2226 erant,

290 2245 440 2290 aliisque
469 2247 621 2291 provisis
648 2247 810 2281 codicum
829 2247 1008 2288 subsidiis,
1035 2246 1071 2280 in
1091 2246 1284 2281 emendata
1301 2244 1478 2289 scriptura
1496 2248 1635 2279 certum
1653 2254 1788 2288 ponere

274 2304 581 2340 'fundamentum.
632 2307 683 2340 De
721 2305 945 2350 argumentis
983 2317 1027 2339 ex
1064 2304 1236 2349 loquendi
1273 2315 1404 2348 genere
1436 2303 1589 2347 sumptis
1621 2301 1788 2346 exemplo

291 2374 367 2397 rem
394 2364 595 2399 declarabo.
646 2365 728 2399 Iure
754 2365 884 2409 aliquis
910 2368 950 2399 ut
976 2376 997 2398 a
1023 2363 1257 2398 Ciceroniana
1288 2366 1393 2397 aetate
1420 2362 1630 2403 abhorrens,
1663 2361 1708 2396 ad
1734 2361 1785 2395 in—

291 2422 458 2457 feriorem
490 2425 687 2473 pertinens,
727 2424 925 2468 exagitaret
957 2423 993 2457 in
1026 2426 1114 2457 orat.
1147 2433 1212 2466 pro
1245 2422 1334 2456 Sest.
1361 2421 1423 2462 50,
1462 2421 1529 2455 107
1562 2421 1720 2455 eoehibue't
1751 2431 1788 2454 se

291 2487 480 2524 auctorem,
519 2484 614 2527 quod
654 2495 720 2518 nec
758 2484 792 2517 id
832 2483 949 2526 ipsum
988 2493 1143 2526 usquam
1181 2482 1277 2526 apud
1311 2481 1521 2515 Ciceronem
1559 2483 1594 2514 et
1631 2479 1787 2523 aequales

290 2540 420 2584 legitur
446 2552 511 2576 nec
538 2542 663 2576 similis
689 2542 818 2586 aliquis
852 2541 1136 2585 deprehenditur
1167 2544 1229 2575 aut
1262 2541 1333 2574 huc
1366 2540 1543 2574 inclinans
1578 2539 1654 2573 eius
1686 2537 1787 2571 verbi

291 2610 389 2639 usus,
417 2603 451 2634 et
477 2601 547 2634 alia
572 2601 739 2644 quaedam
764 2601 875 2635 verba
900 2599 1134 2634 usitatissima
1159 2599 1196 2633 in
1222 2610 1264 2633 eo
1290 2598 1491 2643 significatu
1509 2601 1604 2639 sunt,
1630 2600 1666 2631 et
1691 2597 1788 2630 exhi-

291 2659 369 2692 bere
394 2659 539 2702 quando
565 2662 692 2703 postea
717 2662 752 2693 et
785 2659 966 2703 quomodo
999 2658 1134 2693 sensim
1165 2657 1215 2692 sic
1248 2657 1316 2691 dici
1350 2656 1508 2700 coeperit,
1546 2653 1787 2690 demonstrari

290 2718 419 2761 petest.
470 2718 539 2752 Sed
565 2718 600 2751 id
627 2729 691 2762 ego
717 2718 869 2752 verbum
896 2717 931 2751 in
958 2717 1019 2751 illo
1045 2717 1123 2751 loco
1157 2715 1423 2760 interpolatoris
1450 2726 1527 2749 esse
1553 2717 1588 2748 et
1613 2725 1634 2748 a
1659 2712 1786 2748 codici-

290 2776 358 2810 bus
383 2776 542 2820 antiquis
569 2776 696 2810 abesse
721 2776 836 2810 docui.
887 2776 1020 2810 Contra
1046 2776 1082 2809 in
1109 2775 1185 2810 Cat.
1212 2775 1269 2816 IV,
1304 2773 1336 2817 2,
1371 2773 1392 2807 3
1419 2776 1588 2808 accusata
1612 2775 1666 2807 est
1690 2772 1787 2806 locu·

291 2834 340 2868 tio
360 2846 431 2878 pro
457 2845 494 2869 eo
520 2847 562 2868 ac
586 2846 732 2875 mereor,
771 2835 867 2878 quod
901 2834 986 2869 alibi
1018 2835 1114 2879 apud
1146 2834 1355 2869 Ciceronem
1388 2843 1430 2866 ea
1456 2843 1528 2866 non
1555 2832 1710 2876 legatur;
1749 2833 1787 2864 at

290 2893 419 2937 legitur
462 2894 558 2937 apud
585 2893 795 2937 Sulpicium,
834 2893 1014 2927 Ciceronis
1047 2893 1224 2937 aequalem
1263 2890 1314 2933 (in
1341 2891 1410 2926 Cic.
1437 2890 1501 2935 Ep.
1531 2890 1577 2924 ad
1601 2889 1700 2923 Fam.
1726 2888 1784 2930 IV,

291 2951 312 2984 5
336 2949 439 2994 init),
472 2963 543 2995 pro
569 2963 606 2986 eo
644 2963 686 2986 ac
717 2952 835 2989 debui3
874 2952 971 2996 apud
1008 2952 1129 2996 ipsum
1167 2954 1289 2985 autem
1322 2950 1531 2984 Ciceronem
1564 2950 1617 2982 est
1643 2958 1714 2991 pro
1747 2957 1786 2980 eo
