1915 3235
838 134 925 175 565

87 265 278 315 accedat,
310 277 397 306 non
429 263 559 313 dicas,
594 265 637 304 et
668 263 867 305 Sidonius
899 263 1174 316 Apollinaris,
1207 276 1234 304 a
1266 275 1351 315 quo
1382 262 1456 304 lib.
1488 263 1524 304 V
1552 263 1676 316 epist.

89 335 111 375 7
145 334 346 388 permixti
378 336 688 375 enumerantur
718 336 917 387 potentes
950 333 1172 375 Caesarum
1204 332 1347 374 liberti
1380 336 1423 375 et
1448 333 1676 384 delatores,

88 405 329 458 Narcissus,
362 405 590 456 Asiaticus,
624 404 785 457 sslassa,
819 404 1061 457 Marcellus,
1108 403 1257 456 Carus,
1297 403 1565 457 Parthenius,
1604 403 1678 444 Li-

86 477 217 529 cinus,
257 476 423 524 Palla33
461 488 564 516 nam
596 475 657 516 sic
687 475 747 516 ibi
780 475 932 525 editur,
974 474 1161 516 [sicinus.
1224 473 1338 524 Quid
1368 474 1497 527 igitur
1529 487 1679 516 cense-

85 549 211 588 mus?
258 545 434 599 opinor,
468 546 657 598 primum
689 559 777 587 non
809 545 1059 587 dubitanter
1090 558 1225 586 unum
1257 546 1477 586 hominem
1509 545 1553 586 in
1584 558 1678 586 om-

85 617 212 658 nibus
255 617 321 658 his
361 617 483 666 locis,
532 616 702 658 Horatii
749 616 932 657 fortasse
971 618 1164 669 excepto,
1211 615 1537 668 intelligendum
1585 629 1679 657 esse

84 687 356 741 putabimus3
405 686 560 728 deinde
607 687 698 728 eius
745 699 897 728 verum
938 699 1097 728 nomen
1142 686 1317 727 Licinus
1355 686 1474 739 apud
1511 688 1678 739 poetas,

84 760 224 800 metro
257 757 529 808 defendente,
563 759 783 799 servatum
816 770 923 807 esse,
958 760 1080 798 extra
1101 759 1253 810 poetas
1282 757 1326 797 in
1349 756 1678 798 celeberrimum

85 829 345 871 Liciniorum
376 841 536 869 nomen
567 830 797 878 mutatum,
846 828 919 881 qui
963 841 1094 880 quam
1136 828 1336 881 proclivis
1379 827 1508 869 fuerit
1546 840 1677 878 error,

85 899 154 941 vel
199 899 299 940 inde
340 899 617 952 perspicuum
658 901 735 949 est,
785 899 901 952 quod
947 901 1023 940 aut
1069 899 1151 952 ipsi
1196 898 1331 940 Persii
1381 900 1423 939 et
1464 898 1680 940 Iuvenalis

86 969 340 1019 scholiastae,
389 982 522 1022 quum
562 969 679 1010 aliud
717 983 877 1011 nomen
915 970 959 1010 in
990 972 1131 1022 poetae
1163 982 1292 1010 versu
1323 969 1549 1019 haberent,
1598 968 1679 1010 fal-

85 1053 182 1081 sum
228 1043 465 1093 posuerunt
511 1042 587 1081 aut
633 1043 837 1093 corrupta
876 1053 1026 1082 eorum
1065 1040 1278 1092 scriptura
1318 1053 1343 1080 a
1382 1039 1567 1081 librariis
1600 1043 1678 1080 est.

85 1110 256 1163 Ubique
288 1111 415 1164 igitur
447 1110 565 1163 apud
596 1111 772 1153 Latinos
805 1110 1003 1152 Licinum
1034 1112 1201 1152 restitui
1232 1111 1412 1160 iubeb0;
1444 1124 1546 1152 nam
1579 1110 1680 1151 Dio-

85 1194 199 1232 nem,
246 1194 334 1223 non
365 1181 644 1230 intercedam,
693 1182 729 1223 si
761 1182 855 1234 quis
889 1182 1004 1223 dicat
1036 1182 1234 1224 Graecum
1266 1182 1363 1234 plus
1396 1181 1565 1222 duobus
1598 1194 1680 1222 sae-

87 1251 191 1293 culis
223 1255 321 1305 post
351 1252 596 1305 Augustum
629 1253 773 1305 ipsum
806 1254 1034 1294 aberrasse
1067 1266 1093 1294 a
1125 1265 1241 1302 vera,
1275 1253 1352 1294 sed
1374 1265 1472 1294 rara
1495 1251 1680 1293 nominis

87 1322 239 1374 forma,
273 1336 358 1376 quo
391 1323 643 1376 cognomine
676 1326 718 1364 et
749 1323 888 1365 Porcii
921 1326 961 1365 et
994 1323 1116 1365 Fabii
1148 1324 1213 1364 usi
1246 1325 1360 1365 sunt.
