1915 3235
843 88 926 129 677

91 215 310 256 abstinere
342 215 475 257 iubet.
537 216 681 270 Atque
714 206 835 258 addit
867 217 997 258 etiam
1030 214 1090 269 (p.
1122 214 1236 268 111),
1270 228 1357 257 non
1388 215 1579 268 potuisse
1614 215 1682 257 Ci-

91 298 292 326 ceronem
325 286 569 328 coniuratos
601 287 791 329 hostium
824 288 916 330 loco
947 287 1110 328 habere
1144 288 1186 327 et
1218 286 1278 326 ita
1301 285 1534 338 appellare,
1570 285 1685 338 quod

90 355 286 396 Metellus
319 358 363 397 et
394 356 568 398 Clodius
600 360 753 410 postea
785 359 823 399 ei
855 357 1102 407 obiecerint,
1152 357 1264 398 cives
1305 356 1361 397 ab
1403 369 1453 397 eo
1493 359 1684 397 necatos.

89 426 303 467 Nimirum
349 427 385 468 is
429 439 547 468 error
587 428 816 470 historicus
859 431 936 478 est,
985 441 1118 480 quum
1161 428 1389 468 accusator
1427 426 1550 467 aliter
1583 426 1682 467 dicit

91 499 222 549 atque
263 497 312 547 is,
362 510 491 550 quem
533 502 723 540 accusat.
737 496 771 552 ¹)
833 500 896 541 Ex
937 498 1110 551 reliquis
1154 511 1348 539 errorum
1389 497 1685 538 notationibus

92 580 189 609 eam
222 567 421 621 deligam,
470 581 602 620 quam
647 570 839 611 omnium
880 583 1015 623 prope
1056 569 1245 610 maxime
1283 568 1469 621 probare
1503 566 1685 609 Orellius

89 637 273 678 Videtur.
335 638 448 679 Nam
481 638 612 689 illam,
646 653 744 692 quae
776 639 799 693 ἓ
828 641 880 682 15
911 640 1038 682 huius
1071 640 1276 681 orationis
1310 640 1353 679 in
1385 638 1535 679 scribis
1569 651 1686 679 com-

90 710 371 759 memoratur,
406 712 567 751 sortem
599 710 838 752 Ahrensius
871 710 930 764 (p.
966 708 1066 761 127)
1099 723 1274 762 prorsus
1307 711 1458 750 contra
1488 708 1684 749 instituta

90 778 292 820 Romana
323 779 471 821 fictam
505 793 598 822 esse
631 781 837 835 disputat,
888 782 1092 835 quoniam
1132 780 1250 821 locus
1290 780 1334 820 in
1366 779 1550 820 decuriis
1583 780 1687 820 scri-

89 848 247 891 barum
280 851 364 891 emi
397 852 667 893 consueverit
700 857 741 893 et
763 852 914 893 scribae
946 856 1063 893 certa
1086 850 1388 892 distributione
1412 850 1483 891 alii
1506 849 1687 891 aliorum

90 921 423 973 magistratuum
457 921 630 963 fuerint.
692 923 853 964 Verum
884 923 977 964 haec
1010 935 1159 964 omnes
1199 921 1368 974 pridem
1411 934 1686 970 noveramus,

90 990 254 1032 scribas
287 991 430 1032 locum
461 992 504 1033 in
538 992 720 1034 decuriis
762 994 916 1034 emisse
958 992 1107 1046 (lectos
1148 996 1296 1033 tamen
1336 992 1527 1044 quodam
1559 991 1688 1032 modo

91 1073 116 1102 a
148 1062 488 1114 magistratibus,
523 1063 680 1116 quibus
715 1065 806 1105 eius
838 1065 899 1105 rei
933 1077 1036 1104 cura
1067 1063 1276 1104 mandata
1302 1064 1428 1111 esset,
1463 1075 1516 1103 ne
1549 1062 1688 1114 indig-

89 1131 293 1173 nissimus
327 1133 508 1186 quisque
541 1133 832 1187 irrumperet),
867 1137 909 1176 et
941 1134 1047 1176 alios
1071 1134 1325 1187 quaestorios
1350 1132 1481 1173 fuisse
1507 1132 1686 1181 scribas,

91 1202 197 1244 alios
230 1203 448 1255 aedilicios,
498 1207 540 1246 et
585 1205 738 1246 eodem
782 1205 911 1247 modo
956 1205 1163 1258 reliquos;
1210 1204 1288 1245 sed
1320 1203 1446 1244 simul
1478 1203 1688 1255 intellige-

91 1273 233 1324 batur,
284 1288 416 1328 quum
464 1275 586 1316 Verbi
636 1289 764 1317 causa
805 1278 1042 1329 quaestores
1081 1275 1230 1328 viginti
1270 1276 1531 1323 crearentur,
1581 1273 1691 1314 inter

90 1343 170 1386 hos
203 1348 318 1387 sorte
352 1346 607 1388 distributos
641 1360 736 1388 esse
768 1347 932 1388 scribas
966 1347 1232 1399 quaestorios,
1273 1346 1473 1386 Romano
1514 1357 1689 1396 prorsus

91 1427 223 1466 more,
258 1429 343 1469 quo
375 1417 488 1459 inter
520 1419 637 1471 ipsos
669 1418 947 1471 magistratus
971 1417 1162 1458 eiusdem
1185 1416 1345 1469 gradus
1373 1427 1555 1455 munera
1577 1417 1691 1456 sorte

90 1485 418 1537 dividebantur;
466 1488 595 1541 idque
636 1492 794 1542 praeter
832 1489 946 1530 hunc
984 1488 1110 1529 11111115
1151 1488 1355 1529 orationis
1388 1486 1529 1527 locum
1563 1498 1689 1538 aper-

89 1557 253 1599 tissime
299 1558 529 1611 significari
561 1573 587 1601 a
630 1559 768 1601 Plinio
812 1559 913 1600 Min.
947 1559 1024 1612 Ep.
1057 1559 1124 1608 IV,
1169 1559 1235 1599 12.
1298 1558 1449 1610 Neque
1490 1556 1547 1596 ad
1579 1557 1689 1596 hanc

90 1628 361 1670 sortitionem
391 1630 630 1671 tollendam
654 1631 886 1683 quicquam
909 1630 1161 1679 Ahrensius,
1196 1629 1311 1682 quod
1334 1627 1535 1669 umbram
1560 1639 1688 1678 argu-

90 1699 225 1740 menti
256 1699 452 1751 haberet,
501 1700 658 1742 attulit.
725 1700 810 1742 Sed
850 1714 992 1754 operae
1031 1701 1216 1753 pretium
1251 1702 1316 1740 est
1348 1698 1506 1747 videre,
1557 1709 1687 1749 quam

90 1770 406 1813 inconsiderate
438 1771 532 1812 haec
564 1771 794 1824 fingantur.
857 1772 969 1812 Nam
1003 1770 1212 1812 eiusmodi
1244 1769 1513 1811 sortitionem
1545 1766 1689 1807 nescio

93 1854 176 1894 quo
209 1842 376 1883 somnio
410 1842 653 1895 excogitare
685 1842 776 1883 sine
809 1841 896 1883 ulla
928 1855 1059 1882 causa
1093 1846 1135 1882 et
1167 1841 1223 1882 ad
1245 1840 1447 1881 aerarium
1468 1837 1561 1879 fieri
1594 1837 1690 1878 soli-

91 1916 182 1954 tam
214 1925 406 1963 narrare,
440 1913 671 1955 lectoribus
705 1912 919 1966 patienter
951 1911 1273 1965 accipientibus,
1309 1912 1422 1952 certe
1453 1910 1488 1950 is
1513 1908 1690 1949 demum

91 1988 251 2036 posset,
286 1983 357 2036 qui
392 1984 518 2036 longo
550 1986 747 2036 tempore
779 1986 877 2037 post
909 1983 1080 2024 sublata
1114 1987 1261 2023 vetera
1293 1980 1533 2023 scribarum
1567 1979 1689 2020 insti-

91 2056 185 2095 tuta
225 2054 402 2095 viveret.
465 2055 517 2096 Et
559 2057 707 2096 tamen
745 2055 857 2096 hanc
897 2054 1134 2095 orationem
1185 2053 1292 2094 alter
1339 2051 1585 2093 criticorum
1634 2049 1688 2090 ab

92 2125 326 2178 Augusteae
360 2125 499 2167 aetatis
533 2125 824 2167 declamatore
856 2124 1061 2177 scriptam
1095 2136 1188 2164 esse
1230 2123 1334 2173 vult,
1382 2122 1464 2163 1100
1505 2124 1582 2170 651,
1635 2120 1689 2161 ab

94 2209 158 2247 eo,
208 2196 275 2237 cui
306 2198 398 2238 tota
436 2196 562 2238 huius
602 2197 663 2237 rei
703 2196 843 2237 forma
886 2194 1075 2248 quotidie
1117 2194 1172 2235 ob
1216 2193 1360 2235 oculos
1405 2195 1530 2241 esset,
1581 2192 1690 2233 alter

96 2266 226 2309 etiam
259 2280 283 2308 a
317 2267 488 2317 Tirone,
535 2267 769 2308 consularis
809 2265 992 2308 hominis
1026 2265 1069 2306 in
1100 2265 1236 2306 libera
1267 2277 1313 2305 re
1345 2263 1518 2316 publica
1551 2262 1687 2304 studi-

132 2441 160 2486 ¹)
188 2444 226 2478 Ρ.
254 2442 322 2476 115
348 2454 389 2478 eo
417 2443 527 2477 etiam
552 2442 791 2486 progreditur,
826 2445 876 2483 ut,
909 2440 1083 2484 quoniam
1109 2440 1205 2483 apud
1232 2439 1443 2473 Sallustium
1470 2439 1527 2473 lex
1553 2438 1689 2477 Porcia,

189 2513 262 2537 non
295 2502 509 2547 Sempronia
542 2501 763 2542 nominatur,
806 2500 855 2543 „si
887 2500 962 2534 ulla
994 2499 1080 2542 legis
1114 2498 1304 2543 utriusque
1338 2498 1492 2542 cognitio
1525 2497 1690 2531 animum

190 2561 379 2595 intraverit
404 2572 524 2602 suum,
563 2571 628 2605 pro
661 2563 758 2594 certo
791 2558 982 2599 affi1·met“,
1021 2558 1137 2601 legem
1171 2557 1423 2601 Semproniam
1455 2567 1500 2590 ne
1532 2556 1690 2600 potuisse

191 2620 338 2664 quidem
363 2621 421 2655 hic
448 2620 627 2654 nominari
655 2630 676 2653 a
701 2619 840 2654 Caesare
867 2620 901 2651 et
927 2617 1108 2651 Cicerone.
1154 2616 1267 2660 Leges
1293 2615 1428 2649 Porciae
1454 2614 1553 2658 (nam
1578 2614 1690 2648 Sallu-

190 2680 280 2714 stius
305 2691 434 2724 parum
462 2679 651 2723 diligenter
676 2689 788 2712 unam
814 2674 992 2718 nominat)
1025 2679 1165 2710 veteres
1198 2679 1301 2709 erant
1335 2678 1369 2709 et
1396 2673 1689 2718 provocationem

190 2739 348 2772 maxime
374 2739 572 2773 tuebantur
597 2736 823 2780 imperiaque
850 2734 1129 2778 magistratuum
1161 2734 1418 2779 virgarumque
1452 2732 1526 2766 vim
1553 2742 1690 2765 coerce-

191 2797 290 2831 bant.
328 2797 478 2842 Propior
492 2796 542 2831 illi
560 2795 715 2839 tempori
734 2793 948 2838 Sempronia
965 2793 1022 2827 lex
1036 2793 1153 2838 ipsam
1173 2793 1387 2828 iudiciorum
1406 2792 1604 2836 legitimam
1623 2791 1690 2825 for-

192 2867 290 2890 mam
317 2855 502 2890 sanciebat
530 2854 608 2899 (pro
628 2853 751 2888 Rabir.
769 2852 943 2898 perduell.
962 2850 983 2894 §
1002 2851 1076 2894 12);
1103 2852 1227 2896 itaque
1248 2863 1290 2886 ea
1309 2851 1468 2895 flagitare
1488 2850 1689 2888 videbatur,

192 2918 232 2948 ut
258 2914 434 2949 coniurati
461 2914 506 2949 ad
532 2913 667 2948 iudices
694 2911 1005 2956 quaestionemque
1030 2910 1169 2955 legibus
1193 2910 1427 2945 constitutam
1447 2909 1688 2944 reiicerentur.

1707 510 1757 536 346

1709 2275 1760 2300 347
