1915 3235
145 931 194 956 183

972 146 1056 188 546

215 282 395 335 figurate
428 280 531 321 illud
563 292 588 320 a
620 278 821 319 Iuvenale
855 277 1015 318 dictum
1050 290 1156 318 esse.
1219 276 1330 318 Nam
1363 277 1533 327 Fabios,
1567 277 1807 319 Mamercos

216 352 419 401 ,Emilios‚
455 352 618 391 ceteros
650 348 854 402 patricios
888 350 932 388 et
952 347 1242 388 nobilissimos
1265 348 1476 398 homines,
1511 362 1644 401 quum
1669 361 1811 390 scenae

215 435 392 476 operam
425 421 578 469 100001,
626 432 713 460 000
753 431 798 459 50
837 418 1024 459 vendere
1064 418 1177 468 dicit⁷
1228 419 1299 471 qui
1332 420 1419 459 iam
1451 419 1555 460 nulli
1588 419 1685 470 5101,
1735 432 1809 460 ex-

215 494 370 535 stincta
402 492 484 533 hoc
516 491 677 531 scelere
710 489 934 530 nobilitate
966 489 1051 539 illa,
1086 489 1258 531 sublato
1285 503 1453 542 genere,
1487 490 1662 531 nomine
1686 503 1810 543 paene

215 565 369 614 deleto,
404 566 450 604 ut
482 563 624 615 potius
657 560 785 601 funus
818 573 944 601 suum
978 562 1020 600 et
1051 560 1253 612 reliquias
1284 563 1477 602 mortuas
1507 560 1616 601 tanti
1643 561 1812 613 generis

218 636 401 676 vendere
448 633 689 673 videantur.
705 628 737 683 l)
810 630 903 671 Hoc
950 630 1150 683 expedito
1199 633 1341 672 cetera
1389 631 1513 672 facile
1562 631 1810 672 decurrunt.

215 707 404 759 Operam
437 705 493 744 illi
527 716 668 744 5001130
701 702 904 743 locabant
936 703 1074 754 pretio
1118 704 1160 742 et
1201 702 1340 755 gratia
1382 702 1567 743 fortasse
1613 701 1810 751 adducti3

214 779 343 830 negat
374 779 503 829 poeta
534 775 615 816 hoc
648 773 820 823 referre,
870 773 905 813 si
948 773 1077 813 modo
1119 786 1207 814 non
1250 773 1385 814 coacti
1428 773 1610 822 faciant3
1659 785 1810 814 Verum

214 862 299 889 non
348 847 439 900 cogi
486 859 564 887 nec
596 843 846 897 imperatori
887 843 1061 889 crudeli,
1102 844 1179 884 sed
1217 844 1392 896 praetori
1424 843 1506 884 hoc
1538 839 1810 896 praestare.²)

214 919 377 960 Deinde
410 918 469 958 sic
501 916 640 970 pergit
673 918 715 956 et
747 916 893 967 urget:
941 914 1095 967 „Finge
1127 917 1287 965 131000,
1330 928 1355 955 3
1388 928 1503 955 saevo
1536 917 1722 968 tyranno
1754 915 1811 955 ab

215 991 350 1032 altera
382 991 505 1042 parte
538 987 689 1028 mortis
722 985 980 1038 supplicium
1005 984 1218 1039 (fiadios),
1253 986 1308 1026 ab
1332 986 1469 1026 altera
1490 998 1665 1026 scenam
1696 984 1811 1037 poni⁷

214 1064 260 1102 ut
293 1062 404 1102 inter
436 1061 528 1100 haec
562 1058 687 1099 detur
719 1057 856 1110 optim
890 1058 1035 1096 utrum
1069 1056 1222 1097 melius
1255 1056 1362 1098 erit?
1402 1057 1534 1097 Estne
1567 1057 1811 1108 quisquam,

215 1132 286 1186 qui
319 1131 518 1172 dubitet?
552 1129 661 1169 adeo
694 1127 844 1169 mortis
875 1126 1065 1176 timidus,
1100 1129 1147 1167 ut
1180 1129 1270 1169 eius
1304 1128 1492 1169 vitandae
1526 1140 1658 1167 causa
1690 1139 1736 1167 50
1769 1127 1814 1167 10

214 1216 356 1253 500113,
405 1200 583 1242 ridicula
627 1200 829 1251 suscepta
870 1210 1069 1250 persona⁷
1118 1199 1372 1240 traducat‘?“
1425 1199 1572 1248 Patet,
1620 1202 1668 1238 ut
1712 1197 1812 1247 dixi,

214 1275 319 1315 nihil
351 1272 531 1315 alienius
577 1283 670 1312 esse
705 1283 729 1311 3
762 1271 906 1310 mente
939 1271 1080 1322 poetae
1113 1272 1156 1310 01
1192 1271 1332 1311 Verbis
1367 1283 1499 1322 quam
1532 1282 1680 1310 eorum
1714 1276 1813 1309 sen-

214 1345 408 1393 tentiam,
459 1342 530 1395 qui
577 1341 796 1394 optionem
840 1340 1033 1382 1100051εο
1082 1342 1233 1381 mortis
1278 1343 1353 1382 aut
1397 1340 1501 1381 foedi
1542 1339 1738 1392 obsequii
1770 1339 1815 1380 in

215 1416 433 1469 optionem
467 1412 732 1467 gladiatoriae
766 1413 841 1452 aut
873 1412 1054 1452 scenicae
1088 1424 1231 1464 operae
1264 1411 1324 1452 510
1363 1413 1546 1460 1111113111,
1595 1412 1642 1451 111
1683 1410 1814 1450 011301

214 1486 427 1527 Iuvenalis
474 1485 670 1525 homines
717 1483 913 1523 hortetur
960 1482 1016 1523 ad
1063 1495 1241 1523 arenam
1290 1481 1628 1534 ingrediendam.
1703 1480 1814 1532 Quid

214 1556 427 1598 Iuvenalis
460 1569 538 1608 pro
570 1560 709 1595 utrum
745 1553 863 1603 dixit,
898 1567 986 1594 0011
1018 1553 1146 1606 plane
1179 1553 1270 1593 51110
1304 1553 1514 1605 exemplo,
1550 1552 1630 1594 etsi
1664 1565 1715 1593 ex
1747 1552 1811 1603 115,

215 1641 311 1680 quae
354 1627 539 1668 afferunt
582 1625 918 1666 Ruddimannus
963 1625 998 1665 Π
1035 1638 1077 1677 p.
1112 1625 1166 1665 86
1212 1626 1253 1664 01
1295 1623 1610 1665 Ramshornius
1653 1638 1694 1677 p.
1728 1623 1815 1665 565

216 1699 281 1739 ed.
323 1699 361 1748 2,
406 1698 490 1738 3113
533 1699 734 1750 corrupta
774 1698 886 1746 sunt,
936 1697 983 1736 ut
1023 1695 1130 1736 Caes.
1164 1695 1211 1736 B.
1246 1695 1294 1736 G.
1327 1695 1383 1744 V,
1423 1695 1501 1745 44,
1543 1687 1624 1736 vubi
1663 1694 1814 1748 optimi

251 1862 277 1907 ¹)
305 1863 407 1907 [Mire
443 1862 673 1897 Heinrichius
709 1862 843 1903 funera
880 1872 967 1901 sua,
1017 1860 1117 1894 nullo
1156 1860 1279 1894 addito
1320 1860 1447 1901 verbo,
1493 1861 1604 1893 vitam
1640 1859 1814 1903 interpre-

308 1926 416 1956 tatur.
468 1921 506 1955 G.
533 1921 571 1955 E.
597 1920 730 1953 Weber
756 1919 823 1953 0151
848 1922 944 1952 10010
971 1918 1158 1959 intellexit,
1195 1930 1343 1963 operam
1378 1930 1495 1953 scenae
1520 1918 1676 1952 locatam
1703 1918 1814 1952 etiam

308 1982 365 2015 hic
403 1979 606 2025 significari,
645 1982 769 2013 tamen
808 1978 919 2012 verba
957 1977 1035 2022 ipsa
1073 1989 1141 2012 seca
1177 1980 1312 2021 funera
1351 1977 1617 2012 contortissime
1656 1980 1812 2011 enarrat.

311 2038 430 2083 1842]

254 2098 283 2139 ²)
313 2101 451 2134 Celsum
471 2103 665 2142 praetorem
699 2096 862 2141 plerique
893 2096 930 2129 P.
958 2095 1164 2130 Iuventium
1200 2095 1344 2129 Celsum
1378 2095 1674 2129 iurisconsultum
1710 2095 1813 2129 intel-

310 2159 436 2202 figunt,
475 2168 595 2201 quem,
634 2156 755 2190 nescio
787 2156 884 2189 unde
919 2154 1019 2197 (nam
1047 2165 1111 2198 ego
1138 2154 1278 2188 nullam
1304 2165 1450 2197 prorsus
1477 2154 1733 2188 auctoritatem
1760 2164 1812 2188 re-

310 2217 408 2261 perio
435 2217 512 2251 eius
538 2216 590 2250 rei
615 2226 681 2249 nec
706 2215 743 2248 in
769 2214 875 2248 Plinii
901 2215 1004 2258 epist.
1032 2214 1088 2255 VI,
1124 2214 1145 2247 ὃ
1178 2213 1291 2246 ullam
1327 2212 1430 2246 video
1457 2213 1630 2257 temporis
1656 2212 1809 2255 notam),

311 2287 341 2310 a.
374 2275 443 2309 855
476 2274 558 2317 (102
591 2287 624 2319 p.
657 2273 734 2315 Ch.)
767 2277 964 2317 praeturam
997 2273 1148 2317 gessisse
1181 2274 1358 2313 statuunt,
1397 2271 1627 2316 eundemque
1662 2275 1728 2306 sat.
1755 2271 1814 2313 VI,

311 2334 379 2367 245
417 2334 646 2368 nominatum
684 2336 831 2377 putant,
875 2332 1107 2366 scholiastam
1152 2334 1362 2375 sequentes3
1411 2342 1497 2364 03111
1540 2334 1656 2375 poetae
1701 2331 1814 2365 verba

311 2392 546 2437 (ln-iucipimn
578 2396 613 2426 01
639 2391 717 2434 loci)
751 2392 866 2426 multo
900 2391 1013 2435 magis
1052 2393 1232 2424 oratorem
1272 2401 1384 2434 quam
1421 2389 1669 2434 iurisperitum
1708 2389 1813 2433 signi-

311 2453 430 2486 ficant.
481 2451 669 2495 Equidem,
700 2462 814 2494 quum
840 2461 912 2484 non
939 2449 1058 2483 solum
1085 2449 1175 2483 nihil
1202 2449 1246 2482 de
1278 2449 1386 2483 huius
1413 2449 1506 2483 Celsi
1531 2448 1625 2483 ludis
1652 2452 1688 2483 et
1712 2448 1814 2482 nobi-

311 2511 405 2545 libus
432 2514 509 2544 tum
536 2511 572 2544 in
598 2521 744 2544 scenam
776 2508 960 2553 productis
993 2508 1168 2542 traditum
1201 2508 1257 2549 sit,
1298 2508 1361 2542 sed
1393 2518 1561 2552 perverse
1593 2518 1742 2551 prorsus
1776 2507 1813 2540 in

312 2570 381 2603 ista
406 2569 701 2613 interpretatione
728 2568 931 2602 communis
958 2571 1166 2611 temporum
1193 2567 1336 2600 macula
1362 2566 1399 2600 in
1425 2577 1541 2600 unum
1567 2577 1705 2600 annum
1732 2577 1813 2600 con-

312 2628 463 2669 iiciatur,
496 2631 592 2661 recte
624 2627 841 2671 Rupertium
868 2626 1023 2660 sensisse
1050 2627 1167 2663 credo,
1202 2627 1331 2659 celsum
1358 2625 1576 2659 adiectivum
1603 2636 1692 2659 esse.
1742 2625 1813 2668 Ap-

313 2687 448 2721 tissime
476 2686 675 2729 amplitudo
701 2685 864 2730 praetoris
896 2686 933 2719 in
965 2685 1054 2719 sella
1087 2685 1202 2719 curuli
1235 2685 1394 2719 sedentis
1427 2684 1659 2729 significatur,
1697 2686 1738 2718 ut
1770 2694 1812 2717 eo

313 2745 477 2780 acerbius
515 2745 656 2778 foeditas
695 2745 871 2779 nobilium
910 2744 1101 2778 hominum
1139 2744 1223 2778 huic
1256 2755 1293 2778 se
1327 2744 1420 2778 inter
1453 2743 1562 2777 vilem
1595 2742 1812 2776 histrionum

312 2815 455 2849 gregem
494 2804 724 2838 offerentium
763 2806 919 2838 notetur.
978 2801 1051 2845 [Sic
1090 2803 1199 2837 etiam
1237 2802 1477 2836 Heinrichius.
1535 2802 1669 2836 Contra
1701 2801 1739 2836 G.
1773 2801 1811 2834 E-

312 2864 445 2897 Weber
470 2874 513 2896 ex
540 2862 631 2896 Celsi
657 2865 822 2906 praeturae
849 2873 954 2903 ann0‚
990 2873 1099 2906 quem
1132 2862 1232 2896 nullo
1258 2861 1465 2895 testimonio
1492 2861 1692 2902 confirmat,
1731 2871 1812 2894 con-

315 2922 436 2963 cludit,
464 2922 558 2955 hanc
583 2921 731 2955 satiram
758 2932 830 2954 non
858 2921 1030 2965 scriptam
1057 2932 1135 2955 esse
1160 2924 1246 2955 ante
1271 2932 1302 2955 3.
1322 2920 1388 2954 101
1408 2923 1489 2964 post
1506 2920 1581 2962 Ch„
1609 2919 1705 2963 quod
1723 2929 1812 2952 sane

315 2981 463 3015 meliore
490 2984 704 3024 argumento
730 2980 871 3024 pridem
898 2980 1088 3013 constabat
1114 2991 1132 3014 e
1158 2990 1265 3014 versu
1292 2978 1370 3013 120.
1422 2976 1540 3022 1842]
