<?xml version="1.0" encoding="UTF-8"?>
<!DOCTYPE html PUBLIC "-//W3C//DTD XHTML 1.0 Transitional//EN"
    "http://www.w3.org/TR/xhtml1/DTD/xhtml1-transitional.dtd">
<html xmlns="http://www.w3.org/1999/xhtml" xml:lang="en" lang="en">
 <head>
  <title>
</title>
<meta http-equiv="Content-Type" content="text/html;charset=utf-8" />
  <meta name='ocr-system' content='tesseract 3.04.00' />
  <meta name='ocr-capabilities' content='ocr_page ocr_carea ocr_par ocr_line ocrx_word'/>
</head>
<body>
  <div class='ocr_page' id='page_1' title='image "./ionicolaimadvigi00madvuoft_0434.png"; bbox 0 0 1915 3235; ppageno 0'>
   <div class='ocr_carea' id='block_1_1' title="bbox 922 137 1010 178">
    <p class='ocr_par' dir='ltr' id='par_1_1' title="bbox 922 137 1010 178">
     <span class='ocr_line' id='line_1_1' title="bbox 922 137 1010 178; baseline 0.011 -1"><span class='ocrx_word' id='word_1_1' title='bbox 922 137 1010 178; x_wconf 81' lang='lat'>410</span> 
     </span>
    </p>
   </div>
   <div class='ocr_carea' id='block_1_2' title="bbox 164 264 1795 2656">
    <p class='ocr_par' dir='ltr' id='par_1_2' title="bbox 164 264 1766 2019">
     <span class='ocr_line' id='line_1_2' title="bbox 170 264 1765 318; baseline 0.001 -13"><span class='ocrx_word' id='word_1_2' title='bbox 170 266 339 305; x_wconf 82' lang='lat' dir='ltr'>lectam.</span> <span class='ocrx_word' id='word_1_3' title='bbox 403 264 490 306; x_wconf 90' lang='lat' dir='ltr'>Nec</span> <span class='ocrx_word' id='word_1_4' title='bbox 530 279 721 318; x_wconf 87' lang='lat' dir='ltr'>possum,</span> <span class='ocrx_word' id='word_1_5' title='bbox 772 267 874 318; x_wconf 88' lang='lat' dir='ltr'>quin</span> <span class='ocrx_word' id='word_1_6' title='bbox 916 267 1198 307; x_wconf 84' lang='lat' dir='ltr'>vehementer</span> <span class='ocrx_word' id='word_1_7' title='bbox 1239 266 1278 307; x_wconf 93' lang='lat' dir='ltr'>ei</span> <span class='ocrx_word' id='word_1_8' title='bbox 1321 269 1362 307; x_wconf 92' lang='lat' dir='ltr'>et</span> <span class='ocrx_word' id='word_1_9' title='bbox 1404 266 1576 307; x_wconf 77' lang='lat' dir='ltr'>Baitero</span> <span class='ocrx_word' id='word_1_10' title='bbox 1616 268 1765 308; x_wconf 98' lang='lat' dir='ltr'>auctor</span> 
     </span>
     <span class='ocr_line' id='line_1_3' title="bbox 170 336 1765 390; baseline 0.001 -15"><span class='ocrx_word' id='word_1_11' title='bbox 170 336 263 385; x_wconf 66' lang='lat' dir='ltr'>sim,</span> <span class='ocrx_word' id='word_1_12' title='bbox 298 337 345 375; x_wconf 88' lang='lat' dir='ltr'>ut</span> <span class='ocrx_word' id='word_1_13' title='bbox 375 336 419 375; x_wconf 90' lang='lat' dir='ltr'>in</span> <span class='ocrx_word' id='word_1_14' title='bbox 450 348 564 377; x_wconf 83' lang='lat' dir='ltr'>nova</span> <span class='ocrx_word' id='word_1_15' title='bbox 589 336 804 378; x_wconf 81' lang='lat' dir='ltr'>Ciceronis</span> <span class='ocrx_word' id='word_1_16' title='bbox 837 350 1016 390; x_wconf 90' lang='lat' dir='ltr'>operum</span> <span class='ocrx_word' id='word_1_17' title='bbox 1047 337 1246 387; x_wconf 74' lang='lat' dir='ltr'>editione,</span> <span class='ocrx_word' id='word_1_18' title='bbox 1281 338 1400 378; x_wconf 87' lang='lat' dir='ltr'>cuius</span> <span class='ocrx_word' id='word_1_19' title='bbox 1432 337 1514 378; x_wconf 91' lang='lat' dir='ltr'>hoc</span> <span class='ocrx_word' id='word_1_20' title='bbox 1546 336 1765 389; x_wconf 80' lang='lat' dir='ltr'>specimen</span> 
     </span>
     <span class='ocr_line' id='line_1_4' title="bbox 170 405 1763 460; baseline 0.002 -15"><span class='ocrx_word' id='word_1_21' title='bbox 170 418 262 447; x_wconf 84' lang='lat' dir='ltr'>esse</span> <span class='ocrx_word' id='word_1_22' title='bbox 310 405 550 456; x_wconf 86' lang='lat' dir='ltr'>voluerunt,</span> <span class='ocrx_word' id='word_1_23' title='bbox 599 408 643 448; x_wconf 90' lang='lat' dir='ltr'>in</span> <span class='ocrx_word' id='word_1_24' title='bbox 690 407 866 460; x_wconf 84' lang='lat' dir='ltr'>singulis</span> <span class='ocrx_word' id='word_1_25' title='bbox 913 408 1032 448; x_wconf 88' lang='lat' dir='ltr'>libris</span> <span class='ocrx_word' id='word_1_26' title='bbox 1072 420 1282 449; x_wconf 87' lang='lat' dir='ltr'>novorum</span> <span class='ocrx_word' id='word_1_27' title='bbox 1323 408 1531 457; x_wconf 90' lang='lat' dir='ltr'>codicum,</span> <span class='ocrx_word' id='word_1_28' title='bbox 1581 420 1763 460; x_wconf 83' lang='lat' dir='ltr'>quorum</span> 
     </span>
     <span class='ocr_line' id='line_1_5' title="bbox 168 476 1762 531; baseline 0.001 -14"><span class='ocrx_word' id='word_1_29' title='bbox 168 477 298 517; x_wconf 82' lang='lat' dir='ltr'>fidem</span> <span class='ocrx_word' id='word_1_30' title='bbox 345 476 389 517; x_wconf 91' lang='lat' dir='ltr'>in</span> <span class='ocrx_word' id='word_1_31' title='bbox 436 478 630 519; x_wconf 90' lang='lat' dir='ltr'>oratione</span> <span class='ocrx_word' id='word_1_32' title='bbox 679 478 979 519; x_wconf 90' lang='lat' dir='ltr'>constituenda</span> <span class='ocrx_word' id='word_1_33' title='bbox 1029 478 1173 531; x_wconf 85' lang='lat' dir='ltr'>aliqua</span> <span class='ocrx_word' id='word_1_34' title='bbox 1228 492 1280 519; x_wconf 83' lang='lat' dir='ltr'>ex</span> <span class='ocrx_word' id='word_1_35' title='bbox 1327 481 1451 531; x_wconf 87' lang='lat' dir='ltr'>parte</span> <span class='ocrx_word' id='word_1_36' title='bbox 1498 478 1762 531; x_wconf 83' lang='lat' dir='ltr'>sequendam</span> 
     </span>
     <span class='ocr_line' id='line_1_6' title="bbox 168 547 1764 602; baseline 0.001 -13"><span class='ocrx_word' id='word_1_37' title='bbox 168 547 373 600; x_wconf 88' lang='lat' dir='ltr'>putarint,</span> <span class='ocrx_word' id='word_1_38' title='bbox 422 548 572 600; x_wconf 89' lang='lat' dir='ltr'>plenas</span> <span class='ocrx_word' id='word_1_39' title='bbox 615 550 851 602; x_wconf 85' lang='lat' dir='ltr'>scripturas</span> <span class='ocrx_word' id='word_1_40' title='bbox 897 548 1139 599; x_wconf 87' lang='lat' dir='ltr'>subiiciant,</span> <span class='ocrx_word' id='word_1_41' title='bbox 1187 550 1262 590; x_wconf 88' lang='lat' dir='ltr'>ubi</span> <span class='ocrx_word' id='word_1_42' title='bbox 1302 563 1400 590; x_wconf 89' lang='lat' dir='ltr'>cum</span> <span class='ocrx_word' id='word_1_43' title='bbox 1434 551 1635 590; x_wconf 82' lang='lat' dir='ltr'>contexta</span> <span class='ocrx_word' id='word_1_44' title='bbox 1667 562 1764 590; x_wconf 82' lang='lat' dir='ltr'>ora-</span> 
     </span>
     <span class='ocr_line' id='line_1_7' title="bbox 166 619 1764 673; baseline 0.001 -14"><span class='ocrx_word' id='word_1_45' title='bbox 166 619 282 659; x_wconf 83' lang='lat' dir='ltr'>tione</span> <span class='ocrx_word' id='word_1_46' title='bbox 320 619 519 660; x_wconf 91' lang='lat' dir='ltr'>contendi</span> <span class='ocrx_word' id='word_1_47' title='bbox 552 620 699 661; x_wconf 86' lang='lat' dir='ltr'>statim</span> <span class='ocrx_word' id='word_1_48' title='bbox 738 619 916 673; x_wconf 89' lang='lat' dir='ltr'>possint,</span> <span class='ocrx_word' id='word_1_49' title='bbox 965 633 1045 660; x_wconf 90' lang='lat' dir='ltr'>nec</span> <span class='ocrx_word' id='word_1_50' title='bbox 1088 632 1161 661; x_wconf 90' lang='lat' dir='ltr'>eas</span> <span class='ocrx_word' id='word_1_51' title='bbox 1206 633 1251 661; x_wconf 93' lang='lat' dir='ltr'>se</span> <span class='ocrx_word' id='word_1_52' title='bbox 1296 620 1529 673; x_wconf 80' lang='lat' dir='ltr'>aliquando</span> <span class='ocrx_word' id='word_1_53' title='bbox 1573 619 1764 661; x_wconf 89' lang='lat' dir='ltr'>edituros</span> 
     </span>
     <span class='ocr_line' id='line_1_8' title="bbox 167 690 1762 743; baseline 0 -13"><span class='ocrx_word' id='word_1_54' title='bbox 167 690 435 742; x_wconf 73' lang='lat' dir='ltr'>promittant.</span> <span class='ocrx_word' id='word_1_55' title='bbox 499 690 610 731; x_wconf 91' lang='lat' dir='ltr'>Nam</span> <span class='ocrx_word' id='word_1_56' title='bbox 660 690 907 731; x_wconf 89' lang='lat' dir='ltr'>huiusmodi</span> <span class='ocrx_word' id='word_1_57' title='bbox 956 690 1132 732; x_wconf 88' lang='lat' dir='ltr'>consilia</span> <span class='ocrx_word' id='word_1_58' title='bbox 1179 691 1314 732; x_wconf 87' lang='lat' dir='ltr'>multa</span> <span class='ocrx_word' id='word_1_59' title='bbox 1363 691 1533 731; x_wconf 85' lang='lat' dir='ltr'>evenire</span> <span class='ocrx_word' id='word_1_60' title='bbox 1583 694 1762 743; x_wconf 67' lang='lat' dir='ltr'>possunt</span> 
     </span>
     <span class='ocr_line' id='line_1_9' title="bbox 167 760 1764 814; baseline 0.001 -14"><span class='ocrx_word' id='word_1_61' title='bbox 167 773 264 812; x_wconf 72' lang='lat' dir='ltr'>quae</span> <span class='ocrx_word' id='word_1_62' title='bbox 297 760 555 802; x_wconf 85' lang='lat' dir='ltr'>conturbent</span> <span class='ocrx_word' id='word_1_63' title='bbox 587 763 630 802; x_wconf 89' lang='lat' dir='ltr'>et</span> <span class='ocrx_word' id='word_1_64' title='bbox 660 761 920 814; x_wconf 82' lang='lat' dir='ltr'>impediant3</span> <span class='ocrx_word' id='word_1_65' title='bbox 955 763 997 802; x_wconf 94' lang='lat' dir='ltr'>et</span> <span class='ocrx_word' id='word_1_66' title='bbox 1029 762 1063 802; x_wconf 92' lang='lat' dir='ltr'>si</span> <span class='ocrx_word' id='word_1_67' title='bbox 1087 761 1276 802; x_wconf 83' lang='lat' dir='ltr'>exsecuti</span> <span class='ocrx_word' id='word_1_68' title='bbox 1298 761 1469 812; x_wconf 89' lang='lat' dir='ltr'>fuerint,</span> <span class='ocrx_word' id='word_1_69' title='bbox 1504 761 1607 814; x_wconf 86' lang='lat' dir='ltr'>quid</span> <span class='ocrx_word' id='word_1_70' title='bbox 1628 761 1764 802; x_wconf 89' lang='lat' dir='ltr'>habe-</span> 
     </span>
     <span class='ocr_line' id='line_1_10' title="bbox 166 831 1764 885; baseline 0 -13"><span class='ocrx_word' id='word_1_71' title='bbox 166 831 229 872; x_wconf 86' lang='lat' dir='ltr'>bit</span> <span class='ocrx_word' id='word_1_72' title='bbox 260 831 455 872; x_wconf 76' lang='lat' dir='ltr'>utilitatis</span> <span class='ocrx_word' id='word_1_73' title='bbox 488 832 649 873; x_wconf 85' lang='lat' dir='ltr'>selecta</span> <span class='ocrx_word' id='word_1_74' title='bbox 681 832 752 873; x_wconf 88' lang='lat' dir='ltr'>illa</span> <span class='ocrx_word' id='word_1_75' title='bbox 785 832 1007 885; x_wconf 83' lang='lat' dir='ltr'>scripturae</span> <span class='ocrx_word' id='word_1_76' title='bbox 1032 833 1247 873; x_wconf 80' lang='lat' dir='ltr'>varietas?</span> <span class='ocrx_word' id='word_1_77' title='bbox 1286 832 1435 885; x_wconf 84' lang='lat' dir='ltr'>Spatio</span> <span class='ocrx_word' id='word_1_78' title='bbox 1459 832 1634 884; x_wconf 88' lang='lat' dir='ltr'>quidem</span> <span class='ocrx_word' id='word_1_79' title='bbox 1657 845 1764 885; x_wconf 89' lang='lat' dir='ltr'>opus</span> 
     </span>
     <span class='ocr_line' id='line_1_11' title="bbox 169 902 1764 956; baseline 0.001 -13"><span class='ocrx_word' id='word_1_80' title='bbox 169 903 249 943; x_wconf 87' lang='lat' dir='ltr'>erit</span> <span class='ocrx_word' id='word_1_81' title='bbox 281 903 337 943; x_wconf 94' lang='lat' dir='ltr'>ad</span> <span class='ocrx_word' id='word_1_82' title='bbox 368 902 485 943; x_wconf 85' lang='lat' dir='ltr'>illam</span> <span class='ocrx_word' id='word_1_83' title='bbox 518 915 611 944; x_wconf 92' lang='lat' dir='ltr'>rem</span> <span class='ocrx_word' id='word_1_84' title='bbox 643 916 730 944; x_wconf 91' lang='lat' dir='ltr'>non</span> <span class='ocrx_word' id='word_1_85' title='bbox 762 903 888 944; x_wconf 82' lang='lat' dir='ltr'>valde</span> <span class='ocrx_word' id='word_1_86' title='bbox 920 916 1091 956; x_wconf 83' lang='lat' dir='ltr'>magno,</span> <span class='ocrx_word' id='word_1_87' title='bbox 1125 916 1257 955; x_wconf 87' lang='lat' dir='ltr'>quum</span> <span class='ocrx_word' id='word_1_88' title='bbox 1291 904 1545 956; x_wconf 83' lang='lat' dir='ltr'>praesertim,</span> <span class='ocrx_word' id='word_1_89' title='bbox 1587 903 1764 944; x_wconf 91' lang='lat' dir='ltr'>meliore</span> 
     </span>
     <span class='ocr_line' id='line_1_12' title="bbox 166 973 1766 1027; baseline 0.001 -13"><span class='ocrx_word' id='word_1_90' title='bbox 166 974 305 1026; x_wconf 81' lang='lat' dir='ltr'>posito</span> <span class='ocrx_word' id='word_1_91' title='bbox 337 974 469 1014; x_wconf 86' lang='lat' dir='ltr'>totius</span> <span class='ocrx_word' id='word_1_92' title='bbox 503 973 763 1015; x_wconf 81' lang='lat' dir='ltr'>recensionis</span> <span class='ocrx_word' id='word_1_93' title='bbox 803 974 1102 1022; x_wconf 87' lang='lat' dir='ltr'>fundamento,</span> <span class='ocrx_word' id='word_1_94' title='bbox 1152 974 1289 1015; x_wconf 85' lang='lat' dir='ltr'>multa</span> <span class='ocrx_word' id='word_1_95' title='bbox 1332 974 1471 1015; x_wconf 85' lang='lat' dir='ltr'>omitti</span> <span class='ocrx_word' id='word_1_96' title='bbox 1513 975 1681 1027; x_wconf 87' lang='lat' dir='ltr'>possint</span> <span class='ocrx_word' id='word_1_97' title='bbox 1724 976 1766 1015; x_wconf 84' lang='lat' dir='ltr'>et</span> 
     </span>
     <span class='ocr_line' id='line_1_13' title="bbox 167 1044 1764 1097; baseline 0.001 -12"><span class='ocrx_word' id='word_1_98' title='bbox 167 1044 355 1085; x_wconf 87' lang='lat' dir='ltr'>debeant</span> <span class='ocrx_word' id='word_1_99' title='bbox 387 1057 438 1085; x_wconf 81' lang='lat' dir='ltr'>ex</span> <span class='ocrx_word' id='word_1_100' title='bbox 471 1044 691 1097; x_wconf 84' lang='lat' dir='ltr'>superiore</span> <span class='ocrx_word' id='word_1_101' title='bbox 724 1047 952 1097; x_wconf 89' lang='lat' dir='ltr'>apparatu,</span> <span class='ocrx_word' id='word_1_102' title='bbox 1003 1057 1099 1097; x_wconf 81' lang='lat' dir='ltr'>quae</span> <span class='ocrx_word' id='word_1_103' title='bbox 1142 1046 1271 1085; x_wconf 89' lang='lat' dir='ltr'>antea</span> <span class='ocrx_word' id='word_1_104' title='bbox 1304 1045 1487 1086; x_wconf 82' lang='lat' dir='ltr'>fortasse</span> <span class='ocrx_word' id='word_1_105' title='bbox 1520 1045 1612 1086; x_wconf 89' lang='lat' dir='ltr'>iure</span> <span class='ocrx_word' id='word_1_106' title='bbox 1646 1057 1764 1086; x_wconf 88' lang='lat' dir='ltr'>com-</span> 
     </span>
     <span class='ocr_line' id='line_1_14' title="bbox 166 1115 1764 1168; baseline -0.001 -11"><span class='ocrx_word' id='word_1_107' title='bbox 166 1118 525 1158; x_wconf 85' lang='lat' dir='ltr'>memorarentur.</span> <span class='ocrx_word' id='word_1_108' title='bbox 605 1115 678 1156; x_wconf 85' lang='lat' dir='ltr'>Sin</span> <span class='ocrx_word' id='word_1_109' title='bbox 727 1115 850 1156; x_wconf 84' lang='lat' dir='ltr'>aiiter</span> <span class='ocrx_word' id='word_1_110' title='bbox 898 1115 1094 1166; x_wconf 84' lang='lat' dir='ltr'>fecerint,</span> <span class='ocrx_word' id='word_1_111' title='bbox 1146 1128 1337 1168; x_wconf 88' lang='lat' dir='ltr'>semper,</span> <span class='ocrx_word' id='word_1_112' title='bbox 1387 1115 1524 1157; x_wconf 91' lang='lat' dir='ltr'>donec</span> <span class='ocrx_word' id='word_1_113' title='bbox 1570 1116 1764 1168; x_wconf 88' lang='lat' dir='ltr'>pleniora</span> 
     </span>
     <span class='ocr_line' id='line_1_15' title="bbox 166 1185 1761 1240; baseline -0.001 -12"><span class='ocrx_word' id='word_1_114' title='bbox 166 1187 440 1236; x_wconf 83' lang='lat' dir='ltr'>habebimus,</span> <span class='ocrx_word' id='word_1_115' title='bbox 489 1187 749 1235; x_wconf 84' lang='lat' dir='ltr'>verebimur,</span> <span class='ocrx_word' id='word_1_116' title='bbox 798 1199 852 1227; x_wconf 91' lang='lat' dir='ltr'>ne</span> <span class='ocrx_word' id='word_1_117' title='bbox 885 1199 972 1227; x_wconf 87' lang='lat' dir='ltr'>non</span> <span class='ocrx_word' id='word_1_118' title='bbox 1004 1186 1065 1227; x_wconf 86' lang='lat' dir='ltr'>ita</span> <span class='ocrx_word' id='word_1_119' title='bbox 1097 1199 1250 1239; x_wconf 88' lang='lat' dir='ltr'>pauca,</span> <span class='ocrx_word' id='word_1_120' title='bbox 1300 1200 1396 1240; x_wconf 82' lang='lat' dir='ltr'>quae</span> <span class='ocrx_word' id='word_1_121' title='bbox 1429 1188 1504 1227; x_wconf 89' lang='lat' dir='ltr'>aut</span> <span class='ocrx_word' id='word_1_122' title='bbox 1535 1185 1761 1239; x_wconf 88' lang='lat' dir='ltr'>probanda</span> 
     </span>
     <span class='ocr_line' id='line_1_16' title="bbox 167 1257 1761 1310; baseline -0.001 -11"><span class='ocrx_word' id='word_1_123' title='bbox 167 1259 323 1299; x_wconf 81' lang='lat' dir='ltr'>fuerint</span> <span class='ocrx_word' id='word_1_124' title='bbox 366 1260 442 1299; x_wconf 89' lang='lat' dir='ltr'>aut</span> <span class='ocrx_word' id='word_1_125' title='bbox 483 1257 677 1298; x_wconf 79' lang='lat' dir='ltr'>veritatis</span> <span class='ocrx_word' id='word_1_126' title='bbox 721 1257 901 1310; x_wconf 73' lang='lat' dir='ltr'>vestigia</span> <span class='ocrx_word' id='word_1_127' title='bbox 941 1259 983 1298; x_wconf 91' lang='lat' dir='ltr'>et</span> <span class='ocrx_word' id='word_1_128' title='bbox 1014 1257 1273 1299; x_wconf 89' lang='lat' dir='ltr'>mendorum</span> <span class='ocrx_word' id='word_1_129' title='bbox 1306 1258 1571 1299; x_wconf 87' lang='lat' dir='ltr'>occultorum</span> <span class='ocrx_word' id='word_1_130' title='bbox 1604 1257 1761 1298; x_wconf 87' lang='lat' dir='ltr'>indicia</span> 
     </span>
     <span class='ocr_line' id='line_1_17' title="bbox 165 1327 1763 1380; baseline -0.001 -10"><span class='ocrx_word' id='word_1_131' title='bbox 165 1328 408 1378; x_wconf 81' lang='lat' dir='ltr'>habuerint,</span> <span class='ocrx_word' id='word_1_132' title='bbox 458 1328 696 1369; x_wconf 85' lang='lat' dir='ltr'>editoribus</span> <span class='ocrx_word' id='word_1_133' title='bbox 744 1341 823 1369; x_wconf 89' lang='lat' dir='ltr'>nec</span> <span class='ocrx_word' id='word_1_134' title='bbox 870 1327 1096 1380; x_wconf 85' lang='lat' dir='ltr'>probanda</span> <span class='ocrx_word' id='word_1_135' title='bbox 1136 1341 1215 1369; x_wconf 88' lang='lat' dir='ltr'>nec</span> <span class='ocrx_word' id='word_1_136' title='bbox 1256 1328 1639 1370; x_wconf 87' lang='lat' dir='ltr'>commemoranda</span> <span class='ocrx_word' id='word_1_137' title='bbox 1671 1328 1763 1369; x_wconf 84' lang='lat' dir='ltr'>visa</span> 
     </span>
     <span class='ocr_line' id='line_1_18' title="bbox 165 1398 1763 1452; baseline 0 -12"><span class='ocrx_word' id='word_1_138' title='bbox 165 1400 262 1441; x_wconf 86' lang='lat' dir='ltr'>sint.</span> <span class='ocrx_word' id='word_1_139' title='bbox 326 1399 452 1450; x_wconf 87' lang='lat' dir='ltr'>Quod</span> <span class='ocrx_word' id='word_1_140' title='bbox 485 1399 613 1452; x_wconf 84' lang='lat' dir='ltr'>quale</span> <span class='ocrx_word' id='word_1_141' title='bbox 646 1399 712 1449; x_wconf 86' lang='lat' dir='ltr'>sit,</span> <span class='ocrx_word' id='word_1_142' title='bbox 757 1399 915 1452; x_wconf 85' lang='lat' dir='ltr'>partim</span> <span class='ocrx_word' id='word_1_143' title='bbox 950 1400 992 1439; x_wconf 89' lang='lat' dir='ltr'>in</span> <span class='ocrx_word' id='word_1_144' title='bbox 1025 1399 1219 1440; x_wconf 86' lang='lat' dir='ltr'>oratione</span> <span class='ocrx_word' id='word_1_145' title='bbox 1253 1399 1442 1441; x_wconf 80' lang='lat' dir='ltr'>Caeliana</span> <span class='ocrx_word' id='word_1_146' title='bbox 1475 1401 1518 1440; x_wconf 86' lang='lat' dir='ltr'>et</span> <span class='ocrx_word' id='word_1_147' title='bbox 1550 1398 1763 1448; x_wconf 85' lang='lat' dir='ltr'>Sestiana,</span> 
     </span>
     <span class='ocr_line' id='line_1_19' title="bbox 166 1469 1760 1523; baseline 0 -13"><span class='ocrx_word' id='word_1_148' title='bbox 166 1470 237 1511; x_wconf 83' lang='lat' dir='ltr'>ubi</span> <span class='ocrx_word' id='word_1_149' title='bbox 272 1469 467 1511; x_wconf 90' lang='lat' dir='ltr'>codicum</span> <span class='ocrx_word' id='word_1_150' title='bbox 500 1470 784 1511; x_wconf 84' lang='lat' dir='ltr'>Bernensium</span> <span class='ocrx_word' id='word_1_151' title='bbox 818 1470 1006 1522; x_wconf 82' lang='lat' dir='ltr'>integras</span> <span class='ocrx_word' id='word_1_152' title='bbox 1040 1469 1274 1523; x_wconf 87' lang='lat' dir='ltr'>scripturas</span> <span class='ocrx_word' id='word_1_153' title='bbox 1301 1483 1398 1511; x_wconf 88' lang='lat' dir='ltr'>cum</span> <span class='ocrx_word' id='word_1_154' title='bbox 1423 1470 1596 1523; x_wconf 86' lang='lat' dir='ltr'>reliquis</span> <span class='ocrx_word' id='word_1_155' title='bbox 1622 1469 1760 1519; x_wconf 78' lang='lat' dir='ltr'>codd,</span> 
     </span>
     <span class='ocr_line' id='line_1_20' title="bbox 165 1541 1761 1594; baseline -0.001 -12"><span class='ocrx_word' id='word_1_156' title='bbox 165 1541 353 1582; x_wconf 80' lang='lat' dir='ltr'>maxime</span> <span class='ocrx_word' id='word_1_157' title='bbox 384 1541 630 1591; x_wconf 72' lang='lat' dir='ltr'>parisiensi,</span> <span class='ocrx_word' id='word_1_158' title='bbox 680 1553 934 1594; x_wconf 86' lang='lat' dir='ltr'>comparare</span> <span class='ocrx_word' id='word_1_159' title='bbox 973 1543 1183 1593; x_wconf 87' lang='lat' dir='ltr'>poteram,</span> <span class='ocrx_word' id='word_1_160' title='bbox 1233 1541 1526 1594; x_wconf 87' lang='lat' dir='ltr'>superioribus</span> <span class='ocrx_word' id='word_1_161' title='bbox 1566 1541 1761 1594; x_wconf 89' lang='lat' dir='ltr'>disputa-</span> 
     </span>
     <span class='ocr_line' id='line_1_21' title="bbox 164 1611 1763 1664; baseline 0 -12"><span class='ocrx_word' id='word_1_162' title='bbox 164 1612 352 1653; x_wconf 81' lang='lat' dir='ltr'>tionibus</span> <span class='ocrx_word' id='word_1_163' title='bbox 386 1613 475 1652; x_wconf 87' lang='lat' dir='ltr'>sine</span> <span class='ocrx_word' id='word_1_164' title='bbox 510 1612 596 1652; x_wconf 90' lang='lat' dir='ltr'>ulla</span> <span class='ocrx_word' id='word_1_165' title='bbox 629 1612 943 1653; x_wconf 86' lang='lat' dir='ltr'>obtrectatione</span> <span class='ocrx_word' id='word_1_166' title='bbox 967 1611 1312 1653; x_wconf 85' lang='lat' dir='ltr'>demonstratum</span> <span class='ocrx_word' id='word_1_167' title='bbox 1337 1625 1430 1652; x_wconf 89' lang='lat' dir='ltr'>esse</span> <span class='ocrx_word' id='word_1_168' title='bbox 1452 1615 1571 1664; x_wconf 92' lang='lat' dir='ltr'>puto,</span> <span class='ocrx_word' id='word_1_169' title='bbox 1606 1611 1763 1664; x_wconf 86' lang='lat' dir='ltr'>partim</span> 
     </span>
     <span class='ocr_line' id='line_1_22' title="bbox 164 1682 1764 1736; baseline 0 -12"><span class='ocrx_word' id='word_1_170' title='bbox 164 1697 251 1724; x_wconf 80' lang='lat' dir='ltr'>non</span> <span class='ocrx_word' id='word_1_171' title='bbox 282 1696 370 1724; x_wconf 88' lang='lat' dir='ltr'>una</span> <span class='ocrx_word' id='word_1_172' title='bbox 402 1696 481 1724; x_wconf 88' lang='lat' dir='ltr'>nec</span> <span class='ocrx_word' id='word_1_173' title='bbox 513 1684 747 1724; x_wconf 83' lang='lat' dir='ltr'>temeraria</span> <span class='ocrx_word' id='word_1_174' title='bbox 780 1683 1023 1735; x_wconf 85' lang='lat' dir='ltr'>suspicione</span> <span class='ocrx_word' id='word_1_175' title='bbox 1066 1682 1110 1723; x_wconf 89' lang='lat' dir='ltr'>in</span> <span class='ocrx_word' id='word_1_176' title='bbox 1153 1682 1235 1723; x_wconf 88' lang='lat' dir='ltr'>hac</span> <span class='ocrx_word' id='word_1_177' title='bbox 1277 1682 1372 1735; x_wconf 89' lang='lat' dir='ltr'>ipsa</span> <span class='ocrx_word' id='word_1_178' title='bbox 1412 1683 1606 1724; x_wconf 84' lang='lat' dir='ltr'>oratione</span> <span class='ocrx_word' id='word_1_179' title='bbox 1640 1684 1764 1736; x_wconf 90' lang='lat' dir='ltr'>pate-</span> 
     </span>
     <span class='ocr_line' id='line_1_23' title="bbox 164 1753 1765 1806; baseline -0.001 -11"><span class='ocrx_word' id='word_1_180' title='bbox 164 1755 250 1804; x_wconf 74' lang='lat' dir='ltr'>fiet,</span> <span class='ocrx_word' id='word_1_181' title='bbox 286 1754 405 1795; x_wconf 91' lang='lat' dir='ltr'>cuius</span> <span class='ocrx_word' id='word_1_182' title='bbox 439 1754 642 1806; x_wconf 88' lang='lat' dir='ltr'>deinceps</span> <span class='ocrx_word' id='word_1_183' title='bbox 675 1753 865 1806; x_wconf 82' lang='lat' dir='ltr'>singulos</span> <span class='ocrx_word' id='word_1_184' title='bbox 897 1753 1013 1794; x_wconf 88' lang='lat' dir='ltr'>locos</span> <span class='ocrx_word' id='word_1_185' title='bbox 1046 1766 1296 1806; x_wconf 86' lang='lat' dir='ltr'>persequar,</span> <span class='ocrx_word' id='word_1_186' title='bbox 1337 1753 1569 1806; x_wconf 82' lang='lat' dir='ltr'>inquibus</span> <span class='ocrx_word' id='word_1_187' title='bbox 1602 1754 1659 1794; x_wconf 87' lang='lat' dir='ltr'>ab</span> <span class='ocrx_word' id='word_1_188' title='bbox 1692 1753 1765 1794; x_wconf 81' lang='lat' dir='ltr'>illa</span> 
     </span>
     <span class='ocr_line' id='line_1_24' title="bbox 164 1823 1764 1877; baseline -0.001 -12"><span class='ocrx_word' id='word_1_189' title='bbox 164 1826 414 1866; x_wconf 87' lang='lat' dir='ltr'>recensione</span> <span class='ocrx_word' id='word_1_190' title='bbox 449 1825 758 1865; x_wconf 89' lang='lat' dir='ltr'>discedendum</span> <span class='ocrx_word' id='word_1_191' title='bbox 792 1824 976 1865; x_wconf 69' lang='lat' dir='ltr'>videtur.</span> <span class='ocrx_word' id='word_1_192' title='bbox 1040 1824 1219 1874; x_wconf 86' lang='lat' dir='ltr'>Minora,</span> <span class='ocrx_word' id='word_1_193' title='bbox 1270 1824 1322 1865; x_wconf 94' lang='lat' dir='ltr'>de</span> <span class='ocrx_word' id='word_1_194' title='bbox 1363 1824 1520 1877; x_wconf 85' lang='lat' dir='ltr'>quibus</span> <span class='ocrx_word' id='word_1_195' title='bbox 1554 1823 1764 1876; x_wconf 80' lang='lat' dir='ltr'>explicate</span> 
     </span>
     <span class='ocr_line' id='line_1_25' title="bbox 165 1895 1763 1948; baseline 0 -13"><span class='ocrx_word' id='word_1_196' title='bbox 165 1895 247 1937; x_wconf 80' lang='lat' dir='ltr'>dici</span> <span class='ocrx_word' id='word_1_197' title='bbox 280 1909 388 1948; x_wconf 87' lang='lat' dir='ltr'>opus</span> <span class='ocrx_word' id='word_1_198' title='bbox 420 1909 507 1937; x_wconf 93' lang='lat' dir='ltr'>non</span> <span class='ocrx_word' id='word_1_199' title='bbox 542 1898 617 1945; x_wconf 73' lang='lat' dir='ltr'>est,</span> <span class='ocrx_word' id='word_1_200' title='bbox 668 1896 873 1948; x_wconf 88' lang='lat' dir='ltr'>quoniam</span> <span class='ocrx_word' id='word_1_201' title='bbox 913 1897 1062 1936; x_wconf 89' lang='lat' dir='ltr'>tamen</span> <span class='ocrx_word' id='word_1_202' title='bbox 1104 1896 1303 1936; x_wconf 86' lang='lat' dir='ltr'>omittere</span> <span class='ocrx_word' id='word_1_203' title='bbox 1335 1895 1447 1946; x_wconf 90' lang='lat' dir='ltr'>nolo,</span> <span class='ocrx_word' id='word_1_204' title='bbox 1496 1895 1539 1935; x_wconf 87' lang='lat' dir='ltr'>in</span> <span class='ocrx_word' id='word_1_205' title='bbox 1570 1895 1763 1948; x_wconf 81' lang='lat' dir='ltr'>margine</span> 
     </span>
     <span class='ocr_line' id='line_1_26' title="bbox 164 1963 386 2019; baseline 0 -12"><span class='ocrx_word' id='word_1_206' title='bbox 164 1963 386 2019; x_wconf 84' lang='lat' dir='ltr'>ponam.¹)</span> 
     </span>
    </p>

    <p class='ocr_par' dir='ltr' id='par_1_3' title="bbox 164 2036 1795 2656">
     <span class='ocr_line' id='line_1_27' title="bbox 283 2036 1762 2087; baseline 0.001 -10"><span class='ocrx_word' id='word_1_207' title='bbox 283 2037 328 2078; x_wconf 91' lang='lat' dir='ltr'>C.</span> <span class='ocrx_word' id='word_1_208' title='bbox 363 2038 402 2087; x_wconf 74' lang='lat'>3,</span> <span class='ocrx_word' id='word_1_209' title='bbox 452 2038 476 2077; x_wconf 76' lang='lat'>6</span> <span class='ocrx_word' id='word_1_210' title='bbox 526 2038 669 2077; x_wconf 89' lang='lat' dir='ltr'>minus</span> <span class='ocrx_word' id='word_1_211' title='bbox 716 2039 831 2078; x_wconf 88' lang='lat' dir='ltr'>recte</span> <span class='ocrx_word' id='word_1_212' title='bbox 881 2036 1045 2077; x_wconf 85' lang='lat' dir='ltr'>editum</span> <span class='ocrx_word' id='word_1_213' title='bbox 1095 2039 1159 2078; x_wconf 88' lang='lat' dir='ltr'>est</span> <span class='ocrx_word' id='word_1_214' title='bbox 1207 2050 1257 2078; x_wconf 80' lang='lat' dir='ltr'>ex</span> <span class='ocrx_word' id='word_1_215' title='bbox 1306 2037 1451 2078; x_wconf 88' lang='lat' dir='ltr'>codice</span> <span class='ocrx_word' id='word_1_216' title='bbox 1500 2037 1762 2078; x_wconf 85' lang='lat' dir='ltr'>Erfurtensi:</span> 
     </span>
     <span class='ocr_line' id='line_1_28' title="bbox 169 2107 1761 2162; baseline 0 -13"><span class='ocrx_word' id='word_1_217' title='bbox 169 2108 318 2149; x_wconf 60' lang='lat' dir='ltr'>(hnitto</span> <span class='ocrx_word' id='word_1_218' title='bbox 350 2107 683 2149; x_wconf 62' lang='lat' dir='ltr'>iurisdictionem</span> <span class='ocrx_word' id='word_1_219' title='bbox 717 2108 757 2148; x_wconf 69' lang='lat' dir='ltr'>in</span> <span class='ocrx_word' id='word_1_220' title='bbox 792 2107 968 2148; x_wconf 70' lang='lat' dir='ltr'>liberam</span> <span class='ocrx_word' id='word_1_221' title='bbox 1008 2108 1213 2148; x_wconf 68' lang='lat' dir='ltr'>cit-itatem</span> <span class='ocrx_word' id='word_1_222' title='bbox 1254 2112 1399 2148; x_wconf 74' lang='lat' dir='ltr'>eontra</span> <span class='ocrx_word' id='word_1_223' title='bbox 1439 2109 1545 2162; x_wconf 67' lang='lat' dir='ltr'>[eyes</span> <span class='ocrx_word' id='word_1_224' title='bbox 1576 2112 1761 2149; x_wconf 73' lang='lat' dir='ltr'>senatus-</span> 
     </span>
     <span class='ocr_line' id='line_1_29' title="bbox 165 2177 1764 2233; baseline 0.001 -14"><span class='ocrx_word' id='word_1_225' title='bbox 165 2193 239 2233; x_wconf 57' lang='lat' dir='ltr'>que</span> <span class='ocrx_word' id='word_1_226' title='bbox 271 2179 470 2229; x_wconf 72' lang='lat' dir='ltr'>consulta,</span> <span class='ocrx_word' id='word_1_227' title='bbox 516 2178 591 2219; x_wconf 89' lang='lat' dir='ltr'>ubi</span> <span class='ocrx_word' id='word_1_228' title='bbox 624 2179 667 2219; x_wconf 90' lang='lat' dir='ltr'>in</span> <span class='ocrx_word' id='word_1_229' title='bbox 700 2178 874 2231; x_wconf 85' lang='lat' dir='ltr'>reliquis</span> <span class='ocrx_word' id='word_1_230' title='bbox 908 2179 1032 2220; x_wconf 91' lang='lat' dir='ltr'>codd.</span> <span class='ocrx_word' id='word_1_231' title='bbox 1067 2177 1208 2231; x_wconf 83' lang='grc' dir='ltr'>(ΡΑΒ,</span> <span class='ocrx_word' id='word_1_232' title='bbox 1250 2178 1482 2220; x_wconf 89' lang='lat' dir='ltr'>Dresdensi</span> <span class='ocrx_word' id='word_1_233' title='bbox 1515 2192 1687 2231; x_wconf 83' lang='lat' dir='ltr'>quoque</span> <span class='ocrx_word' id='word_1_234' title='bbox 1722 2181 1764 2220; x_wconf 89' lang='lat' dir='ltr'>et</span> 
     </span>
     <span class='ocr_line' id='line_1_30' title="bbox 165 2248 1761 2302; baseline 0.001 -13"><span class='ocrx_word' id='word_1_235' title='bbox 165 2248 334 2302; x_wconf 79' lang='lat' dir='ltr'>ceteris)</span> <span class='ocrx_word' id='word_1_236' title='bbox 369 2252 446 2300; x_wconf 89' lang='lat' dir='ltr'>est,</span> <span class='ocrx_word' id='word_1_237' title='bbox 480 2252 528 2290; x_wconf 88' lang='lat' dir='ltr'>ut</span> <span class='ocrx_word' id='word_1_238' title='bbox 550 2250 677 2302; x_wconf 77' lang='lat' dir='ltr'>vulgo</span> <span class='ocrx_word' id='word_1_239' title='bbox 702 2249 927 2299; x_wconf 86' lang='lat' dir='ltr'>edebatur,</span> <span class='ocrx_word' id='word_1_240' title='bbox 964 2250 1005 2290; x_wconf 68' lang='lat' dir='ltr'>in</span> <span class='ocrx_word' id='word_1_241' title='bbox 1039 2249 1172 2290; x_wconf 72' lang='lat' dir='ltr'>libera</span> <span class='ocrx_word' id='word_1_242' title='bbox 1205 2250 1381 2290; x_wconf 63' lang='lat' dir='ltr'>civitate.</span> <span class='ocrx_word' id='word_1_243' title='bbox 1430 2249 1546 2290; x_wconf 88' lang='lat' dir='ltr'>Infra</span> <span class='ocrx_word' id='word_1_244' title='bbox 1579 2263 1613 2290; x_wconf 91' lang='lat' dir='ltr'>c.</span> <span class='ocrx_word' id='word_1_245' title='bbox 1647 2250 1688 2299; x_wconf 84' lang='lat'>4,</span> <span class='ocrx_word' id='word_1_246' title='bbox 1723 2250 1761 2300; x_wconf 79' lang='lat'>7,</span> 
     </span>
     <span class='ocr_line' id='line_1_31' title="bbox 164 2320 1762 2373; baseline 0.001 -13"><span class='ocrx_word' id='word_1_247' title='bbox 164 2334 248 2372; x_wconf 76' lang='lat' dir='ltr'>quo</span> <span class='ocrx_word' id='word_1_248' title='bbox 281 2321 373 2362; x_wconf 86' lang='lat' dir='ltr'>loco</span> <span class='ocrx_word' id='word_1_249' title='bbox 407 2320 590 2361; x_wconf 84' lang='lat' dir='ltr'>Orellius</span> <span class='ocrx_word' id='word_1_250' title='bbox 632 2321 778 2370; x_wconf 89' lang='lat' dir='ltr'>utitur,</span> <span class='ocrx_word' id='word_1_251' title='bbox 828 2320 1043 2373; x_wconf 79' lang='lat' dir='ltr'>singulare</span> <span class='ocrx_word' id='word_1_252' title='bbox 1083 2333 1217 2373; x_wconf 81' lang='lat' dir='ltr'>genus</span> <span class='ocrx_word' id='word_1_253' title='bbox 1258 2323 1623 2362; x_wconf 86' lang='lat' dir='ltr'>commemoratur</span> <span class='ocrx_word' id='word_1_254' title='bbox 1661 2333 1762 2361; x_wconf 87' lang='lat' dir='ltr'>cau-</span> 
     </span>
     <span class='ocr_line' id='line_1_32' title="bbox 164 2390 1762 2444; baseline 0 -13"><span class='ocrx_word' id='word_1_255' title='bbox 164 2404 309 2431; x_wconf 81' lang='lat' dir='ltr'>sarum</span> <span class='ocrx_word' id='word_1_256' title='bbox 354 2391 464 2431; x_wconf 89' lang='lat' dir='ltr'>inter</span> <span class='ocrx_word' id='word_1_257' title='bbox 511 2391 670 2432; x_wconf 85' lang='lat' dir='ltr'>liberos</span> <span class='ocrx_word' id='word_1_258' title='bbox 717 2392 899 2444; x_wconf 88' lang='lat' dir='ltr'>populos</span> <span class='ocrx_word' id='word_1_259' title='bbox 948 2393 990 2432; x_wconf 91' lang='lat' dir='ltr'>et</span> <span class='ocrx_word' id='word_1_260' title='bbox 1038 2391 1151 2432; x_wconf 83' lang='lat' dir='ltr'>cives</span> <span class='ocrx_word' id='word_1_261' title='bbox 1198 2391 1421 2432; x_wconf 85' lang='lat' dir='ltr'>Romanos</span> <span class='ocrx_word' id='word_1_262' title='bbox 1470 2391 1523 2431; x_wconf 92' lang='lat' dir='ltr'>de</span> <span class='ocrx_word' id='word_1_263' title='bbox 1570 2390 1762 2444; x_wconf 88' lang='lat' dir='ltr'>pecuniis</span> 
     </span>
     <span class='ocr_line' id='line_1_33' title="bbox 165 2461 1761 2515; baseline 0 -13"><span class='ocrx_word' id='word_1_264' title='bbox 165 2462 349 2511; x_wconf 78' lang='lat' dir='ltr'>creditis,</span> <span class='ocrx_word' id='word_1_265' title='bbox 400 2463 452 2502; x_wconf 94' lang='lat' dir='ltr'>de</span> <span class='ocrx_word' id='word_1_266' title='bbox 496 2475 581 2514; x_wconf 85' lang='lat' dir='ltr'>quo</span> <span class='ocrx_word' id='word_1_267' title='bbox 622 2475 778 2514; x_wconf 79' lang='lat' dir='ltr'>genere</span> <span class='ocrx_word' id='word_1_268' title='bbox 819 2462 1013 2515; x_wconf 81' lang='lat' dir='ltr'>pecuniae</span> <span class='ocrx_word' id='word_1_269' title='bbox 1056 2462 1193 2503; x_wconf 85' lang='lat' dir='ltr'>multa</span> <span class='ocrx_word' id='word_1_270' title='bbox 1232 2462 1397 2515; x_wconf 79' lang='lat' dir='ltr'>legibus</span> <span class='ocrx_word' id='word_1_271' title='bbox 1432 2464 1474 2503; x_wconf 89' lang='lat' dir='ltr'>et</span> <span class='ocrx_word' id='word_1_272' title='bbox 1506 2461 1625 2503; x_wconf 85' lang='lat' dir='ltr'>SCtis</span> <span class='ocrx_word' id='word_1_273' title='bbox 1661 2475 1761 2503; x_wconf 93' lang='lat' dir='ltr'>con-</span> 
     </span>
     <span class='ocr_line' id='line_1_34' title="bbox 165 2531 1758 2585; baseline 0 -12"><span class='ocrx_word' id='word_1_274' title='bbox 165 2534 314 2574; x_wconf 86' lang='lat' dir='ltr'>stituta</span> <span class='ocrx_word' id='word_1_275' title='bbox 347 2533 477 2574; x_wconf 84' lang='lat' dir='ltr'>fuisse</span> <span class='ocrx_word' id='word_1_276' title='bbox 511 2533 669 2573; x_wconf 89' lang='lat' dir='ltr'>scimus</span> <span class='ocrx_word' id='word_1_277' title='bbox 703 2531 805 2585; x_wconf 83' lang='lat' dir='ltr'>(vid.</span> <span class='ocrx_word' id='word_1_278' title='bbox 838 2547 878 2574; x_wconf 82' lang='lat' dir='ltr'>v.</span> <span class='ocrx_word' id='word_1_279' title='bbox 913 2547 947 2574; x_wconf 92' lang='lat' dir='ltr'>c.</span> <span class='ocrx_word' id='word_1_280' title='bbox 980 2534 1138 2574; x_wconf 89' lang='lat' dir='ltr'>Ascon.</span> <span class='ocrx_word' id='word_1_281' title='bbox 1172 2532 1215 2573; x_wconf 91' lang='lat' dir='ltr'>in</span> <span class='ocrx_word' id='word_1_282' title='bbox 1247 2534 1355 2574; x_wconf 87' lang='lat' dir='ltr'>orat.</span> <span class='ocrx_word' id='word_1_283' title='bbox 1388 2546 1467 2585; x_wconf 90' lang='lat' dir='ltr'>pro</span> <span class='ocrx_word' id='word_1_284' title='bbox 1493 2532 1618 2574; x_wconf 88' lang='lat' dir='ltr'>Corn.</span> <span class='ocrx_word' id='word_1_285' title='bbox 1644 2546 1686 2585; x_wconf 89' lang='lat' dir='ltr'>p.</span> <span class='ocrx_word' id='word_1_286' title='bbox 1706 2532 1758 2573; x_wconf 84' lang='lat'>91</span> 
     </span>
     <span class='ocr_line' id='line_1_35' title="bbox 165 2591 1795 2656; baseline -0.001 -12"><span class='ocrx_word' id='word_1_287' title='bbox 165 2604 280 2653; x_wconf 90' lang='lat' dir='ltr'>Hot.,</span> <span class='ocrx_word' id='word_1_288' title='bbox 315 2591 491 2644; x_wconf 48' lang='lat' dir='ltr'>Cicsad</span> <span class='ocrx_word' id='word_1_289' title='bbox 514 2603 643 2644; x_wconf 89' lang='lat' dir='ltr'>Attic.</span> <span class='ocrx_word' id='word_1_290' title='bbox 677 2604 724 2653; x_wconf 93' lang='lat' dir='ltr'>V,</span> <span class='ocrx_word' id='word_1_291' title='bbox 760 2604 828 2654; x_wconf 73' lang='lat'>21,</span> <span class='ocrx_word' id='word_1_292' title='bbox 862 2604 929 2655; x_wconf 90' lang='lat' dir='ltr'>VI,</span> <span class='ocrx_word' id='word_1_293' title='bbox 966 2607 1002 2654; x_wconf 85' lang='lat'>1,</span> <span class='ocrx_word' id='word_1_294' title='bbox 1037 2602 1095 2656; x_wconf 78' lang='lat'>2),</span> <span class='ocrx_word' id='word_1_295' title='bbox 1129 2605 1258 2656; x_wconf 86' lang='lat' dir='ltr'>atque</span> <span class='ocrx_word' id='word_1_296' title='bbox 1292 2603 1336 2643; x_wconf 89' lang='lat' dir='ltr'>in</span> <span class='ocrx_word' id='word_1_297' title='bbox 1368 2603 1417 2644; x_wconf 91' lang='lat' dir='ltr'>iis</span> <span class='ocrx_word' id='word_1_298' title='bbox 1447 2603 1588 2644; x_wconf 89' lang='lat' dir='ltr'>causis</span> <span class='ocrx_word' id='word_1_299' title='bbox 1613 2602 1761 2644; x_wconf 88' lang='lat' dir='ltr'>Cicero</span> <span class='ocrx_word' id='word_1_300' title='bbox 1792 2610 1795 2614; x_wconf 74' lang='grc'><strong><em>’</em></strong></span> 
     </span>
    </p>
   </div>
   <div class='ocr_carea' id='block_1_3' title="bbox 203 2788 1760 3002">
    <p class='ocr_par' dir='ltr' id='par_1_4' title="bbox 203 2788 1760 3002">
     <span class='ocr_line' id='line_1_36' title="bbox 203 2788 1760 2835; baseline -0.001 -10"><span class='ocrx_word' id='word_1_301' title='bbox 203 2789 232 2833; x_wconf 81' lang='lat'>¹)</span> <span class='ocrx_word' id='word_1_302' title='bbox 258 2790 324 2834; x_wconf 86' lang='lat' dir='ltr'>[Ea</span> <span class='ocrx_word' id='word_1_303' title='bbox 348 2791 385 2824; x_wconf 90' lang='lat' dir='ltr'>in</span> <span class='ocrx_word' id='word_1_304' title='bbox 413 2791 479 2824; x_wconf 83' lang='lat' dir='ltr'>hac</span> <span class='ocrx_word' id='word_1_305' title='bbox 506 2790 663 2824; x_wconf 84' lang='lat' dir='ltr'>editione</span> <span class='ocrx_word' id='word_1_306' title='bbox 689 2791 764 2824; x_wconf 81' lang='lat' dir='ltr'>fere</span> <span class='ocrx_word' id='word_1_307' title='bbox 797 2792 950 2825; x_wconf 86' lang='lat' dir='ltr'>delenda</span> <span class='ocrx_word' id='word_1_308' title='bbox 976 2788 1129 2835; x_wconf 73' lang='lat' dir='ltr'>putavi]</span> <span class='ocrx_word' id='word_1_309' title='bbox 1172 2790 1320 2824; x_wconf 87' lang='lat' dir='ltr'>Codices</span> <span class='ocrx_word' id='word_1_310' title='bbox 1346 2790 1547 2834; x_wconf 82' lang='lat' dir='ltr'>praecipuos</span> <span class='ocrx_word' id='word_1_311' title='bbox 1573 2789 1760 2824; x_wconf 85' lang='lat' dir='ltr'>brevitatis</span> 
     </span>
     <span class='ocr_line' id='line_1_37' title="bbox 259 2849 1758 2894; baseline -0.001 -10"><span class='ocrx_word' id='word_1_312' title='bbox 259 2861 369 2884; x_wconf 83' lang='lat' dir='ltr'>causa</span> <span class='ocrx_word' id='word_1_313' title='bbox 405 2850 455 2883; x_wconf 88' lang='lat' dir='ltr'>sic</span> <span class='ocrx_word' id='word_1_314' title='bbox 492 2850 637 2890; x_wconf 84' lang='lat' dir='ltr'>notabo,</span> <span class='ocrx_word' id='word_1_315' title='bbox 677 2853 717 2883; x_wconf 88' lang='lat' dir='ltr'>ut</span> <span class='ocrx_word' id='word_1_316' title='bbox 749 2850 780 2883; x_wconf 89' lang='lat' dir='ltr'><strong>A</strong></span> <span class='ocrx_word' id='word_1_317' title='bbox 812 2850 1049 2894; x_wconf 77' lang='lat' dir='ltr'>intelligatur,</span> <span class='ocrx_word' id='word_1_318' title='bbox 1088 2849 1399 2893; x_wconf 85' lang='lat' dir='ltr'>quemadmodum</span> <span class='ocrx_word' id='word_1_319' title='bbox 1437 2850 1533 2893; x_wconf 81' lang='lat' dir='ltr'>apud</span> <span class='ocrx_word' id='word_1_320' title='bbox 1573 2849 1758 2890; x_wconf 88' lang='lat' dir='ltr'>Orellium,</span> 
     </span>
     <span class='ocr_line' id='line_1_38' title="bbox 259 2907 1759 2953; baseline -0.001 -10"><span class='ocrx_word' id='word_1_321' title='bbox 259 2909 452 2943; x_wconf 86' lang='lat' dir='ltr'>Bernensis</span> <span class='ocrx_word' id='word_1_322' title='bbox 484 2908 592 2952; x_wconf 88' lang='lat' dir='ltr'>prior,</span> <span class='ocrx_word' id='word_1_323' title='bbox 630 2908 658 2941; x_wconf 90' lang='lat' dir='ltr'>B</span> <span class='ocrx_word' id='word_1_324' title='bbox 691 2908 782 2942; x_wconf 85' lang='lat' dir='ltr'>alter</span> <span class='ocrx_word' id='word_1_325' title='bbox 813 2907 961 2951; x_wconf 85' lang='lat' dir='ltr'>(nullius</span> <span class='ocrx_word' id='word_1_326' title='bbox 994 2920 1059 2953; x_wconf 85' lang='lat' dir='ltr'>per</span> <span class='ocrx_word' id='word_1_327' title='bbox 1091 2919 1129 2942; x_wconf 88' lang='lat' dir='ltr'>se</span> <span class='ocrx_word' id='word_1_328' title='bbox 1162 2907 1364 2950; x_wconf 86' lang='lat' dir='ltr'>momenti),</span> <span class='ocrx_word' id='word_1_329' title='bbox 1402 2908 1428 2942; x_wconf 91' lang='lat' dir='ltr'><strong>E</strong></span> <span class='ocrx_word' id='word_1_330' title='bbox 1463 2908 1693 2949; x_wconf 86' lang='lat' dir='ltr'>Erfurtensis,</span> <span class='ocrx_word' id='word_1_331' title='bbox 1732 2907 1759 2941; x_wconf 92' lang='lat' dir='ltr'>P</span> 
     </span>
     <span class='ocr_line' id='line_1_39' title="bbox 258 2967 482 3002; baseline 0 -1"><span class='ocrx_word' id='word_1_332' title='bbox 258 2967 482 3002; x_wconf 82' lang='lat' dir='ltr'>Parisiensis.</span> 
     </span>
    </p>
   </div>
  </div>
 </body>
</html>
