1915 3235
163 251 261 285 Coni.
296 255 332 285 et
361 251 562 286 infinitivus
595 253 631 286 in
663 253 858 297 interroga-

161 310 320 344 tionibus
345 311 518 345 orationis
542 311 698 355 obliquae
716 313 758 353 ΙΙ,
790 311 858 346 208

162 380 238 413 sqq.
295 369 394 403 Coni.
428 369 493 403 fut.
529 371 644 404 exacti
676 371 745 405 vid.
772 373 856 406 Fut.

162 429 231 462 Ex.

114 487 393 521 Coniunctiones
419 488 632 532 copulativae
665 493 706 531 et,
741 493 855 532 atque,

160 558 202 580 ae
227 549 430 580 extremum
459 547 666 581 membrum
697 557 770 581 non
797 548 856 581 ad-

159 605 324 649 iungunt,
359 605 389 639 si
413 605 534 650 priora
559 606 734 649 asyndeta
759 610 854 647 sunt,

160 663 238 704 134,
266 664 345 705 173,
372 663 547 705 333-38,
575 665 618 705 ΙΙ,
644 664 689 697 23
716 669 751 698 et
774 664 853 698 274.

158 723 328 766 Exceptio
381 723 418 756 in
469 723 631 757 oratione
682 727 854 767 quattuor

158 782 405 815 membrorum
435 781 513 815 338.

111 839 339 874 Connuhium
385 851 468 874 cum
507 841 681 875 Romanis
719 841 852 876 hahue-

158 902 243 933 runt
260 899 378 932 Latini
396 899 536 943 antiqui
553 898 622 933 220
642 902 728 940 not..
753 899 854 933 Cam-

158 958 243 1000 pani
268 957 335 991 241
355 962 428 992 not.
448 958 479 999 2,
506 957 575 991 243
601 962 675 992 not.

115 1017 289 1060 Conseqm‘
313 1019 458 1051 dicendo
492 1021 527 1051 et
555 1020 591 1051 in
617 1019 763 1051 dicendo
789 1017 853 1051 dif-

157 1076 280 1109 ferunt
305 1075 383 1109 128.

115 1135 246 1168 Consul
270 1145 335 1178 pro
366 1136 582 1178 proconsule
615 1135 745 1169 dicitur
776 1138 853 1169 tan-

158 1196 236 1226 turn
263 1193 443 1228 oblivione
469 1195 511 1232 II,
539 1194 581 1227 51
610 1198 683 1228 not.

110 1252 296 1286 Cornelius
315 1253 433 1297 Nepos
458 1254 614 1287 vitarum
637 1253 789 1297 scriptor
809 1254 852 1294 ΙΙ,
906 1281 907 1287 ,

158 1310 224 1344 123
250 1315 323 1345 not.

109 1370 296 1404 Cornelius
320 1371 438 1404 Rufus
465 1375 571 1414 poeta
598 1371 702 1405 fictus
729 1371 784 1405 21.

110 1429 200 1463 Cosa
225 1429 404 1469 Lucaniae,
431 1441 503 1463 non
522 1430 684 1471 Etruriae,
712 1431 853 1464 colonia

156 1487 225 1521 298
250 1492 323 1522 not.

110 1546 239 1581 Critica
273 1548 432 1591 pravitas
473 1548 508 1581 in
547 1549 641 1582 male
679 1548 851 1592 interpre-

156 1607 267 1640 tando
294 1610 328 1640 et
355 1598 556 1641 enarrando
583 1607 625 1642 Π.
660 1607 738 1642 113.
773 1607 851 1648 194,

156 1664 224 1697 319
250 1676 338 1709 sqq,
365 1664 444 1699 325.

450 1819 499 1859 D.

107 1900 206 1932 Dare
231 1911 266 1933 se
292 1900 333 1939 ΙΙ,
362 1900 419 1934 15.

107 1959 273 1992 Decurioe
303 1958 464 1993 iudicum
493 1960 535 2000 ΙΙ,
569 1959 637 1993 256
663 1964 749 2001 not,
782 1959 848 1993 261

155 2028 230 2061 sqq.
258 2021 294 2051 et
318 2021 393 2051 not.
420 2019 616 2052 Decuriam
641 2030 752 2052 emere
778 2019 849 2053 ibd.

107 2077 264 2118 Defendo
301 2088 355 2110 me
390 2079 530 2119 fecisse.
570 2088 641 2111 non
681 2079 850 2120 defendor

151 2136 276 2178 fecisse
301 2135 379 2169 509.

105 2194 441 2228 Demonstrativum
496 2206 598 2239 pron.
646 2196 848 2230 subiectum

153 2264 218 2296 pro
244 2253 394 2288 relativo
421 2254 463 2295 Π,
500 2253 577 2288 178.
628 2254 667 2287 Ei
694 2255 849 2288 relatum

154 2323 249 2353 nam,
285 2314 376 2346 enim
402 2313 444 2348 Π.
477 2312 555 2346 286.
606 2313 684 2346 vid.
714 2315 849 2348 Prono-

154 2382 242 2404 men.

106 2429 265 2473 Denique
290 2430 416 2464 vitiose
443 2430 603 2474 positum
632 2430 708 2464 179.

106 2488 332 2531 Deponentia
358 2489 510 2522 activam
545 2489 748 2533 imperativi
781 2490 848 2523 for-

153 2557 252 2580 mam
277 2547 449 2580 habentia
474 2548 516 2589 II,
543 2547 622 2582 241.

105 2606 244 2648 Deputo
270 2605 472 2649 antiquum,
500 2617 572 2639 non
599 2605 668 2639 Cic.
696 2605 738 2645 II,
769 2604 822 2638 11.

105 2664 299 2706 Derepente
323 2675 397 2698 non
423 2664 698 2698 Ciceronianum
726 2662 803 2696 198.

105 2723 277 2756 Desertus
301 2733 374 2757 non
400 2726 454 2756 est
479 2725 601 2756 inanis
625 2721 704 2755 470.

106 2781 210 2815 Dicto
235 2782 396 2815 obediens
422 2782 617 2815 barbarum
644 2781 686 2820 ΙΙ,
713 2780 791 2813 313.

105 2840 276 2882 Diynitas
302 2839 380 2874 140.

106 2898 266 2940 Dignum
289 2901 344 2932 rei
368 2897 475 2942 (gen.)
501 2909 573 2932 non
601 2897 669 2932 Cic.
697 2898 739 2938 II,
768 2898 822 2931 15.

106 2956 297 2999 Dionysius
343 2957 670 2992 Halicarnassensis
716 2967 846 3000 parum

867 126 947 167 761

1014 255 1164 300 diligens
1198 256 1236 290 111
1275 256 1483 291 notionibus
1522 256 1609 291 iuris
1646 267 1709 300 pu-

1013 314 1097 348 blici
1117 313 1187 347 222
1202 327 1279 359 sqq.
1303 319 1337 350 et
1357 319 1431 350 not.
1481 315 1566 349 Eius
1591 315 1709 349 rheto-

1013 373 1095 407 ricae
1120 374 1265 418 ineptiae
1291 373 1361 407 250
1387 378 1422 408 et
1447 378 1520 408 not.

964 433 1139 466 Distincte
1164 435 1338 467 disserere
1363 433 1405 475 11,
1434 433 1512 467 137.

965 493 1222 534 Διττογραᾳίαι
1247 492 1284 526 in
1311 492 1493 526 codicibus
1518 491 1597 525 455.

965 550 1118 589 Diversi,
1151 561 1285 594 pravus
1317 562 1404 584 usus
1436 551 1602 584 vocabuli
1627 549 1706 584 206.

1011 609 1163 642 Diversa
1189 614 1292 645 parte
1317 609 1359 650 II,
1388 609 1455 642 195
1481 613 1553 643 not.

963 667 1074 700 Doris
1100 678 1233 701 nomen
1260 668 1398 701 ancillae
1425 668 1479 702 52.

963 726 1162 759 Ducenarii
1192 726 1328 760 iudices
1360 726 1513 770 Augusti
1545 729 1707 770 tempore

1010 784 1052 823 II,
1079 783 1148 817 255
1174 789 1259 825 not„
1286 784 1354 818 256
1381 789 1453 819 not.

963 843 1063 877 Duco
1096 854 1160 886 pro
1180 849 1270 886 puto
1303 855 1375 877 non
1408 844 1543 887 ubique
1576 844 1706 878 dicitur

1009 900 1089 935 409.

963 960 1057 992 Dum
1090 960 1126 993 in
1160 972 1267 994 causa
1300 961 1535 1005 significanda
1559 962 1605 995 35
1631 966 1704 996 not.

1235 1115 1350 1155 VE.

963 1196 999 1228 E
1021 1207 1057 1228 re
1078 1208 1115 1238 l).
1143 1202 1202 1239 est,
1232 1202 1268 1229 ut
1293 1207 1365 1229 non
1392 1196 1521 1229 dicitur
1546 1196 1625 1230 479.

962 1255 1096 1287 Eadem
1126 1266 1208 1288 cum
1234 1255 1356 1289 futuro
1383 1259 1508 1289 exacto
1535 1257 1577 1297 ΙΙ,
1604 1256 1658 1290 90.

962 1312 1133 1355 Egnatius
1161 1314 1261 1347 Celer
1286 1314 1472 1348 Tarsensis
1498 1314 1544 1347 45
1569 1326 1646 1359 sqq.

962 1372 1103 1415 Ellipsis
1136 1372 1237 1406 verbi
1263 1372 1347 1413 205:
1386 1373 1422 1406 in
1456 1374 1591 1417 protasi
1616 1373 1701 1413 360;

1009 1430 1105 1463 vocis
1133 1442 1190 1464 res
1215 1431 1419 1475 improbata
1444 1432 1514 1465 360
1539 1436 1612 1467 not.
1632 1435 1638 1436 ⁷

961 1490 1088 1522 Emere
1113 1491 1295 1523 decuriam
1322 1502 1353 1524 v.
1380 1492 1553 1525 Decurioe.

962 1549 1091 1581 Emittz'
1116 1552 1150 1581 et
1176 1551 1263 1582 eniti
1288 1548 1365 1583 502.

961 1607 1097 1640 Ennius
1136 1608 1221 1641 civis
1253 1608 1357 1641 Rom.
1390 1608 1475 1648 253;
1515 1620 1586 1642 non
1619 1620 1701 1643 cum

1008 1665 1155 1708 Quintio
1187 1666 1389 1700 Flaminino
1422 1667 1634 1702 coniunctus
1660 1669 1701 1709 II,

1008 1723 1073 1757 291
1103 1735 1180 1767 sqq.

960 1782 1103 1826 Epicuri
1130 1784 1326 1827 disputatio
1353 1785 1396 1818 de
1423 1785 1590 1819 universo
1626 1786 1701 1819 infi-

1007 1842 1082 1875 nito
1109 1842 1177 1874 312
1203 1854 1280 1886 sqq.

960 1902 1133 1944 Equidem
1160 1912 1242 1935 cum
1267 1902 1398 1945 plurali
1427 1914 1499 1936 non
1526 1903 1700 1938 Ciceroni-

1007 1971 1119 1993 anum
1144 1960 1223 1994 497.

959 2019 1105 2062 Equites
1141 2020 1298 2053 Romani
1336 2031 1524 2064 nunquam
1560 2021 1700 2055 heredi-

1006 2078 1087 2111 tarii
1126 2078 1262 2112 781101.
1285 2077 1316 2111 3.
1386 2079 1533 2122 Equites
1579 2091 1699 2121 censu,

1006 2147 1077 2169 non
1105 2137 1223 2170 solum
1249 2148 1342 2180 equo
1373 2138 1517 2181 publico
1544 2139 1585 2178 ΙΙ,
1618 2138 1698 2173 254.

1006 2195 1138 2228 Eorum
1154 2196 1300 2229 nomine
1318 2196 1453 2230 tribuni
1472 2197 1587 2231 aerarii
1605 2208 1699 2231 com-

1004 2254 1173 2297 prehensi
1200 2255 1241 2295 11,
1269 2254 1336 2287 244
1363 2258 1448 2296 not.‚
1475 2254 1543 2288 256
1569 2267 1646 2300 sqq.

958 2313 1129 2356 Equitum
1155 2313 1326 2346 centuriae
1352 2325 1383 2347 v.
1416 2315 1604 2348 Centurioe.

956 2371 1080 2414 Equus
1115 2372 1281 2415 publicus
1317 2373 1416 2406 oneri
1449 2373 1516 2406 fuit
1551 2373 1595 2406 83
1621 2385 1697 2417 sqq.

1005 2430 1187 2472 Quamdiu
1213 2431 1413 2474 antiquitus
1439 2435 1601 2465 retentus
1624 2432 1697 2466 fue-

1005 2488 1050 2522 rit
1079 2488 1124 2521 80
1149 2500 1225 2532 sqq.

957 2549 1032 2590 Est,
1059 2549 1228 2582 donatust
1253 2559 1317 2592 pro
1343 2550 1497 2583 donatus
1522 2554 1581 2583 est.
1620 2550 1696 2590 Est,

1003 2606 1177 2649 scriptum
1211 2613 1253 2648 st,
1286 2607 1427 2641 transiit
1459 2607 1494 2641 in
1528 2610 1584 2650 sit,
1615 2609 1696 2650 fuit,

1004 2665 1047 2698 al.
1075 2665 1116 2705 11,
1150 2664 1218 2697 222
1252 2669 1288 2699 et
1313 2669 1386 2699 not.
1450 2667 1525 2708 Est,
1559 2671 1598 2699 ut
1628 2665 1696 2698 484

1004 2726 1076 2756 not.

956 2783 1003 2815 Et
1037 2782 1130 2816 inter
1167 2782 1422 2826 imperativum
1461 2786 1496 2816 et
1533 2783 1696 2817 futurum

1002 2851 1074 2874 non
1101 2841 1281 2885 interponi
1307 2841 1453 2874 solitum
1486 2841 1582 2884 apud
1608 2841 1696 2875 anti-

1003 2899 1156 2942 quiores,
1199 2900 1451 2943 interpositum
1491 2910 1511 2932 a
1548 2899 1695 2943 posteri-

1002 2957 1123 2991 oribus
1155 2958 1206 2997 11,
1245 2957 1321 2991 161.
1385 2959 1433 2991 Et
1469 2957 1593 2991 durius
1630 2969 1695 3001 pro
