1915 3235
135 1540 187 1563 415«)

967 118 1050 159 356

209 252 404 300 ficentur,
446 249 547 304 quid
579 249 743 301 deinde,
784 247 886 302 quid
918 248 1106 303 denique,
1155 261 1288 301 quum
1320 240 1470 290 tamen
1501 249 1584 290 illae
1616 250 1807 302 reliquiae

210 322 336 362 nullae
371 334 464 361 esse
498 320 665 373 possint
688 320 769 360 nisi
794 332 918 360 novae
945 331 1043 360 cum
1068 319 1316 360 consulibus
1342 319 1654 361 dimicationes.
1702 320 1809 361 Haec

208 391 482 433 incommoda
527 390 783 438 Gulielmus,
834 403 967 442 quum
1018 390 1109 430 sine
1153 389 1284 431 dubio
1328 389 1371 430 in
1415 390 1507 431 cod.
1552 391 1594 432 S.
1628 391 1808 432 Victoris

207 463 483 515 repperisset,
518 461 633 513 quod
666 460 708 501 in
732 460 830 501 Par.
858 463 936 510 est⁷
970 474 1056 501 non
1089 461 1190 515 quid
1223 461 1411 515 demque,
1446 461 1523 501 sed
1556 461 1664 516 quod
1695 462 1810 502 deni-

208 548 295 589 que,
344 533 565 574 lenissima
607 532 847 572 mutatione
890 532 1093 572 removit:
1146 532 1257 582 Quid
1289 532 1472 572 demde?
1518 533 1610 586 quis
1648 533 1811 587 reliqua

202 604 458 658 prwstaret?
502 604 569 643 cui
608 603 783 657 denique
816 607 907 642 erat
939 602 1111 642 dubium
1145 605 1224 643 cet.
1289 603 1351 643 Ex
1383 604 1479 657 quoi
1513 603 1689 658 (lenique
1721 603 1811 644 fac-

208 678 299 716 tum
333 677 398 715 est
430 688 507 728 quo
540 673 716 727 (lenique
749 672 842 725 (cfr.
877 672 899 725 ἓ
933 674 988 714 63
1023 673 1146 715 codd.
1180 674 1293 723 Par.7
1327 673 1468 722 Bern„
1522 672 1663 726 Oxx.)‚
1712 674 1811 714 inde

208 746 316 801 qaod
348 746 536 800 derziwe,
585 747 677 785 tum
718 744 820 798 quid
859 744 1047 798 denique.
1111 744 1276 784 Deinde
1316 743 1593 785 scribendum
1635 757 1728 786 esse
1762 757 1813 785 ex

208 818 354 858 codice
386 817 616 857 Vaticano:
665 829 792 870 (ptum
835 815 1009 869 quidmn
1052 814 1147 867 (pro
1190 813 1374 869 quidem)
1417 816 1462 855 m
1507 816 1690 856 contione
1722 815 1814 855 diae-

209 889 316 937 isset,
350 889 437 928 iam
472 900 495 927 a
529 887 695 928 Klotzio
728 887 941 927 monitum
975 889 1059 927 est:
1093 885 1136 926 in
1169 886 1345 938 vulgata
1369 886 1615 927 subiectum
1638 899 1815 939 prorsus

211 960 359 1000 vitiose
393 959 528 999 deest.

327 1029 530 1082 Sequitur
577 1028 690 1080 §44
738 1029 856 1069 locus
914 1027 970 1068 ad
1025 1027 1213 1080 speciem
1270 1028 1522 1080 gravissime
1574 1030 1814 1080 corruptus,

207 1114 335 1153 quem
385 1100 568 1141 Orellius
616 1099 675 1140 sic
724 1099 877 1140 edidit:
930 1098 1019 1153 Esl‘)
1060 1112 1167 1150 vero,
1216 1099 1253 1139 si
1293 1098 1400 1139 mihi
1438 1099 1514 1139 ‘mnf
1550 1098 1815 1152 pereundum

204 1172 367 1224 fuisset,
415 1186 463 1212 ac
505 1185 588 1211 non
627 1170 873 1224 (accipienda
914 1170 978 1209 'rei
1002 1169 1184 1222 publica}
1216 1170 1353 1224 playa
1384 1169 1638 1210 insanabilis
1673 1170 1746 1210 illa
1780 1174 1816 1210 et

209 1242 450 1295 mms‘tlfera,
500 1257 625 1297 (lucem
674 1243 710 1283 ei
758 1242 1030 1295 iwzposuisset‚
1079 1241 1202 1281 semel
1241 1242 1386 1294 perire
1434 1246 1595 1291 tamnen,
1644 1241 1814 1293 imliees,

207 1314 446 1353 ‘rizcclzcissem
494 1326 620 1368 (suam
664 1313 724 1354 bis
768 1314 944 1353 vincere.
1021 1312 1165 1364 Longe
1208 1311 1288 1361 hic,
1338 1314 1385 1352 ut
1428 1312 1516 1353 fere
1564 1312 1740 1365 reliqui,
1791 1325 1814 1353 a

208 1385 404 1425 codicum
452 1385 641 1438 vestigiis
690 1384 853 1426 recedit
899 1396 978 1424 nec
1026 1386 1175 1423 tamen
1230 1382 1491 1423 sententiam
1542 1383 1816 1435 probabilem

208 1457 466 1509 assequitur.
530 1456 601 1496 Bis
635 1455 716 1496 sibi
749 1455 1009 1496 vincendum
1051 1454 1181 1494 fuisse
1222 1453 1370 1494 Cicero
1411 1453 1592 1503 dixerat,
1643 1455 1678 1495 si
1718 1454 1815 1496 Clo-

209 1528 337 1568 diano
370 1527 547 1579 impetui
590 1525 790 1567 resistere
831 1528 873 1566 et
912 1538 1138 1566 remanere
1178 1524 1221 1564 in
1260 1524 1402 1576 patria
1441 1525 1661 1566 voluisset.
1724 1526 1815 1566 Iam

208 1598 311 1651 quid
344 1598 491 1639 addit?
545 1597 610 1647 „Si
645 1597 749 1638 mihi
782 1597 856 1637 uni
888 1595 1159 1649 pereundum
1194 1595 1357 1639 fuisset,
1393 1608 1443 1636 ac
1476 1609 1564 1637 non
1596 1597 1723 1637 simul
1756 1597 1816 1638 rei

208 1670 405 1722 publicae,
446 1674 586 1709 tamen
618 1669 758 1721 perire
791 1667 1081 1708 inaluisse1n.“
1151 1666 1245 1716 Quo
1286 1667 1402 1707 istud
1441 1670 1612 1720 spectat
1650 1670 1815 1709 tcmnen?

207 1741 420 1793 Apertum
455 1743 521 1781 est
554 1740 682 1788 enim7
716 1742 809 1780 tum
853 1738 918 1779 vel
958 1739 1146 1778 maxime
1180 1738 1431 1778 obeundum
1464 1738 1651 1779 libenter
1683 1739 1815 1779 inter-

208 1813 314 1852 itum
356 1811 509 1861 fuisse⁷
560 1811 595 1852 si
648 1810 774 1851 unius
824 1809 958 1862 ipsius
1003 1809 1154 1849 fuisset
1196 1822 1275 1849 nec
1320 1809 1573 1850 coniunctus
1618 1822 1716 1850 cum
1756 1810 1817 1851 rei

208 1883 392 1935 publicae
441 1882 643 1935 pernicie.
708 1882 857 1934 Itaque
906 1882 1000 1921 haec
1046 1893 1134 1921 non
1183 1880 1415 1921 cohaerent.
1484 1881 1573 1921 Nec
1623 1881 1814 1930 meliora,

208 1967 305 2005 quae
339 1954 469 1994 ceteri
502 1955 685 2001 tentant,
719 1955 878 2005 praeter
902 1952 1176 2000 Lambinum,
1212 1951 1283 2003 qui
1310 1951 1498 2003 aliquam
1531 1954 1701 2004 partem
1726 1951 1816 1993 veri

209 2025 327 2065 vidit.
391 2024 503 2065 Nam
537 2037 669 2076 quum
703 2023 876 2075 gravius
910 2022 1073 2075 aliquid
1106 2022 1456 2074 subiungendum
1492 2025 1649 2075 putent
1680 2023 1815 2075 parti-

209 2096 313 2136 culis
358 2110 406 2135 (ισ
448 2109 541 2144 non,
592 2094 796 2140 efficiunt,
846 2096 893 2134 ut
936 2093 1099 2134 exitum
1143 2106 1231 2133 non
1274 2093 1435 2134 habeat
1479 2096 1674 2134 extrema
1713 2106 1815 2146 pars

208 2167 449 2213 sententiae„
499 2179 597 2218 quae
637 2166 718 2206 hoc
752 2164 833 2205 dici
867 2164 1079 2217 postulat:
1129 2163 1309 2204 Etiamsi
1341 2164 1598 2216 gravissima
1631 2176 1815 2216 quaeque

209 2237 430 2288 proposita
480 2236 663 2278 fuissent
712 2235 779 2288 (ac
826 2248 913 2276 non
968 2235 1129 2276 leviora
1176 2233 1352 2286 multo),
1409 2238 1557 2275 tamen
1611 2234 1813 2275 libentius

209 2309 394 2348 mortem
428 2307 706 2360 oppetissem,
748 2319 880 2359 quam
922 2318 1020 2346 cum
1054 2305 1114 2346 rei
1147 2305 1332 2357 publicae
1365 2305 1555 2357 pernicie
1590 2305 1655 2346 bis
1688 2305 1814 2346 vicis-

210 2392 316 2419 sem.
380 2379 544 2419 Deinde
577 2391 664 2419 non
705 2377 865 2426 dicunt⁷
916 2389 1001 2428 quo
1041 2376 1232 2417 referant
1270 2376 1388 2417 illam
1430 2376 1727 2417 condicionem
1761 2374 1815 2429 (si

210 2448 323 2501 cet),
373 2452 519 2490 utrum
566 2448 761 2489 manenti
808 2460 858 2488 ac
900 2447 1173 2500 repugnanti,
1223 2460 1279 2487 an
1327 2447 1495 2487 cedenti
1543 2447 1814 2499 pereundum

209 2519 341 2560 fuisse
376 2522 543 2572 putent.
592 2519 802 2559 Videntur
834 2520 983 2558 tamen
1016 2518 1105 2558 fere
1127 2518 1269 2570 priore
1292 2518 1422 2559 modo
1445 2518 1655 2570 accipere,
1689 2531 1812 2570 pror-

209 2604 282 2630 sus
315 2603 531 2642 perverse.
595 2590 739 2640 Quum
780 2589 894 2630 enim
936 2593 1009 2629 aut
1048 2588 1290 2629 cedendum
1333 2593 1418 2638 aut,
1460 2589 1495 2628 si
1534 2590 1809 2641 repugnaret,

210 2661 276 2701 bis
316 2661 575 2701 vincendum
616 2663 742 2709 esset⁷
791 2660 873 2700 hoc
916 2659 1161 2700 necessario
1205 2658 1326 2699 dicit:
1376 2658 1557 2699 Etiamsi
1601 2659 1684 2699 ista
1727 2659 1813 2699 dis-

211 2732 347 2772 cessio
380 2732 578 2771 interitus
612 2731 777 2779 fuisset,
819 2735 958 2770 tamen
990 2729 1211 2770 interitum
1252 2742 1399 2769 meum
1433 2729 1592 2782 duplici
1624 2729 1813 2770 victoriae

209 2802 382 2854 publice
416 2801 679 2842 calamitosae
719 2801 1020 2853 praetulissem.
1085 2800 1171 2841 Sed
1217 2801 1356 2840 totum
1406 2802 1470 2840 est
1517 2800 1598 2841 hoc
1637 2812 1812 2852 prorsus
1866 2805 1870 2813 “

210 2873 508 2924 nugatorium:
549 2872 615 2921 „Si
648 2871 753 2912 mihi
786 2871 1044 2924 repugnanti
1068 2870 1336 2923 pereundum
1363 2872 1527 2921 suisset,
1562 2870 1812 2911 maluissem

210 2943 352 2995 perire
386 2955 517 2995 quam
550 2942 615 2983 bis
650 2942 858 2982 Vince1·e.“
927 2941 1055 2991 Sane⁷
1089 2942 1124 2982 si
1153 2941 1424 2994 pereundum
1456 2944 1562 2991 erat,
1597 2954 1683 2982 non
1706 2942 1810 2989 erat,
