1915 3235
837 124 924 166 485

211 254 323 295 Huic
354 253 498 295 futuro
531 253 787 295 coniunctivi
818 254 957 295 activo
988 256 1137 295 notum
1172 255 1236 294 est
1266 254 1311 294 in
1340 253 1514 306 passiva
1538 253 1675 295 forma
1696 265 1746 290 106

95 325 136 366 in
166 324 353 365 vetando
384 323 646 376 respondere
677 337 727 364 ue
758 329 977 365 commotus
1009 325 1066 366 sis
1097 326 1140 365 et
1173 324 1327 365 similia
1367 323 1468 377 (vid.
1501 324 1675 365 Terent.
1696 336 1746 360 107

98 394 257 436 Heaut.
275 394 342 444 IV,
375 394 403 434 4
426 392 500 447 (6),
535 393 604 444 22,
636 394 812 435 Phorm.
829 395 896 445 ΙΙΙ,
920 395 947 436 2
965 392 1040 448 (5),
1065 395 1134 445 29,
1167 394 1252 436 Cic.
1273 408 1350 448 pro
1373 394 1481 436 Mur.
1505 394 1573 445 31,
1607 394 1676 444 65,

93 465 149 507 ad
179 465 299 507 Fam.
317 464 404 514 VII,
439 464 506 510 18.
540 464 579 515 3,
614 464 669 505 ad
700 464 790 522 Att.
808 465 856 515 ΙΙ,
891 465 960 515 24,
997 466 1033 516 1,
1067 465 1123 506 ad
1145 464 1226 515 Qu.
1249 465 1317 506 Fr.
1335 465 1384 514 II,
1420 464 1474 505 12
1497 463 1603 518 (10),
1636 465 1676 514 5,

91 536 180 577 Liv.
213 536 262 586 V,
295 535 365 585 53,
398 534 437 584 3,
471 534 540 584 IX,
577 534 627 575 11
664 537 770 576 extr.
803 534 1007 588 (moratus
1037 536 1091 576 sit
1122 533 1277 588 uemo);
1316 548 1412 576 neve
1441 535 1579 587 fueris
1613 548 1677 575 as-

93 619 248 656 sensus,
282 605 367 647 Cic.
394 604 531 646 Acad2
554 603 637 656 Hg
666 605 768 654 125;
800 620 851 646 ue
882 611 1021 647 tamen
1051 607 1221 647 territus
1250 605 1400 659 fueris,
1435 605 1538 647 Tac.
1563 604 1676 646 Hist.

90 676 121 727 I,
157 676 233 725 163
280 689 330 716 ue
359 676 531 729 ptyrere
571 676 688 728 apud
721 676 806 717 Cic.
846 677 902 718 ad
933 677 1022 718 Att.
1054 677 1161 727 XIV,
1205 677 1225 717 1
1267 676 1428 729 pendet
1465 689 1492 717 a
1529 689 1678 731 quaeso,

93 746 208 800 quod
238 744 476 799 praecedit).
538 745 583 786 Id
617 759 672 787 ne
704 760 831 799 quem
865 749 1136 788 commoveat
1165 749 1375 800 tanquam
1416 746 1473 788 ad
1513 746 1679 799 perfec-

92 819 185 859 tum
227 829 357 869 quam
401 816 456 857 ad
499 816 693 858 futurum
734 817 861 859 activi
894 817 1260 859 accommodatius
1307 841 1362 845 -—
1411 815 1679 870 (quanquam

189 1004 244 1039 Fr.
270 1004 330 1038 lib.
358 1005 384 1045 I,
416 1002 437 1036 4
464 1003 540 1037 init.
567 1003 751 1038 scribitur:
790 1005 927 1038 Amabo
953 1010 993 1048 te,
1028 1006 1077 1038 mi
1100 1006 1229 1048 frater,
1263 1016 1304 1038 ne
1329 1007 1500 1048 assiqnes,
1533 1004 1581 1038 ibi
1607 1015 1680 1038 non

185 1075 249 1108 per
274 1075 312 1098 se
337 1062 484 1108 ponitur
508 1074 551 1096 ne
583 1065 754 1105 assiqnes,
793 1063 855 1097 sed
887 1063 923 1096 in
956 1063 1124 1098 familiari
1155 1075 1321 1098 sermone
1353 1065 1487 1108 pendet
1519 1075 1540 1098 a
1570 1064 1680 1098 verbo

185 1123 323 1163 amabo,
362 1121 671 1166 quemadmodum
703 1122 799 1166 apud
832 1122 1003 1157 Plautum
1036 1126 1072 1157 et
1096 1123 1306 1157 Terentium
1333 1123 1463 1157 dicitur
1488 1123 1614 1157 amabo
1639 1128 1681 1166 te,

187 1186 223 1215 ut
247 1182 376 1224 facia-5.
427 1178 512 1222 [Cfr.
539 1180 584 1213 ad
611 1181 709 1214 Fam.
736 1181 809 1220 XV,
844 1181 899 1223 17,
925 1180 974 1224 4.]
1024 1182 1080 1216 Ad
1106 1182 1179 1216 Att.
1206 1182 1232 1223 I,
1266 1182 1321 1223 13,
1355 1182 1376 1215 3
1409 1180 1455 1224 (is
1484 1183 1556 1224 fuit
1578 1183 1682 1224 prin-

186 1251 274 1283 ceps,
314 1250 356 1273 ne
387 1244 427 1273 tu
454 1241 547 1282 forte
573 1241 727 1283 aliquem
753 1245 915 1274 nostrum
934 1239 1055 1284 putes)
1081 1241 1263 1284 quomodo
1289 1240 1507 1284 adiungatur
1533 1251 1584 1281 ne,
1623 1250 1682 1284 ap-

188 1301 291 1342 paret
317 1309 360 1332 ex
385 1298 438 1339 iis,
466 1309 546 1342 quae
573 1298 645 1332 dixi
671 1299 717 1332 ad
743 1298 813 1333 Cic.
840 1298 915 1333 Fin.
943 1299 974 1332 II
1000 1298 1021 1341 ξ
1048 1299 1101 1334 77.
1152 1298 1220 1342 [Βο
1244 1299 1334 1339 1000,
1367 1299 1429 1343 qui
1455 1302 1508 1333 est
1534 1299 1579 1334 ad
1608 1298 1681 1333 Att.

184 1357 277 1398 XIII,
303 1356 360 1400 49,
386 1356 407 1389 2
435 1354 514 1398 (tibi
538 1359 679 1398 mando,
712 1359 753 1391 de
780 1358 837 1392 illo
863 1363 984 1392 nostro
1010 1360 1191 1401 eoequc'ras,
1224 1359 1265 1391 de
1290 1369 1343 1391 me
1369 1370 1410 1393 ue
1435 1357 1586 1401 labores)
1612 1358 1683 1392 suf-

186 1415 260 1449 ficit
285 1415 484 1450 admonitio
510 1416 757 1460 Wesenbergii
783 1417 820 1451 in
846 1417 1052 1452 Emendatt.
1078 1417 1226 1461 Epistol.
1252 1416 1321 1451 Cic.
1337 1428 1370 1460 p.
1389 1416 1435 1450 26
1461 1420 1546 1457 not.,
1573 1417 1682 1451 idem-

188 1485 258 1518 que
284 1474 328 1508 de
353 1474 432 1508 loco
459 1478 627 1519 corrupto
654 1475 699 1509 ad
726 1476 833 1510 Attic,
860 1476 953 1517 XIII,
980 1475 1026 1510 23
1052 1479 1141 1510 extr.
1168 1476 1343 1520 exposuit.
1395 1474 1513 1519 1842]
1563 1476 1683 1510 Relin-

186 1533 309 1578 quitur
334 1534 379 1567 ad
406 1534 479 1568 Att.
505 1534 564 1575 IX,
593 1533 646 1571 18,
674 1533 712 1568 3:
751 1536 813 1578 Tu,
839 1537 985 1579 malum,
1012 1541 1131 1569 actum
1155 1547 1198 1569 ne
1224 1547 1323 1579 ayas,
1351 1535 1448 1579 quod
1473 1535 1584 1569 habet
1608 1546 1685 1579 spe-

187 1592 278 1626 ciem
303 1592 539 1636 proverbialis
565 1592 691 1626 formae
717 1605 759 1627 ex
786 1594 936 1638 antiquo
962 1605 1129 1629 sermone
1160 1598 1322 1628 servatae.
1373 1594 1458 1628 Haec
1490 1604 1604 1638 quum
1635 1593 1685 1627 ita

187 1655 318 1692 essent,
345 1651 467 1685 Cicero
494 1651 538 1685 de
563 1651 680 1686 Divin.
708 1652 739 1686 II
766 1651 787 1695 ἓ
814 1652 880 1686 127
907 1664 980 1687 non
1006 1653 1186 1687 contraria
1211 1653 1331 1697 posuit
1353 1655 1475 1696 facito,
1502 1664 1543 1687 ne
1567 1654 1685 1696 facias

188 1712 269 1751 (nec
296 1722 337 1744 ne
360 1708 496 1753 facito),
523 1711 585 1744 sed
608 1712 731 1755 facito,
757 1723 800 1746 ne
823 1714 960 1755 feceris,
987 1723 1106 1756 neque
1127 1711 1371 1754 Quintilianus
1391 1712 1417 1753 I,
1444 1711 1476 1753 5,
1504 1711 1549 1744 50
1570 1722 1683 1755 quum

191 1769 233 1802 de
261 1780 302 1802 ne
328 1772 364 1802 et
389 1780 460 1802 non
486 1769 669 1810 scriberet,
701 1771 820 1812 facias
846 1771 984 1805 addidit
1014 1770 1148 1814 (neque
1177 1770 1263 1814 fae),
1296 1771 1358 1805 sed
1391 1772 1528 1814 feceris.
1577 1770 1684 1814 Apud

187 1827 330 1861 Livium
357 1827 499 1861 nullum
525 1828 674 1862 omnino
701 1829 922 1863 contrarium
955 1830 1163 1874 exemplum
1196 1833 1249 1864 est
1281 1829 1348 1863 nisi
1380 1829 1417 1863 in
1449 1829 1527 1863 1000
1552 1829 1686 1873 gravis-

187 1886 277 1920 sime
303 1889 473 1930 corrupto
491 1886 598 1927 XXX,
625 1886 681 1927 44,
711 1887 740 1927 7,
767 1887 829 1921 ubi
847 1888 1029 1922 Hannibal
1047 1889 1083 1922 in
1100 1888 1421 1922 vehementissima
1438 1888 1687 1932 obiurgatione

187 1948 395 1978 senatorum
432 1945 795 1990 Carthaginiensium,
827 1950 868 1980 ut
893 1958 990 1981 nunc
1015 1947 1190 1992 scriptum
1225 1950 1290 1988 est,
1322 1947 1372 1981 sic
1402 1947 1578 1991 loquitur:
1618 1948 1687 1980 Nec

187 2014 258 2036 esse
286 2005 323 2037 iu
350 2015 407 2038 cos
439 2006 518 2038 odio
552 2010 664 2039 vcestro
691 2005 734 2038 ab
760 2006 934 2039 Romanis
959 2008 1158 2040 consultum
1183 2007 1347 2040 credatis.
1398 2005 1486 2049 Quae
1511 2005 1622 2039 verba
1646 2009 1687 2039 ut

191 2062 329 2106 possint
354 2063 423 2096 hoc
449 2063 665 2107 significare:
706 2065 775 2098 Nec
800 2065 980 2099 Romanos
1011 2067 1087 2100 ideo
1120 2071 1193 2099 tam
1227 2066 1348 2099 acerbe
1372 2067 1411 2098 iu
1435 2076 1495 2100 vos
1520 2066 1687 2098 statuisse

180 2123 409 2164 putaveritis,
436 2127 475 2155 ut
501 2124 622 2156 odium
647 2134 753 2156 suum
779 2124 957 2166 explerent
982 2121 1069 2165 (non
1094 2127 1246 2168 possunt
1277 2126 1411 2164 autem,
1450 2134 1557 2157 nemo
1589 2123 1687 2157 enim

188 2191 350 2223 unquam
377 2180 427 2214 sic
453 2181 542 2214 dixit
568 2182 747 2215 consulere
772 2183 811 2215 in
836 2183 990 2226 aliquem
1015 2184 1094 2217 odio
1119 2184 1206 2224 eius,
1238 2193 1304 2217 nec
1336 2182 1457 2216 Livius
1489 2183 1610 2216 odium
1633 2193 1687 2215 ve-

193 2244 308 2272 strum
333 2250 398 2283 pro
424 2242 534 2273 vestri
557 2238 703 2284 posuit),
736 2240 799 2274 sed
825 2244 865 2274 ut
889 2241 1039 2284 possint,
1078 2242 1163 2285 quid
1195 2242 1387 2276 absurdius
1414 2251 1524 2284 quam
1550 2240 1687 2274 Hanni-

190 2297 310 2331 balem
349 2298 470 2332 induci
508 2298 694 2333 Romanos
737 2299 993 2333 defendentem
1037 2304 1072 2334 et
1116 2300 1338 2341 crudelitatis
1382 2299 1518 2333 crimen
1563 2300 1608 2333 ab
1645 2299 1687 2333 iis

191 2357 466 2391 removentem?
504 2358 631 2401 Itaque
665 2358 957 2392 emendationem
989 2362 1131 2393 tentant
1163 2359 1327 2393 editores.
1381 2359 1447 2393 Sed
1482 2369 1612 2402 parum
1638 2362 1687 2392 at-

194 2415 350 2450 tendunt
375 2416 420 2449 ad
447 2427 500 2457 ea,
535 2427 616 2460 quae
642 2420 854 2460 sequuntur,
889 2417 926 2450 in
952 2417 1083 2460 quibus
1110 2418 1185 2452 haec
1211 2418 1301 2452 ratio
1327 2417 1520 2462 superioris
1546 2420 1687 2451 senten-

194 2474 252 2507 tiae
278 2474 482 2508 subiicitur:
511 2476 621 2508 Nulla
647 2487 780 2518 mayna
804 2477 929 2509 civitas
946 2477 1009 2509 diu
1035 2478 1209 2520 quiescere
1227 2482 1361 2520 potest,·
1386 2478 1419 2510 si
1440 2477 1533 2519 foris
1558 2477 1685 2510 hostem

194 2544 262 2567 non
288 2533 401 2576 habet,
440 2535 537 2568 domi
563 2535 703 2567 invenit.
754 2534 839 2568 Haec
866 2545 948 2568 cum
974 2535 1218 2578 superioribus
1250 2535 1494 2575 cohaerebunt,
1532 2535 1561 2568 si
1586 2534 1688 2568 intel-

192 2592 327 2625 lectum
354 2592 432 2633 erit,
471 2593 514 2626 de
541 2594 609 2627 otio
636 2592 999 2637 Carthaginiensium,
1037 2604 1110 2627 non
1136 2594 1181 2628 de
1206 2595 1285 2628 odio
1310 2593 1553 2627 Hannibalem
1578 2592 1689 2636 loqui.

192 2650 313 2690 Erant,
353 2650 414 2694 qui
447 2662 549 2685 arma
574 2651 755 2695 adempta,
794 2652 958 2686 incensas
985 2663 1106 2694 naves,
1146 2652 1378 2687 interdictum
1405 2651 1560 2686 externis
1586 2651 1689 2685 bellis

194 2720 236 2742 ea
262 2709 430 2753 opinione
457 2710 740 2751 consolarentur,
768 2710 870 2754 quasi
897 2721 938 2744 eo
965 2711 1080 2754 pretio
1106 2711 1221 2745 otium
1247 2711 1374 2745 saltem
1398 2714 1561 2755 emptum
1584 2714 1688 2744 esset.

193 2767 267 2801 Hos
295 2768 476 2802 Hannibal
501 2768 650 2802 refellit:
690 2770 759 2802 Nee
784 2774 845 2812 est,
880 2781 944 2802 cur
976 2781 1036 2803 vos
1067 2772 1136 2803 otio
1168 2774 1282 2804 vestro
1308 2782 1330 2803 a
1356 2771 1528 2804 Romanis
1554 2771 1688 2803 consul-

194 2832 269 2860 tum
313 2829 476 2861 credatis.
547 2825 633 2870 [Cfr.
668 2827 744 2861 Em.
776 2827 851 2860 Liv.
884 2838 918 2871 p.
950 2826 1020 2860 440
1052 2839 1128 2872 sqq.
1163 2829 1217 2862 ed.
1249 2826 1298 2871 2.]
1366 2827 1432 2871 (Ne
1476 2830 1589 2861 timete
1633 2827 1688 2861 Li-

194 2884 274 2918 vius
311 2886 423 2920 semel
461 2885 567 2927 dixit,
611 2886 673 2920 sed
718 2885 755 2920 in
795 2886 1061 2920 asseveratione
1099 2886 1274 2930 superiori
1311 2886 1499 2921 sententiae
1537 2886 1688 2925 adiecta,

195 2942 255 2983 III,
282 2942 313 2984 2,
341 2941 388 2986 9.)
