1915 3235
968 122 1055 162 494

216 265 456 307 (szccmqmcm
499 251 712 291 mem-msa
750 264 922 291 suorum
961 256 1063 292 (etas
1100 249 1267 303 omisit),
1316 251 1425 292 adeo
1472 250 1707 292 abhorrent
1753 252 1808 293 ab

215 323 361 364 aoristi
395 323 472 362 aut
506 321 827 362 consuetudinis
859 322 1046 372 notione,
1083 321 1193 363 adeo
1226 335 1252 363 a
1283 322 1497 363 sententia
1528 321 1729 374 generali,
1763 325 1810 364 ut

215 406 390 446 prorsus
438 392 643 442 nesciam,
693 391 765 445 qui
812 392 855 433 in
901 395 1092 434 mentem
1131 392 1328 434 VValchio
1367 393 1532 433 venerit
1570 392 1809 445 perfectum

214 464 343 516 plane
382 476 460 516 pro
500 464 715 515 praesente
755 462 962 516 accipere,
1010 476 1064 504 ne
1108 463 1259 505 Tacito
1302 463 1448 504 liceret
1491 463 1645 514 dicere,
1694 464 1809 516 quod

216 535 393 575 dixisset
441 532 536 585 (hat
583 533 694 574 auch
741 546 918 575 unseres
966 533 1168 575 Zeitalter
1204 534 1323 575 nicht
1361 533 1659 587 ausgegeben).
1721 535 1810 576 Nec

214 605 367 647 melius
400 605 540 657 capite
574 604 762 645 secundo
801 604 936 646 verba
974 604 1298 658 interpretando
1336 605 1562 657 pervertit:
1611 604 1669 645 At
1706 605 1810 646 mihi

215 690 324 717 nunc
355 680 588 716 mart-armo
620 675 741 714 venia
773 688 874 729 opus
902 675 1002 728 fuit,
1042 676 1116 716 ubi
1149 675 1341 728 sequitur
1374 675 1523 716 etiam:
1572 690 1697 730 quam
1728 690 1810 717 non

206 747 415 801 petissem,
462 758 550 786 non
593 750 786 799 peterem,
835 746 951 798 quod
998 748 1148 799 aptum
1188 748 1302 787 esset
1338 747 1564 799 praesentis
1602 747 1809 799 temporis

146 827 195 851 118
215 816 513 870 significationi
545 815 821 869 praecedenti.
885 816 1143 870 Quanquam
1176 816 1346 869 ineptus
1385 816 1490 857 mihi
1529 817 1688 867 videor,
1738 817 1809 870 qui

213 891 307 930 haec
345 887 553 937 refellam,
602 887 646 927 in
693 887 849 939 quibus
896 887 1036 940 prima
1079 887 1363 929 fundamenta
1410 887 1620 928 sermonis
1668 888 1808 929 Latini

213 959 538 1013 perturbantur.
586 957 795 1011 Agricolae
830 971 864 999 c.
889 958 914 999 9
948 958 982 999 si
1014 971 1165 999 verum
1199 961 1263 999 est
1285 959 1414 1012 eleyz't,
1450 958 1502 999 de
1536 971 1619 1011 quo
1644 958 1806 1008 dubito,

214 1031 292 1072 etsi
324 1030 501 1083 propter
533 1028 730 1069 additum
763 1029 993 1083 aliquando
1024 1031 1168 1082 potest
1199 1042 1276 1082 pro
1304 1042 1404 1070 vero
1434 1029 1626 1081 perfecto
1658 1029 1806 1082 accipi,

214 1104 361 1143 tamen
407 1099 451 1140 id
488 1099 760 1140 incommode
797 1100 1031 1152 respondet
1068 1099 1297 1153 superiori:
1346 1113 1427 1140 non
1473 1114 1633 1154 semper
1679 1105 1807 1141 errat.

214 1173 324 1214 Sunt
355 1172 399 1212 in
430 1170 570 1223 spisso
602 1169 673 1212 iUo
707 1171 1016 1212 commentario
1049 1171 1133 1212 alia
1172 1183 1328 1223 magno
1369 1183 1467 1211 cum
1506 1170 1733 1223 supercilio
1767 1173 1809 1211 et

214 1243 339 1284 valde
372 1247 511 1290 σεμνῶς
542 1241 775 1294 disputata,
810 1253 907 1293 quae
938 1254 1025 1283 non
1057 1241 1192 1283 multo
1217 1241 1369 1282 melius
1394 1240 1571 1282 habent.
1620 1240 1706 1282 Sed
1731 1254 1807 1294 ego

213 1314 318 1356 illud
350 1312 515 1355 attendi
548 1312 675 1352 velim
714 1311 757 1352 in
799 1311 881 1352 hoc
920 1312 1129 1365 exemplo,
1179 1311 1548 1365 quemadmodum
1604 1325 1721 1365 saepe
1763 1313 1828 1353 in·

213 1387 295 1427 hoc
327 1384 568 1426 studiorum
602 1396 757 1436 genere
791 1384 968 1435 serpant
1000 1396 1185 1432 errores;
1218 1396 1321 1424 nam
1344 1396 1477 1436 quum
1507 1395 1657 1423 verum
1681 1384 1806 1432 esset,

214 1456 422 1499 aoristum
449 1454 647 1496 Graecum
682 1453 891 1494 interdum
923 1458 1036 1494 certa
1067 1455 1229 1495 ratimze
1260 1454 1320 1495 ita
1351 1454 1466 1506 poni,
1500 1455 1547 1494 ut
1578 1466 1664 1494 non
1696 1453 1807 1494 mul-

213 1531 306 1569 tum
339 1527 513 1568 abesset
545 1538 571 1566 a
602 1525 828 1577 praesentis
860 1524 1181 1577 significatione,
1214 1525 1416 1577 idemque
1449 1524 1566 1577 apud
1590 1524 1808 1565 nonnullos

213 1599 442 1652 scriptores
466 1596 641 1638 Latinos
675 1594 881 1645 accidere,
915 1594 1014 1635 hinc
1046 1595 1260 1648 gradatim
1283 1596 1484 1636 effectum
1518 1597 1595 1646 est,
1628 1597 1676 1637 ut
1697 1595 1807 1637 inter

213 1682 405 1724 praesens
439 1672 480 1708 et
513 1666 752 1720 perfectum
786 1665 890 1706 nihil
922 1665 1129 1707 interesse
1162 1662 1439 1718 videretur.¹)

249 1832 278 1877 1>
305 1833 387 1867 Alia
413 1832 592 1877 quaedam,
619 1831 655 1865 in
683 1831 814 1874 quibus
841 1830 1106 1865 Ramshornius
1132 1842 1166 1875 p.
1193 1830 1260 1863 599
1286 1830 1488 1874 perfectum
1514 1830 1686 1865 Latinum
1712 1841 1806 1865 com-

308 1895 412 1937 parat
444 1902 527 1925 cum
559 1890 692 1924 aoristo
725 1889 848 1924 Graeco
881 1894 1055 1934 tanquam
1088 1901 1161 1924 non
1194 1889 1332 1933 vulgari
1365 1890 1472 1923 modo
1505 1889 1681 1933 positum,
1719 1889 1806 1924 satis

308 1952 375 1985 erit
400 1951 437 1984 in
469 1950 631 1994 margine
664 1949 834 1993 attigisse.
884 1949 1047 1983 Primum
1080 1948 1181 1992 ponit
1212 1949 1333 1982 locum
1365 1948 1534 1990 Terentii,
1572 1949 1609 1983 in
1641 1960 1713 1993 quo
1745 1949 1805 1983 ali-

308 2010 398 2054 quis,
425 2010 608 2054 expositis,
641 2021 721 2054 quae
746 2009 823 2044 fieri
849 2008 945 2049 velit,
978 2007 1160 2041 concludit
1186 2007 1386 2042 orationem
1412 2008 1523 2042 verbo
1549 2009 1641 2046 czioei;
1681 2019 1805 2042 secun-

308 2071 395 2104 dum
421 2069 613 2110 Ciceronis,
652 2069 689 2102 in
723 2079 793 2112 quo
826 2067 955 2101 timore
981 2066 1155 2100 liberatus
1182 2067 1377 2101 exclamat:
1416 2068 1617 2109 Respcravi.
1668 2066 1805 2100 Deinde

307 2129 407 2163 addit
432 2132 519 2163 nota
544 2127 605 2161 illa
631 2138 674 2161 ex
700 2126 845 2161 comicis
865 2127 973 2169 perii,
1000 2127 1123 2159 interii
1147 2128 1225 2167 cet.,
1265 2136 1346 2169 quae
1377 2125 1428 2159 rei
1461 2126 1636 2160 ahsolutae
1670 2129 1705 2160 et
1731 2126 1803 2160 iam

308 2188 411 2222 factae
437 2187 736 2232 significationem
762 2186 909 2226 habent,
936 2185 981 2219 ab
1008 2185 1140 2219 aoristo
1166 2185 1374 2229 longissime
1401 2184 1572 2226 diiuncta,
1598 2185 1667 2219 nisi
1691 2182 1805 2217 ὄλωλα

308 2246 481 2281 aoristum
507 2249 628 2290 putat;
668 2249 746 2280 tum
773 2256 816 2279 ex
843 2245 1013 2279 Cicerone
1039 2245 1197 2285 vicinitas,
1230 2244 1388 2288 positum
1415 2255 1456 2278 eo
1483 2244 1602 2286 modo,
1634 2255 1706 2288 quo
1732 2243 1804 2278 dixi

306 2316 339 2348 p.
366 2304 427 2345 85,
467 2316 553 2339 sane
592 2301 833 2348 νενικήκαμεν
870 2315 943 2338 non
981 2300 1214 2347 ἐνικήσαμεν,
1252 2302 1337 2344 (vid.
1377 2303 1548 2337 Matthiaei
1588 2303 1707 2337 Gram.
1741 2303 1798 2337 Gr.

306 2362 327 2405 ξ
353 2362 446 2404 500).
498 2364 644 2404 Saltem,
684 2363 745 2407 qui
784 2363 828 2397 de
866 2363 998 2397 aoristo
1036 2362 1134 2406 loqui
1173 2362 1292 2403 vellet,
1331 2361 1605 2406 grammaticam
1643 2361 1803 2405 aliquam

308 2422 469 2456 Graecam
495 2422 671 2466 inspicere
697 2422 863 2456 debebat.
913 2422 1100 2456 Postremo
1127 2421 1289 2455 eiusdem
1312 2421 1492 2455 Ciceronis
1517 2421 1637 2455 locum
1664 2431 1707 2455 ex
1733 2420 1803 2464 epi-

307 2481 400 2515 stola
425 2481 606 2523 adscribit,
645 2481 682 2514 in
715 2492 787 2525 quo
821 2481 943 2515 Cicero
975 2480 1194 2515 sententiam
1225 2480 1420 2524 superioris
1453 2480 1613 2524 epistolae
1639 2479 1801 2523 exponit;

309 2540 344 2574 id
370 2539 635 2574 Ramshornius
661 2540 711 2574 ita
737 2539 876 2584 accipit,
903 2539 1018 2584 quasi,
1045 2539 1131 2583 quid
1157 2550 1254 2573 nunc
1276 2539 1371 2581 velit,
1399 2538 1562 2583 explicet.
1601 2538 1723 2572 Unum
1748 2540 1803 2572 est

307 2602 403 2633 recte
429 2599 663 2632 observatum
689 2599 725 2632 in
752 2602 849 2640 nota,
875 2599 1047 2633 Plautum
1065 2598 1164 2632 Asin.
1183 2598 1227 2641 ΙΙ,
1253 2597 1286 2639 4,
1312 2597 1333 2631 4
1360 2599 1493 2632 salvere
1518 2598 1610 2632 iussi
1634 2608 1676 2631 eo
1694 2597 1802 2631 modo

307 2657 449 2699 dixisse,
488 2668 559 2701 quo
591 2657 745 2692 aoristus
778 2657 905 2701 primae
935 2668 1098 2701 personae
1131 2657 1227 2701 apud
1260 2657 1401 2691 Graecos
1426 2656 1573 2700 ponitur
1605 2654 1689 2698 (vid.
1715 2655 1801 2689 Mat-

307 2716 404 2750 thiaei
438 2715 495 2750 Gr.
531 2716 641 2750 Graec.
674 2715 695 2758 ξ
721 2716 800 2758 506,
836 2715 870 2759 1)
903 2716 947 2750 de
980 2715 1021 2749 iis
1054 2715 1166 2750 animi
1198 2715 1536 2759 significationibus,
1576 2726 1656 2759 quae
1688 2725 1801 2759 quum

306 2775 464 2809 maxime
491 2778 554 2808 aut
579 2775 698 2808 verbis
724 2778 787 2809 aut
812 2774 882 2809 alio
908 2775 1016 2809 modo
1044 2774 1143 2816 (risu,
1169 2772 1339 2816 lacrimis)
1357 2774 1460 2814 fiunt,
1487 2785 1600 2818 quum
1620 2784 1680 2807 eas
1699 2771 1801 2817 quasi

306 2834 379 2868 iam
406 2833 519 2867 factas
546 2832 585 2875 is,
613 2833 675 2877 qui
700 2833 871 2877 loquitur,
907 2833 1052 2875 indicat,
1085 2834 1130 2867 ad
1156 2833 1267 2867 animi
1293 2833 1557 2877 praecedentem
1583 2835 1723 2866 motum
1749 2842 1800 2866 re-

306 2892 471 2937 spiciens.
511 2891 627 2926 Ovidii
653 2891 753 2925 locus
779 2892 815 2925 in
841 2892 883 2926 A.
911 2893 991 2926 Am.
1019 2893 1061 2934 II,
1088 2892 1167 2934 593,
1195 2892 1256 2936 qui
1282 2891 1389 2926 simul
1415 2891 1594 2932 laudatur,
1621 2889 1710 2924 nihil
1730 2889 1801 2923 huc

306 2951 474 2995 pertinet,
512 2950 549 2985 in
576 2962 647 2994 quo
673 2951 822 2986 Ovidius
848 2955 930 2995 post
956 2952 1175 2995 exemplum,
1214 2961 1285 2995 quo
1310 2953 1532 2995 praeceptum
1557 2948 1798 2989 confirmarat,
