1915 3235
129 819 179 842 327

956 111 1039 152 266

204 249 360 292 tamen,
410 241 610 294 quoniam
657 241 863 282 nonnulla
906 240 1131 293 excerpsit,
1180 240 1323 282 nescio
1364 254 1438 281 cur
1471 241 1554 282 alia
1588 241 1719 283 etiam
1751 243 1794 283 in

203 313 440 367 appendice
473 312 676 361 omiserit,
711 325 807 363 (111-30
841 311 896 352 ad
928 311 1061 363 ipsius
1095 312 1420 353 annotationem
1455 312 1796 354 confirmandam

203 387 274 426 aut
309 383 595 437 supplendam
629 385 704 424 aut
737 382 1033 435 corrigendam
1066 382 1354 434 pertinebant.
1418 382 1544 423 Velut
1576 383 1692 436 quod
1724 383 1796 424 lib.

204 457 228 504 l,
268 455 333 496 15.
375 454 429 495 39
463 467 540 506 pro
578 467 660 494 ‘non
691 453 810 493 modo
843 467 924 494 non
957 454 1114 494 arsisti&
1147 453 1435 494 coniecturam
1470 466 1595 494 suam
1627 456 1799 494 secutus

204 539 300 567 vere
334 525 467 566 edidit
490 538 570 565 non
593 524 712 564 modo
737 525 906 573 eoesistit,
942 523 1125 564 eandem
1151 536 1228 576 ego
1255 523 1605 565 emendationem
1633 524 1799 565 coniec-

201 601 297 638 tura
331 610 354 637 a
388 609 457 637 me
490 598 707 648 repertam
748 596 790 636 in
825 596 1031 648 disputat.
1066 595 1118 635 de
1151 595 1309 636 Ascon.
1343 609 1384 648 p.
1418 595 1475 636 45
1507 598 1596 636 not.
1630 595 1798 636 ostendi

202 667 444 709 confirmari
478 680 502 707 a
535 667 674 719 prima
709 668 752 707 et
784 667 1031 718 incorrupta
1063 665 1237 707 Asconii
1271 666 1470 715 editione,
1514 666 1581 706 cui
1614 667 1797 707 auctori-

203 739 277 779 ssati
311 738 396 779 iam
431 737 544 778 addo
576 737 816 790 Augustini,
868 737 939 790 qui
978 738 1092 777 hunc
1132 738 1272 778 locum
1305 739 1421 778 recte
1454 737 1662 790 scriptum
1696 737 1798 778 citat

201 810 252 850 de
287 809 375 850 (111.
400 809 477 849 Dei
511 808 582 848 lib.
604 808 671 858 19,
706 808 745 857 5,
778 811 948 848 tantum
983 807 1099 860 quod
1131 808 1189 848 ibi
1223 811 1287 849 est
1321 822 1401 848 mm
1433 809 1584 857 solemn
1619 810 1662 848 et
1686 808 1801 860 quod

202 880 256 921 ad
288 880 360 920 lib.
394 880 422 929 I,
456 880 526 929 47,
564 880 646 920 122
679 884 796 920 recte
830 879 996 927 eodem,
1032 892 1115 931 quo
1150 892 1227 931 ego
1260 893 1301 931 p.
1334 879 1429 927 116,
1464 879 1594 920 inodo
1626 878 1681 919 M.
1715 878 1800 919 Pa-

202 952 387 992 licanum
433 950 580 1004 (quem
624 951 783 992 frustra
828 953 870 991 et
915 953 1064 991 contra
1106 963 1308 990 nummos
1342 949 1598 1002 codicesque
1631 949 1799 999 Quinti-

200 1022 300 1062 liani
333 1021 516 1062 Lollium
549 1022 681 1063 fuisse
714 1020 885 1074 negavi)
926 1034 965 1062 a.
999 1021 1097 1070 683,
1144 1034 1229 1061 non
1263 1021 1361 1070 682,
1413 1021 1635 1062 tribunum
1669 1020 1798 1061 fuisse

200 1093 400 1141 ostendit,
450 1105 527 1145 ego
560 1095 773 1145 praeterea
812 1091 870 1145 (p.
908 1092 1008 1144 117)
1040 1105 1126 1133 11011
1159 1093 1286 1141 1111110,
1329 1091 1406 1132 sed
1439 1092 1570 1132 alium
1603 1091 1674 1132 illo
1707 1091 1800 1132 loco

200 1163 426 1216 significari
461 1163 560 1213 dixi,
594 1163 668 1204 ubi
701 1164 792 1204 sine
828 1163 958 1214 dubio
992 1176 1060 1204 res
1094 1176 1132 1204 a.
1163 1164 1248 1205 680
1281 1166 1413 1216 gesta,
1447 1164 1580 1204 Verre
1613 1165 1798 1215 praetore

201 1235 308 1283 urb„
344 1237 719 1284 commemoretur,
754 1248 885 1288 quam
920 1234 1207 1287 suspicionem
1242 1235 1327 1275 13111
1362 1234 1589 1275 confirmat
1620 1234 1676 1275 ab
1707 1233 1800 1286 ipso

200 1306 398 1359 Zumptio
431 1306 474 1346 in
507 1306 746 1358 appendice
780 1306 920 1358 posita
961 1305 1174 1357 scriptura
1215 1305 1371 1346 codicis
1411 1304 1682 1357 palimpsesti
1714 1304 1800 1345 Va-

199 1378 282 1420 tic..
333 1391 384 1418 ex
425 1378 724 1430 antiquissima
765 1377 1045 1418 annotatione
1085 1379 1181 1428 post
1215 1376 1408 1417 treszmus
1432 1376 1569 1430 plebis
1602 1375 1800 1416 addentis

204 1449 410 1500 Quintius.
472 1449 511 1489 Is
545 1451 609 1489 est
641 1448 686 1489 L.
722 1448 933 1498 Quintius,
969 1448 1088 1488 cuius
1121 1448 1164 1488 in
1199 1448 1318 1488 illum
1352 1447 1494 1500 ipsum
1529 1459 1691 1487 annum
1724 1445 1800 1486 tri-

203 1521 388 1560 bunatus
422 1519 656 1560 vehemens
691 1524 733 1560 et
765 1519 986 1572 popularis
1020 1518 1179 1568 incidit,
1230 1519 1480 1560 notissimus
1522 1531 1574 1558 ex
1606 1517 1800 1558 oratione

200 1591 468 1632 Cluentiana.
518 1591 676 1631 Verum
710 1590 790 1631 1100
823 1593 962 1631 totum
995 1590 1088 1630 leve
1122 1592 1199 1639 est,
1233 1589 1314 1630 nisi
1348 1589 1462 1641 quod
1488 1588 1669 1629 moleste
1696 1587 1799 1635 fero,

200 1675 333 1714 qutun
365 1664 429 1702 tot
462 1662 577 1702 bona
609 1661 682 1702 illa
715 1661 844 1702 editio
877 1661 1052 1708 habeat,
1095 1660 1331 1701 desiderari
1365 1660 1539 1712 aliquid,
1589 1658 1705 1711 quod
1746 1657 1802 1699 ad

200 1733 289 1774 eius
325 1733 641 1774 absolutionem
682 1733 774 1785 ipse
816 1733 953 1774 editor
996 1732 1099 1773 mihi
1144 1731 1370 1772 additurus
1414 1730 1546 1771 fuisse
1588 1729 1799 1778 videatur,

203 1804 280 1844 nisi
329 1806 403 1844 aut
447 1817 572 1845 casus
619 1806 693 1844 aut
733 1804 1066 1856 descriptionem
1116 1803 1358 1843 institutam
1406 1800 1612 1842 turbandi
1659 1802 1800 1841 metus

201 1875 452 1924 obstitisset,
487 1875 878 1927 supplementaque
912 1874 1085 1915 aliunde
1118 1874 1307 1926 petenda
1341 1886 1447 1917 esse,
1483 1871 1652 1913 etiamsi
1683 1884 1709 1912 a
1731 1884 1800 1911 1110

202 1946 294 1998 1050
327 1948 546 1998 petantur.
596 1945 682 1986 Sed
715 1948 815 1986 sunt
848 1946 931 1986 alia
965 1945 1179 1998 quaedam,
1215 1945 1267 1985 de
1301 1944 1457 1997 quibus
1490 1943 1533 1983 in
1561 1943 1626 1983 his
1649 1942 1802 1994 priori-

201 2017 282 2058 bus
324 2017 442 2057 libris
483 2030 508 2057 a
541 2017 740 2069 Zuinptio
779 2018 978 2057 universe
1012 2016 1218 2057 dissentio
1252 2015 1433 2068 (priores
1468 2014 1562 2055 dico
1600 2013 1800 2060 Divinat„

203 2088 297 2129 Act.
331 2088 360 2137 I,
395 2088 490 2128 Act.
524 2088 572 2128 Π.
606 2088 678 2128 lib.
707 2088 743 2135 Ι;
777 2101 878 2128 113111
912 2087 956 2128 111
987 2087 1153 2135 mediis,
1188 2087 1223 2127 11
1257 2089 1298 2127 01
1331 2086 1397 2135 ΠΙ,
1431 2084 1693 2138 0311015511113
1725 2083 1802 2124 ad-

204 2158 304 2199 dere
338 2157 550 2211 possum),
587 2172 638 2200 ex
672 2173 755 2212 quo
772 2159 945 2199 *factum
974 2163 1051 2207 est,
1085 2161 1145 2206 ut,
1180 2158 1278 2198 licet
1302 2157 1370 2197 hic
1396 2168 1567 2209 quoque
1590 2155 1634 2195 in
1656 2154 1802 2195 multis

205 2243 256 2270 ex
288 2230 338 2270 iis
372 2230 488 2271 locis,
524 2244 630 2283 quos
666 2231 908 2282 attigeram,
944 2229 1140 2279 eandem,
1176 2241 1307 2280 quam
1342 2240 1419 2280 ego
1451 2227 1699 2280 probaram,
1733 2239 1803 2266 ra-

206 2301 365 2342 tionem
399 2304 665 2353 sequeretur,
715 2304 864 2342 tamen
903 2301 1060 2353 saepius
1095 2300 1310 2340 diversam
1344 2300 1524 2346 teneret,
1572 2300 1665 2338 tum
1698 2295 1803 2337 alios

206 2385 377 2424 quoque
418 2372 646 2413 nonnullos
686 2372 802 2413 locos
847 2372 982 2421 aliter,
1031 2374 1160 2423 atque
1209 2369 1450 2423 oportuisse
1499 2368 1640 2416 credo,
1688 2369 1803 2407 trac-

134 2467 185 2492 323
206 2446 330 2483 taret.
346 2439 377 2494 l)
440 2443 502 2483 De
547 2443 628 2483 hac
672 2455 717 2483 re
762 2443 1001 2495 generatim
1044 2442 1112 2482 hic
1156 2454 1373 2494 exponere
1414 2441 1553 2480 visum
1599 2441 1676 2487 est,
1726 2437 1805 2478 etsi

246 2594 274 2636 ¹)
299 2595 379 2629 Uno
407 2595 552 2639 quidem
581 2596 659 2629 loco
686 2606 758 2629 non
786 2599 859 2629 tam
888 2595 1066 2635 dissensit,
1106 2605 1215 2638 quam
1250 2593 1369 2627 minus
1401 2592 1505 2627 firme
1538 2592 1729 2626 veritatem
1754 2590 1804 2624 in-

301 2658 449 2688 ventam
476 2654 602 2693 tenuit,
632 2655 657 2695 Ι,
685 2654 740 2695 50,
770 2654 847 2695 130,
874 2654 947 2694 ubi,
982 2654 1078 2698 quod
1107 2664 1171 2697 ego
1198 2652 1270 2686 dixi
1297 2652 1354 2694 (de
1381 2651 1536 2685 Asconio
1562 2663 1595 2695 p.
1624 2649 1691 2683 102
1717 2648 1805 2691 1101.)

302 2714 413 2748 verba
439 2713 577 2757 aliquot
603 2713 789 2754 excidisse,
818 2713 893 2757 ipse
920 2724 1022 2757 paene
1041 2712 1256 2756 suspicatur,
1283 2711 1351 2744 nisi
1371 2716 1611 2744 verumtamen
1628 2710 1674 2743 sit
1691 2711 1806 2743 semet

302 2774 422 2817 ipsum
448 2777 530 2816 post
556 2772 728 2806 orationis
755 2772 1058 2816 interruptionem
1091 2770 1303 2805 revocantis.
1354 2770 1475 2813 Atque
1508 2769 1611 2803 aliter
1642 2779 1730 2802 sane
1754 2767 1805 2801 in-

302 2832 412 2875 telligi
440 2832 500 2865 illa
526 2831 703 2875 particula
730 2842 803 2865 non
837 2832 960 2868 dehet3
1001 2831 1063 2865 sed
1097 2830 1310 2873 orationem,
1351 2832 1391 2863 ut
1423 2839 1519 2862 nunc
1554 2827 1694 2871 legitur,
1733 2836 1806 2860 non

304 2902 381 2925 esse
408 2891 648 2934 interruptam
676 2901 742 2924 nec
776 2889 971 2933 quicquam
1005 2889 1113 2923 alieni
1146 2888 1410 2932 interpositum,
1450 2898 1558 2921 nemo
1591 2897 1664 2920 non
1696 2885 1804 2925 videt,

304 2954 339 2984 et
365 2951 433 2984 hoc
465 2953 518 2984 est
550 2950 670 2993 ipsum
703 2949 875 2982 indicium
909 2949 1059 2983 lacunae.
1110 2948 1201 2982 Nam
1239 2959 1284 2981 ne
1323 2946 1402 2990 quis
1441 2946 1564 2980 credat
1596 2945 1804 2979 Ciceronem
