1915 3235
817 108 868 148 81

52 238 227 286 habere,
275 238 318 278 in
364 236 527 277 Latinis
573 236 839 285 nonnullum,
887 236 1058 288 scripsit
1099 234 1201 289 (vid.
1241 236 1416 278 Sueton.
1450 236 1475 278 l.
1510 235 1577 289 c.),
1611 250 1637 278 a

55 308 256 349 Cicerone
289 307 450 348 Latinis
484 307 634 348 litteris
666 307 925 356 instructus,
945 319 1032 347 non
1065 306 1222 347 Graecis
1255 306 1530 359 significatur.
1544 303 1577 359 1)

169 378 282 419 Satis
315 379 382 418 est
412 390 465 417 ex
495 377 577 418 hac
609 389 739 418 causa
771 376 966 417 sublatus
997 376 1148 417 Ateius
1187 377 1268 418 iste
1301 379 1343 418 et
1374 379 1636 419 ornamentis

52 448 216 489 ficticiis
254 448 461 500 privatus,
509 447 862 500 patefactumque
903 446 1043 496 simul,
1092 449 1254 499 quanta
1295 448 1638 489 testimoniorum

54 518 276 559 consensio
307 518 373 567 sit,
414 517 532 558 Attio
570 519 710 570 poetae
743 516 1032 557 didascalicon
1064 517 1195 558 libros
1227 517 1549 568 vindicantium,
1592 520 1639 560 ut

53 588 139 628 iam
171 587 403 628 videndum
436 587 503 637 sit,
551 587 696 640 qualia
737 587 834 637 sint,
884 600 979 640 quae
1022 587 1088 628 his
1131 588 1462 629 auctoritatibus
1505 602 1639 641 oppo-

52 659 225 707 nuntur,
259 660 527 710 argumenta.
576 658 639 699 Ex
671 659 825 710 quibus
857 658 962 698 illud
993 658 1063 698 vix
1087 658 1385 711 attingendum
1414 661 1491 708 est,
1526 659 1641 711 quod

53 728 135 769 nisi
166 727 396 769 honorifice
430 733 472 769 et
505 728 672 769 adiecto
710 731 850 781 poetae
889 728 1012 769 titulo
1045 728 1192 770 Cicero
1230 729 1463 778 hominem,
1512 742 1641 782 quem

54 799 161 839 tanti
193 798 353 848 fecerit,
387 798 457 839 illo
482 798 603 839 Bruti
634 798 726 840 loco
758 812 845 840 non
877 801 1290 840 commemoraturus
1324 799 1455 841 fuisse
1488 800 1642 841 dicitur

56 871 98 909 et
129 881 317 909 errorem
351 869 650 921 castigaturus.
713 869 824 910 Nam
855 882 1008 922 neque,
1049 882 1123 910 cur
1161 874 1300 922 poetae
1334 870 1567 923 appellatio
1599 872 1642 912 in

56 939 279 980 notissimo
325 940 500 980 homine
554 952 726 992 unoque
773 939 864 980 eius
910 940 1095 980 nominis
1144 941 1351 992 scriptore
1398 942 1642 983 necessaria

56 1009 196 1059 fuerit,
236 1010 360 1050 video
394 1009 491 1062 (nec
524 1013 588 1051 est
620 1011 663 1051 in
689 1023 783 1063 cap.
809 1008 895 1063 64),
935 1023 1089 1062 neque,
1125 1023 1200 1051 cur
1231 1024 1318 1051 non
1349 1011 1515 1052 licuerit
1538 1013 1641 1053 sim-

55 1080 222 1133 pliciter
253 1080 344 1121 sine
376 1081 463 1122 ullo
495 1081 726 1122 verborum
759 1081 920 1122 honore
945 1082 1021 1121 aut
1043 1081 1303 1121 contumelia
1325 1094 1501 1134 gravem
1524 1095 1641 1123 erro—

54 1163 145 1191 rem
177 1150 385 1192 refellere.
448 1151 544 1204 Ipse
584 1154 729 1192 autem
770 1143 888 1191 error
927 1149 1045 1203 (nam
1086 1151 1128 1191 id
1161 1151 1295 1192 altero
1327 1151 1419 1193 loco
1452 1151 1641 1205 ponitur)

55 1222 135 1262 etsi
166 1222 300 1272 mirus
334 1224 399 1262 est
429 1222 622 1274 profecto
654 1222 696 1262 in
728 1235 774 1262 re
817 1224 860 1262 et
900 1223 1060 1262 testata
1101 1234 1180 1262 nec
1221 1224 1365 1263 vetere
1406 1223 1641 1264 admodum

55 1295 98 1332 et
130 1305 227 1333 cum
259 1292 424 1345 reliqua
456 1305 595 1333 scenae
620 1293 799 1334 historia
824 1293 1062 1342 coniuncta,
1096 1296 1242 1333 tamen
1266 1293 1383 1334 nulla
1408 1296 1473 1334 est
1497 1306 1640 1343 causa,

56 1375 130 1403 cur
162 1363 217 1404 ab
250 1363 368 1404 Attio
401 1376 501 1404 eum
535 1363 743 1405 committi
780 1364 971 1416 potuisse
1009 1376 1229 1416 negemus,
1279 1364 1334 1404 ab
1374 1364 1457 1405 alio
1497 1367 1642 1405 autem

56 1433 181 1474 docto
213 1433 400 1483 homine,
451 1435 522 1486 qui
562 1435 604 1474 in
644 1434 853 1475 eiusmodi
892 1433 1021 1474 rebus
1055 1434 1298 1486 quaerendis
1332 1436 1375 1475 et
1406 1434 1643 1477 scribendis

54 1504 269 1556 singulare
301 1504 492 1545 studium
524 1505 751 1557 posuisset,
784 1517 871 1545 non
903 1504 1025 1556 longe
1050 1505 1105 1545 ab
1130 1504 1283 1545 eodem
1306 1507 1501 1558 tempore
1527 1519 1643 1547 com-

56 1575 234 1615 missum
269 1575 476 1616 dicamus.
524 1575 673 1627 Neque
698 1575 810 1615 enim
836 1578 1007 1627 tempus
1033 1575 1303 1616 interiectum
1328 1576 1439 1616 inter
1463 1576 1643 1626 Attium,

57 1645 129 1697 qui
161 1645 376 1686 Ciceronis
410 1648 583 1687 aetatem
617 1659 748 1686 senex
780 1646 931 1698 attigit,
971 1648 1024 1685 'et
1063 1645 1246 1686 alterum
1279 1646 1411 1695 illum,
1461 1648 1534 1699 qui
1568 1648 1644 1688 ali-

57 1718 218 1768 quanto
251 1719 350 1757 ante
375 1717 590 1758 Ciceronis
621 1716 802 1756 Brutum
835 1716 1123 1768 Varronisque
1156 1716 1312 1757 librum
1346 1717 1399 1758 de
1425 1719 1645 1760 comoediis

56 1786 264 1827 Plautinis
297 1787 460 1828 editum
495 1788 715 1840 scripsisse
748 1787 984 1839 putabitur,
1034 1789 1200 1827 tantam
1240 1788 1301 1828 rei
1334 1789 1645 1841 ignorationem

57 1857 211 1898 afferre
243 1859 395 1910 potuit.
459 1858 570 1898 Rem
604 1858 785 1907 conficit,
834 1857 949 1910 quod
989 1870 1075 1898 non
1115 1871 1139 1898 a
1178 1858 1268 1899 solo
1301 1859 1432 1908 Attio,
1482 1860 1558 1901 sed
1590 1862 1645 1901 ab

152 2046 242 2080 nihil
268 2046 433 2087 addatur,
474 2049 514 2079 ut
546 2046 590 2080 de
621 2045 768 2079 homine
801 2044 1002 2087 notissimo)
1034 2056 1117 2079 cum
1144 2046 1335 2080 Hortensio
1362 2046 1523 2081 floruisse
1549 2051 1648 2091 patet

154 2105 263 2139 etiam
290 2116 333 2138 ex
360 2105 485 2139 Senec.
512 2105 610 2149 praef.
636 2104 696 2138 lib.
718 2105 732 2137 Ι
759 2104 926 2138 ContrOV.
952 2115 986 2148 p.
1013 2104 1057 2137 66
1086 2104 1163 2148 Bip.
1191 2103 1227 2147 [ἓ
1253 2104 1296 2137 19
1323 2105 1460 2146 Kiessl.‚
1488 2109 1523 2140 et
1549 2117 1648 2150 aper-

154 2163 290 2198 tissime
316 2167 471 2198 testatur
495 2163 588 2197 Plut.
621 2163 759 2197 Lucull.
787 2161 834 2205 1].
884 2163 1083 2197 Praeturam
1116 2163 1305 2197 Sisennam
1337 2164 1489 2208 gessisse
1522 2177 1553 2199 a.
1581 2165 1649 2199 676

154 2234 181 2257 s.
210 2222 253 2255 78
278 2223 420 2257 AEmilio
448 2223 593 2267 Lepido,
627 2222 771 2256 Lutatio
798 2222 924 2256 Catulo
957 2233 1045 2256 coss.
1073 2225 1108 2256 et
1134 2226 1327 2266 utramque
1354 2223 1648 2265 iurisdictionem,

155 2283 333 2316 urbanam
360 2285 395 2316 et
421 2282 515 2315 inter
540 2281 758 2325 peregrinos,
786 2281 1012 2315 coniunxisse
1039 2284 1179 2315 constat
1205 2293 1249 2315 ex
1275 2282 1337 2315 SC.
1366 2282 1408 2316 de
1435 2283 1649 2327 Asclepiade

154 2341 380 2375 Clazomenio
413 2340 463 2383 (C.
490 2341 515 2374 I.
542 2341 579 2374 L.
607 2341 634 2384 Ι,
667 2340 734 2373 110
760 2351 793 2374 n.
820 2339 920 2383 203);
953 2340 1093 2374 urbana
1125 2340 1285 2374 Sisennae
1316 2341 1513 2375 iurisdictio
1545 2342 1650 2386 signi-

153 2399 282 2434 ficatur
316 2400 352 2433 in
385 2399 564 2433 Ciceronis
597 2399 797 2443 fragmento
830 2410 873 2433 ex
905 2403 993 2433 orat.
1020 2399 1034 2432 Ι
1066 2410 1130 2443 pro
1157 2399 1296 2433 Cornel.
1324 2398 1407 2442 (vol.
1435 2401 1482 2434 IV
1506 2412 1539 2444 p.
1567 2400 1588 2433 2
1615 2413 1648 2445 p.

153 2457 224 2492 450
249 2457 383 2501 Orell.),
411 2470 477 2493 nec
502 2459 645 2493 videtur
671 2458 923 2499 dubitandum,
950 2458 1037 2502 quin
1063 2458 1159 2492 idem
1185 2462 1281 2492 recte
1307 2458 1527 2503 intelligatur
1553 2460 1649 2504 apud

156 2517 225 2551 Cic.
252 2518 351 2552 Verr.
378 2518 420 2558 II,
447 2517 493 2551 45
519 2521 554 2552 et
579 2518 636 2558 IV,
666 2516 719 2551 15.

100 2573 127 2618 ¹)
154 2575 334 2668 {Qauorliliam
360 2587 498 2669 emgrzs
525 2576 655 2677 inUllioc
680 2575 827 2668 iliomiEe
853 2576 1063 2667 coernigsos
1096 2575 1379 2676 {qtgtredingppig
1405 2577 1504 2668 laltddo
1539 2577 1579 2611 O.
1606 2577 1649 2611 M.

193 2646 237 2669 ue
267 2635 317 2669 eri
344 2639 378 2669 et
436 2646 465 2669 ae
493 2635 536 2669 rii
605 2635 660 2669 ist.
702 2635 753 2668 itt.
811 2638 857 2668 at.
884 2646 919 2678 p.
938 2637 946 2649 ’·
964 2634 982 2667 7
1010 2661 1017 2675 ,
1044 2645 1078 2678 p.
1200 2645 1218 2668 e
1248 2661 1254 2668 .
1322 2662 1328 2675 ‚
1382 2646 1402 2668 a
1433 2636 1567 2669 ustium
1595 2646 1651 2670 ex-

157 2697 313 2728 tremam
331 2694 413 2728 vitae
432 2697 573 2738 partem
600 2696 638 2728 in
664 2695 913 2728 consuetudine
938 2695 1107 2737 eleyantis
1126 2694 1342 2736 philosophi,
1372 2695 1467 2727 Ateii
1492 2696 1651 2729 Proetex-

159 2755 226 2786 tati
257 2753 490 2796 transegisse,
530 2757 565 2787 et
596 2753 711 2786 Vossii
746 2755 781 2786 et
812 2752 943 2786 Baehrii
976 2754 1024 2796 (p.
1051 2751 1131 2793 285,
1157 2764 1190 2796 p.
1218 2751 1286 2785 388
1313 2752 1368 2786 ed.
1395 2752 1447 2794 2),
1485 2753 1651 2787 Asinium

158 2810 358 2845 Pollionem
394 2811 572 2845 breviario
605 2823 725 2845 rerum
760 2811 1008 2845 Romanarum
1042 2811 1087 2844 ab
1120 2810 1224 2844 Ateio
1256 2811 1475 2845 instructum
1506 2822 1651 2845 narran-

160 2869 268 2910 tium,
301 2881 343 2903 ex
376 2870 470 2904 male
505 2870 687 2904 intellecto
721 2869 882 2904 Suetonii
914 2870 1009 2911 loco,
1048 2869 1110 2903 ubi
1136 2872 1303 2912 apertum
1336 2872 1400 2910 est,
1439 2869 1473 2903 id
1508 2870 1553 2903 ad
1580 2870 1651 2904 Sal-

160 2928 309 2962 lustium
334 2929 526 2972 pertinere.

1351 2986 1371 3019 6

1658 250 1706 275 101

1666 1658 1716 1683 102
