1915 3235
121 948 170 974 363

951 99 1036 141 294

316 231 360 271 C.
395 230 463 271 53
508 230 589 271 118
624 243 649 271 a
680 230 854 283 reliquis
888 230 1024 279 bonis,
1066 230 1222 282 quibus
1255 230 1420 271 accedit
1451 231 1587 272 Paris.
1621 244 1647 273 a
1681 233 1787 274 Kra-

196 302 318 354 rupio
353 301 531 341 collatus
566 300 924 353 consentiuntque
959 302 1089 342 etiam
1123 301 1356 342 deteriores
1386 301 1787 355 Huydecoperanus

197 374 238 412 et
270 370 421 420 Oxon.,
462 384 573 412 unus
607 371 805 412 dissentit
837 372 975 413 Guelf.
1012 373 1048 421 1,
1093 385 1177 425 quo
1210 372 1434 424 Zumptius
1468 372 1654 414 confisus
1686 374 1789 414 reti-

195 443 287 483 nuit
321 456 405 482 1010
439 441 596 483 Diome
629 447 664 483 et
697 443 832 483 altera
864 456 941 496 pro
975 456 1038 491 eo,
1088 444 1204 495 quod
1235 444 1279 484 in
1310 443 1390 484 illis
1425 447 1502 493 est,
1552 457 1578 485 a
1609 457 1678 485 me
1713 444 1788 486 de—

195 515 386 555 fensum:
420 513 579 553 Dianae
612 518 648 554 et
680 513 828 563 altem,
862 526 941 554 nec
974 515 1055 555 hoc
1086 515 1319 567 redarguit.

312 584 358 624 In
392 597 426 625 0.
460 584 528 633 60,
575 584 658 624 134
699 584 924 637 Zumptius
967 585 1115 626 incidit
1156 585 1199 626 in
1243 598 1432 626 errorem
1466 585 1650 626 similem
1684 585 1788 635 eius,

194 668 278 707 quo
312 668 388 707 ego
422 668 555 707 quum
589 655 794 707 deceptus
828 668 967 696 essem
1000 655 1043 697 in
1076 656 1200 708 epist.
1234 656 1290 696 ad
1322 655 1452 697 Orell.
1485 670 1526 709 p.
1561 656 1630 705 34,
1664 669 1788 698 revo-

194 727 285 768 cavi
332 729 480 767 tamen
528 738 597 767 me
644 726 687 766 in
733 726 971 768 Addendis
1040 727 1137 768 Non
1182 727 1484 768 animadversa
1529 727 1642 769 enim
1687 740 1790 769 vera

194 798 465 839 distinctione
498 797 541 838 in
574 797 837 850 optimorum
871 798 1066 839 codicum
1099 797 1325 850 scriptura,
1347 785 1609 840 'necessario
1642 799 1789 839 delen-

193 869 295 910 dum
328 868 497 921 putavit
529 871 604 909 aut
627 868 743 922 apud
776 869 867 910 illos
889 872 964 910 aut
989 869 1103 923 apud
1125 870 1273 918 50οἱ03;
1305 869 1452 921 itaque
1474 870 1556 910 hoc
1577 869 1791 921 posterius

195 940 364 989 delevit,
413 952 571 992 magno
612 940 838 981 sententiae
872 940 1144 981 detrimento.
1206 940 1338 981 Putat
1371 940 1485 980 enim
1518 939 1677 981 Graecis
1710 954 1788 993 po-

189 1011 301 1064 pulis
334 1010 507 1064 opponi,
541 1012 614 1063 qui
647 1011 860 1052 deteriore
894 1011 1144 1052 condicione
1176 1011 1348 1052 fuerint.
1406 1011 1567 1052 Verum
1599 1011 1787 1064 primum

189 1084 281 1123 tum
322 1082 377 1123 ob
421 1081 561 1134 ipsam
605 1082 918 1135 oppositionem
965 1081 1047 1135 (eos
1090 1087 1247 1135 autem,
1296 1095 1395 1136 quos
1437 1083 1654 1137 vectessyales
1687 1080 1787 1135 cet.)

190 1153 437 1194 Graecorum
472 1152 664 1194 condicio
697 1153 978 1206 significanda
1021 1155 1126 1202 erat,
1176 1152 1292 1205 quod
1334 1153 1510 1194 minime
1553 1153 1602 1194 fit
1642 1153 1785 1194 verbis

190 1224 304 1277 apud
338 1224 449 1272 illos:
499 1224 654 1265 deinde
697 1237 829 1276 quum
875 1237 953 1277 per
994 1237 1041 1265 se
1080 1224 1224 1277 inepte
1256 1225 1300 1265 in
1332 1224 1414 1265 hac
1445 1238 1490 1265 re
1524 1224 1670 1277 populi
1702 1237 1790 1266 non

189 1295 325 1336 Graeci
360 1300 768 1345 commemorantur,
817 1295 934 1348 apud
978 1309 1084 1348 quos
1127 1297 1220 1336 haec
1264 1296 1368 1336 artis
1407 1295 1548 1336 studia
1583 1297 1625 1336 et
1656 1308 1789 1348 opera

187 1366 303 1407 nulla
339 1369 474 1415 erant,
519 1368 611 1407 tum
645 1366 726 1408 1100
758 1366 851 1407 1000
884 1366 1166 1419 ineptissime,
1216 1367 1419 1419 quoniam
1455 1379 1632 1407 causam
1664 1366 1788 1407 relic-

188 1440 331 1479 torum
364 1438 540 1478 omnino
574 1437 691 1490 apud
723 1438 929 1479 subactos
962 1438 1145 1490 populos
1186 1437 1464 1478 artificiorum
1506 1437 1611 1478 dixit
1642 1437 1787 1487 fuisse,

188 1508 303 1562 quod
344 1507 484 1549 6110οἰ
531 1508 778 1548 mirandum
827 1509 870 1549 in
918 1509 1096 1550 modum
1143 1509 1274 1550 rebus
1322 1508 1414 1550 istis
1457 1508 1787 1549 delectarentur.

187 1580 350 1621 Deinde
384 1580 561 1620 minime
595 1579 845 1620 Graecorum
877 1580 1087 1621 maiorem
1120 1583 1290 1632 partem
1330 1580 1488 1620 liberas
1528 1578 1788 1620 foederatas-

188 1664 271 1704 que
305 1650 499 1692 civitates
534 1650 754 1699 habuisse,
799 1653 847 1692 ut
883 1651 987 1692 nulli
1027 1651 1138 1692 inter
1171 1664 1243 1692 eos
1277 1650 1508 1703 vectigales
1541 1663 1591 1691 ac
1623 1650 1787 1703 stipen-

187 1722 309 1763 diarii
344 1724 501 1771 essent,
551 1722 643 1763 sine
677 1735 761 1774 quo
796 1723 955 1763 corruit
986 1725 1078 1764 tota
1110 1723 1182 1763 illa
1214 1722 1440 1774 oppositio,
1490 1721 1691 1770 ostendit,
1740 1723 1789 1762 ut

186 1794 329 1834 brevis
363 1792 456 1842 sim,
491 1793 724 1845 provinciae
757 1793 897 1834 forma
931 1796 974 1834 et
1005 1793 1235 1846 proconsul
1267 1793 1459 1833 Achaiae.
1507 1792 1657 1845 Itaque
1682 1792 1787 1833 scri-

185 1864 378 1904 bendum
413 1866 491 1914 est,
526 1866 573 1905 ut
605 1865 648 1906 in
679 1864 904 1905 Addendis
937 1864 1008 1906 illo
1041 1865 1133 1905 loco
1167 1863 1273 1905 dixi:
1314 1863 1401 1903 hoec
1434 1877 1516 1904 esse
1549 1863 1664 1917 apud
1694 1864 1788 1904 illos

187 1948 311 1989 quam
336 1935 557 1988 plur-inem·
606 1935 721 1989 apud
760 1936 888 1976 socios
928 1940 1022 1985 cet.,
1071 1937 1118 1976 ut
1160 1936 1348 1989 primum
1393 1935 1446 1975 de
1489 1934 1648 1976 Graecis
1691 1935 1786 1975 uni-

186 2018 321 2057 verse,
359 2007 463 2046 ‘tum
513 2005 565 2046 de
614 2006 773 2058 duplici
816 2019 973 2058 genere
1016 2006 1196 2047 dicatur.
1260 2006 1370 2046 Nam
1413 2005 1529 2058 quod
1561 2005 1785 2057 Zumptius

185 2077 301 2129 ipsos
334 2064 565 2129 vectigales
599 2090 649 2118 ac
682 2077 984 2130 stipendiarios
1024 2077 1264 2130 appellatos
1308 2089 1402 2118 esse
1445 2075 1583 2121 socios
1627 2075 1785 2126 obiicit,

187 2147 614 2200 comprehenduntur
646 2147 864 2188 interdum
900 2161 949 2189 eo
982 2148 1169 2197 nomine,
1219 2147 1292 2188 ubi
1336 2147 1482 2188 mitius
1528 2149 1570 2188 et
1611 2147 1785 2188 honori-

186 2218 395 2267 ficentius,
445 2218 522 2259 sed
569 2219 769 2272 pinguius
809 2219 1045 2271 loquuntur
1087 2220 1341 2272 scriptores;
1389 2217 1561 2270 proprie
1610 2218 1785 2270 quidem

185 2289 287 2342 quin
321 2289 423 2330 socii
462 2289 634 2339 fuerint,
684 2289 756 2342 qui
799 2289 965 2330 foedera
1007 2289 1219 2330 haberent
1263 2291 1305 2330 et
1348 2288 1607 2339 libertatem,
1656 2301 1784 2330 nemo

185 2360 377 2408 dubitat;
411 2362 453 2400 et
485 2360 657 2413 proprie
681 2360 934 2402 Ciceronem
967 2362 1049 2402 hoc
1080 2361 1173 2402 loco
1207 2372 1299 2400 esse
1332 2359 1538 2409 locutum,
1572 2373 1624 2401 ex
1646 2373 1782 2412 oppo-

185 2430 337 2472 sitione
370 2433 566 2483 apparet.
581 2428 613 2483 1)

222 2579 251 2624 ¹)
278 2583 390 2617 Paulo
417 2587 500 2617 ante
527 2594 555 2617 0.
583 2583 640 2625 57,
676 2582 743 2616 128
769 2582 959 2627 Zumptius
986 2583 1115 2618 edidit:
1141 2595 1301 2627 parvum
1336 2584 1424 2617 illud
1450 2588 1557 2626 eaput
1575 2583 1780 2626 pulcherri-

283 2654 390 2682 mum,
417 2642 581 2676 ordinem
608 2643 801 2677 verborum
830 2653 849 2676 e
876 2642 1003 2677 Guelff.
1032 2653 1109 2677 esse
1135 2642 1257 2676 dicens
1283 2653 1348 2686 pro
1375 2642 1520 2686 vulgato
1551 2647 1658 2685 caput
1680 2643 1782 2684 illud,

281 2700 316 2734 in
344 2710 415 2744 quo
450 2711 548 2735 error
584 2705 653 2739 est3
693 2712 778 2735 nam
819 2703 908 2735 illud
946 2707 1053 2745 caput
1091 2705 1144 2735 est
1181 2701 1217 2735 in
1249 2701 1458 2745 vulgaribus
1492 2701 1571 2735 edd.
1622 2701 1714 2735 Puto
1745 2701 1781 2735 in

283 2759 410 2793 Guelff.
440 2759 561 2800 fuisse,
601 2760 696 2803 quod
723 2764 800 2794 erat
834 2761 869 2794 in
896 2761 1007 2795 Paris.
1037 2760 1125 2794 7774
1152 2760 1194 2801 Α,
1234 2765 1340 2803 caput
1373 2761 1472 2794 illud.
1523 2760 1592 2794 Sed
1611 2771 1781 2803 parvum,

281 2818 376 2862 quod
402 2817 438 2851 in
465 2817 673 2861 vulgaribus
701 2818 919 2853 editionibus
953 2823 1038 2854 ante
1069 2819 1243 2854 Beckium
1278 2822 1365 2859 erat,
1405 2829 1500 2853 unus
1538 2818 1728 2853 confirmat
1759 2829 1781 2852 a

280 2876 426 2920 reliquis
452 2876 556 2910 bonis
583 2876 769 2911 discedens
789 2877 904 2912 Guelf.
923 2878 1031 2922 prior,
1058 2878 1252 2922 habetque,
1278 2881 1319 2912 ut
1344 2878 1518 2921 pleraque
1544 2877 1651 2911 huius
1677 2888 1780 2921 gene—

279 2935 326 2969 ris
352 2935 388 2969 in
415 2935 482 2969 hoc
509 2935 640 2977 codice,
668 2935 883 2970 coniecturae
909 2937 1045 2971 librarii
1071 2937 1239 2981 speciem,
1266 2947 1332 2971 nec
1356 2936 1440 2970 inde
1458 2939 1536 2970 orta
1554 2936 1777 2980 reliquorum
