1915 3235
986 91 1069 133 228

159 239 209 266 281
230 227 364 280 sequi,
404 228 452 267 ut
483 225 526 266 id
558 224 628 266 illo
660 226 857 276 tempore
889 221 974 275 (res
1008 222 1195 274 pertinet
1226 221 1282 262 ad
1314 234 1352 262 a.
1390 219 1490 273 177)
1523 220 1626 263 socii
1657 221 1823 263 habue-

155 2228 207 2254 282

231 299 326 339 rint.
390 296 476 337 Sed
508 295 606 336 huic
639 293 920 347 disputationi
952 292 1107 342 habeo,
1142 305 1239 344 quae
1264 305 1504 345 opponam3
1538 305 1634 345 quae
1662 292 1698 334 si
1722 306 1825 334 vera

229 371 307 418 est,
331 368 526 409 homines
551 366 621 415 illi,
653 378 786 418 quum
815 364 945 405 etiam
968 376 1082 404 nunc
1106 376 1183 415 pro
1207 362 1330 404 sociis
1356 376 1402 404 se
1426 365 1636 416 gererent,
1667 363 1824 404 liberos

228 438 501 491 mancipasse
534 435 716 490 putandi
748 437 862 476 sunt.
925 434 1057 487 Atqui
1090 433 1133 475 id
1164 433 1257 474 fieri
1289 433 1464 475 omnino
1507 447 1593 475 non
1632 436 1825 487 poterat3

227 523 331 551 nam
364 509 542 562 stirpem
575 507 818 560 relinquere
852 505 1072 546 debebant
1103 507 1210 555 tum,
1245 518 1376 557 quum
1411 506 1454 545 in
1488 504 1705 546 civitatem
1737 505 1826 546 Ro-

227 593 405 621 manam
437 578 702 626 transibant,
735 577 880 630 itaque
914 577 1072 618 liberos
1101 578 1230 617 antea
1254 575 1545 628 mancipando
1569 576 1827 628 eripuissent

227 651 308 692 sibi
352 650 535 691 civitatis
578 649 800 690 mutandae
834 648 1085 689 facultatem
1126 649 1168 688 et
1209 646 1344 688 coacti
1378 651 1522 688 essent
1555 646 1611 687 ad
1644 646 1828 687 alteram

228 722 427 763 fraudem
470 720 700 773 confugere
744 732 906 769 eorum,
956 718 1029 771 qui
1071 718 1228 759 liberos
1267 731 1353 759 non
1386 717 1612 759 haberent.
1675 717 1826 770 Itaque

227 806 361 846 quum
394 792 479 833 iam
514 805 591 844 pro
625 791 788 832 civibus
823 792 958 840 erant,
1008 789 1165 831 liberos
1209 789 1252 830 in
1283 788 1426 842 patria
1459 788 1629 829 relictos
1661 788 1826 829 manci-

226 863 395 916 pabant
426 863 519 904 aliis
559 862 738 903 civibus.
802 862 871 910 At,
921 861 1036 902 dicat
1076 860 1241 912 aliquis,
1292 860 1405 901 cives
1445 859 1547 900 facti
1587 859 1745 900 liberos
1784 860 1828 900 in

227 935 381 975 Latina
415 934 586 974 civitate
620 934 790 975 relictos
823 932 910 974 iam
951 946 1036 973 non
1069 931 1112 972 in
1151 932 1293 984 patria
1332 933 1548 983 potestate
1589 930 1826 971 habebant.

226 1005 393 1058 Nempe
425 1005 494 1046 hic
527 1006 645 1046 fraus
678 1005 794 1046 facta
828 1004 884 1045 ad
917 1003 1213 1045 condicionem
1246 1003 1350 1055 legis
1375 1001 1776 1054 subterfugiendam
1804 1014 1829 1042 a

226 1076 346 1117 Livio
378 1079 592 1126 narratur,
642 1089 773 1129 quam
806 1088 885 1116 nec
917 1075 991 1115 filii
1024 1087 1103 1115 nec
1137 1074 1249 1114 cives
1283 1073 1353 1122 illi,
1404 1073 1475 1125 qui
1509 1074 1753 1125 sequestres
1787 1074 1829 1114 et

226 1146 411 1188 ministri
443 1149 578 1196 erant,
614 1145 863 1199 impedituri
897 1148 1038 1194 erant;
1073 1145 1143 1186 3111
1176 1147 1323 1186 31110111
1346 1157 1487 1197 neque
1511 1144 1553 1184 in
1580 1143 1829 1185 libertatem

226 1217 320 1259 illos
369 1231 515 1259 servos
559 1217 815 1258 vindicaturi
864 1230 943 1257 nec
990 1215 1321 1257 manumissioni
1368 1215 1643 1256 intercessuri
1691 1217 1827 1256 erant.

226 1288 414 1330 Omnino
447 1302 611 1336 vereor,
646 1291 693 1329 ut
725 1288 853 1329 liceat
885 1287 1133 1340 diligentem
1159 1286 1278 1327 illam
1304 1299 1453 1327 curam
1478 1286 1828 1344 manumissionis

227 1360 646 1409 circumscribendae,
682 1373 778 1412 quae
812 1373 837 1400 a
869 1359 961 1412 lege
995 1358 1104 1399 AElia
1137 1357 1286 1398 Sentia
1318 1358 1461 1410 coepit,
1496 1356 1552 1398 ad
1585 1356 1830 1409 antiquiora

225 1433 425 1485 tempora
458 1431 659 1484 opinione
698 1426 994 1481 transferre.¹)
1058 1428 1144 1470 Sed
1182 1429 1265 1469 hac
1306 1428 1575 1469 dubitatione
1617 1428 1673 1469 ad
1712 1428 1830 1469 illam

227 1515 404 1544 causam
439 1503 723 1543 obtinendam
756 1515 864 1555 opus
896 1514 983 1542 non
1017 1503 1095 1542 est.
1158 1500 1308 1552 Itaque
1341 1499 1406 1540 his
1441 1499 1547 1540 Livii
1590 1499 1693 1541 locis
1724 1499 1829 1540 nihil

227 1573 339 1615 effici
371 1574 555 1614 videtur.
619 1573 745 1623 Quod
778 1577 923 1614 autem
959 1572 1015 1613 ad
1055 1571 1188 1625 ipsius
1221 1570 1369 1624 populi
1408 1570 1597 1612 Romani
1637 1583 1829 1612 commo-

227 1645 331 1686 dum
365 1646 409 1685 et
440 1644 496 1685 ad
529 1644 728 1697 augenda
760 1657 906 1685 rerum
938 1643 1077 1697 pretia
1116 1641 1375 1695 pertinuisse
1407 1643 1599 1695 putatur,
1641 1643 1688 1683 ut
1727 1640 1830 1683 socii

227 1716 533 1757 commercium
575 1716 802 1765 haberent,
851 1716 906 1756 ob
948 1727 1149 1768 agrorum
1190 1712 1379 1754 maxime
1420 1725 1732 1765 servorumque
1771 1712 1832 1754 ita

225 1787 553 1835 tradendorum,
588 1791 636 1828 ut
668 1786 831 1828 domini
865 1799 917 1827 ex
949 1787 1040 1826 iure
1073 1783 1303 1835 Quiritium
1337 1797 1409 1825 eos
1443 1786 1653 1833 tenerent,
1694 1783 1831 1824 facul-

226 1861 376 1908 tatem,
411 1858 599 1911 primum
633 1858 769 1899 multo
803 1858 928 1910 plura
960 1856 1003 1897 in
1036 1855 1224 1907 antiquis
1257 1855 1337 1895 illis
1363 1854 1567 1896 institutis
1595 1855 1662 1895 vel
1687 1854 1831 1908 potius

227 1929 391 1978 omnia,
442 1930 600 1982 quibus
648 1929 797 1982 populi
844 1928 999 1981 singuli
1047 1940 1091 1968 se
1141 1940 1165 1968 a
1214 1926 1479 1979 reliquorum
1528 1926 1831 1967 communione

226 2000 532 2053 seiungebant,
590 2000 646 2041 ad
694 2002 865 2041 nostras
914 1998 1138 2052 opiniones
1187 1997 1460 2039 considerata
1506 2009 1662 2050 parum
1710 1996 1832 2039 utilia

226 2071 449 2120 videntur,
498 2072 678 2124 ipsaque
719 2071 791 2112 illa
833 2084 937 2112 cura
970 2083 1115 2111 rerum
1148 2069 1480 2122 permutationis
1514 2067 1772 2109 adiuvandae
1806 2080 1832 2109 a

227 2144 423 2183 veterum
455 2142 757 2183 Romanorum
790 2142 961 2195 ingenio
995 2141 1213 2189 abhorret,
1264 2138 1503 2189 stabilitati,
1552 2139 1596 2180 in
1629 2151 1831 2192 agrorum

226 2214 417 2255 maxime
449 2213 808 2266 possessionibus,
850 2212 1103 2254 faventium.
1167 2211 1331 2252 Deinde
1363 2209 1502 2251 maior
1534 2223 1635 2263 pars
1667 2210 1831 2251 incom-

227 2284 344 2326 modi
392 2284 458 2325 vel
505 2286 645 2325 totum
693 2284 1017 2326 incommodum
1065 2283 1203 2324 socios
1251 2282 1493 2335 premebat.
1569 2281 1681 2322 Tum
1729 2294 1832 2323 Vero

227 2355 357 2396 aliam
397 2368 488 2396 rem
529 2368 616 2396 non
655 2355 1011 2396 animadvertunt
1050 2354 1128 2395 viri
1168 2353 1295 2395 docti.
1367 2353 1478 2394 Nam
1527 2352 1649 2393 fundi
1698 2351 1833 2393 Italici

228 2427 426 2476 eandem,
469 2440 567 2478 quae
600 2428 698 2479 post
731 2426 893 2467 bellum
926 2425 1085 2467 sociale
1118 2424 1210 2474 fuit,
1253 2424 1549 2465 condicionem
1582 2423 1669 2465 iam
1702 2424 1833 2464 antea

227 2497 359 2538 fuisse
392 2499 561 2549 putant.
626 2497 712 2538 Sed
745 2496 954 2549 quamdiu
994 2497 1209 2537 sociorum
1247 2508 1325 2536 sua
1367 2497 1492 2536 erant
1530 2495 1623 2536 iura
1662 2493 1832 2547 privata

227 2565 293 2620 (ut
325 2567 446 2608 verbi
480 2580 612 2609 causa
644 2568 697 2608 de
732 2568 892 2617 fenore,
927 2581 1024 2620 quae
1057 2567 1100 2608 in
1133 2567 1269 2608 altero
1297 2567 1367 2608 illo
1394 2566 1500 2607 Livii
1524 2566 1617 2607 1000
1642 2577 1831 2606 001111110-

226 2636 484 2690 morantur),
526 2639 696 2680 etiamsi
731 2639 1037 2680 commercium
1071 2638 1192 2680 verbi
1226 2651 1357 2679 causa
1390 2638 1501 2678 inter
1532 2637 1756 2678 Romanos
1790 2637 1833 2677 et

266 2800 296 2844 ¹)
321 2802 450 2846 Magna
477 2803 564 2836 mihi
591 2803 786 2837 difficultas
813 2814 890 2837 esse
918 2803 1072 2843 videtur,
1111 2802 1139 2836 si
1171 2802 1207 2836 id
1234 2802 1308 2843 fiat,
1348 2802 1384 2835 in
1411 2802 1453 2835 iis
1487 2801 1610 2841 servis,
1650 2800 1712 2845 qui
1739 2811 1832 2834 eme-

324 2862 458 2895 bantur
484 2873 505 2895 a
531 2862 740 2906 peregrinis,
769 2862 987 2906 quibuscum
1015 2861 1275 2896 commercium
1301 2872 1375 2895 non
1405 2864 1492 2895 erat.
