<?xml version="1.0" encoding="UTF-8"?>
<!DOCTYPE html PUBLIC "-//W3C//DTD XHTML 1.0 Transitional//EN"
    "http://www.w3.org/TR/xhtml1/DTD/xhtml1-transitional.dtd">
<html xmlns="http://www.w3.org/1999/xhtml" xml:lang="en" lang="en">
 <head>
  <title>
</title>
<meta http-equiv="Content-Type" content="text/html;charset=utf-8" />
  <meta name='ocr-system' content='tesseract 3.04.00' />
  <meta name='ocr-capabilities' content='ocr_page ocr_carea ocr_par ocr_line ocrx_word'/>
</head>
<body>
  <div class='ocr_page' id='page_1' title='image "./ionicolaimadvigi00madvuoft_0080.png"; bbox 0 0 1915 3235; ppageno 0'>
   <div class='ocr_carea' id='block_1_1' title="bbox 115 1509 150 1534">
    <p class='ocr_par' dir='ltr' id='par_1_1' title="bbox 115 1509 150 1534">
     <span class='ocr_line' id='line_1_1' title="bbox 115 1509 150 1534; baseline 0 0"><span class='ocrx_word' id='word_1_1' title='bbox 115 1509 150 1534; x_wconf 80' lang='lat'>72</span> 
     </span>
    </p>
   </div>
   <div class='ocr_carea' id='block_1_2' title="bbox 927 958 1015 1019">
    <p class='ocr_par' dir='ltr' id='par_1_2' title="bbox 927 958 1015 1019">
     <span class='ocr_line' id='line_1_2' title="bbox 927 958 1015 1019; baseline 0.011 -1"><span class='ocrx_word' id='word_1_2' title='bbox 927 958 1015 1019; x_wconf 87' lang='grc' dir='ltr'>ΙΙΙ..</span> 
     </span>
    </p>
   </div>
   <div class='ocr_carea' id='block_1_3' title="bbox 212 1069 1729 1338">
    <p class='ocr_par' dir='ltr' id='par_1_3' title="bbox 212 1069 1729 1338">
     <span class='ocr_line' id='line_1_3' title="bbox 212 1069 1729 1137; baseline 0.005 -8"><span class='ocrx_word' id='word_1_3' title='bbox 212 1069 294 1129; x_wconf 90' lang='lat' dir='ltr'>De</span> <span class='ocrx_word' id='word_1_4' title='bbox 332 1070 460 1130; x_wconf 85' lang='lat' dir='ltr'>loco</span> <span class='ocrx_word' id='word_1_5' title='bbox 501 1071 797 1133; x_wconf 79' lang='lat' dir='ltr'>Ciceronis</span> <span class='ocrx_word' id='word_1_6' title='bbox 835 1073 901 1132; x_wconf 90' lang='lat' dir='ltr'>in</span> <span class='ocrx_word' id='word_1_7' title='bbox 938 1072 1096 1134; x_wconf 84' lang='lat' dir='ltr'>libro</span> <span class='ocrx_word' id='word_1_8' title='bbox 1136 1073 1203 1135; x_wconf 90' lang='lat' dir='ltr'>IV</span> <span class='ocrx_word' id='word_1_9' title='bbox 1241 1075 1315 1134; x_wconf 90' lang='lat' dir='ltr'>de</span> <span class='ocrx_word' id='word_1_10' title='bbox 1353 1075 1435 1135; x_wconf 88' lang='lat' dir='ltr'>Re</span> <span class='ocrx_word' id='word_1_11' title='bbox 1480 1076 1729 1137; x_wconf 75' lang='lat' dir='ltr'>Publica</span> 
     </span>
     <span class='ocr_line' id='line_1_4' title="bbox 251 1165 1654 1246; baseline 0.004 -22"><span class='ocrx_word' id='word_1_12' title='bbox 251 1165 368 1224; x_wconf 81' lang='lat' dir='ltr'>‘ad</span> <span class='ocrx_word' id='word_1_13' title='bbox 408 1166 645 1226; x_wconf 83' lang='lat' dir='ltr'>ordinis.</span> <span class='ocrx_word' id='word_1_14' title='bbox 679 1167 982 1243; x_wconf 80' lang='lat' dir='ltr'>equestris</span> <span class='ocrx_word' id='word_1_15' title='bbox 1020 1168 1309 1228; x_wconf 78' lang='lat' dir='ltr'>instituta</span> <span class='ocrx_word' id='word_1_16' title='bbox 1349 1172 1654 1246; x_wconf 80' lang='lat' dir='ltr'>spectanti</span> 
     </span>
     <span class='ocr_line' id='line_1_5' title="bbox 772 1261 1173 1338; baseline 0.005 -18"><span class='ocrx_word' id='word_1_17' title='bbox 772 1261 1125 1338; x_wconf 76' lang='lat' dir='ltr'>disputatio¹</span> <span class='ocrx_word' id='word_1_18' title='bbox 1141 1262 1173 1328; x_wconf 90' lang='grc'>1)</span> 
     </span>
    </p>
   </div>
   <div class='ocr_carea' id='block_1_4' title="bbox 864 1404 1075 1411">
    <p class='ocr_par' dir='ltr' id='par_1_4' title="bbox 864 1404 1075 1411">
     <span class='ocr_line' id='line_1_6' title="bbox 864 1404 1075 1411; baseline 0 0"><span class='ocrx_word' id='word_1_19' title='bbox 864 1404 1075 1411; x_wconf 95' lang='lat' dir='ltr'> </span> 
     </span>
    </p>
   </div>
   <div class='ocr_carea' id='block_1_5' title="bbox 166 1449 1774 2678">
    <p class='ocr_par' dir='ltr' id='par_1_5' title="bbox 166 1449 1774 2678">
     <span class='ocr_line' id='line_1_7' title="bbox 292 1449 1771 1541; baseline 0.002 -10"><span class='ocrx_word' id='word_1_20' title='bbox 292 1449 438 1531; x_wconf 78' lang='lat' dir='ltr'>Quod</span> <span class='ocrx_word' id='word_1_21' title='bbox 469 1487 512 1528; x_wconf 90' lang='lat' dir='ltr'>in</span> <span class='ocrx_word' id='word_1_22' title='bbox 544 1487 594 1528; x_wconf 91' lang='lat' dir='ltr'>iis</span> <span class='ocrx_word' id='word_1_23' title='bbox 627 1488 791 1538; x_wconf 84' lang='lat' dir='ltr'>litteris,</span> <span class='ocrx_word' id='word_1_24' title='bbox 827 1502 922 1541; x_wconf 83' lang='lat' dir='ltr'>quae</span> <span class='ocrx_word' id='word_1_25' title='bbox 955 1492 1337 1531; x_wconf 77' lang='lat' dir='ltr'>monumentorum</span> <span class='ocrx_word' id='word_1_26' title='bbox 1370 1490 1455 1532; x_wconf 89' lang='lat' dir='ltr'>fide</span> <span class='ocrx_word' id='word_1_27' title='bbox 1479 1494 1522 1533; x_wconf 87' lang='lat' dir='ltr'>et</span> <span class='ocrx_word' id='word_1_28' title='bbox 1543 1492 1771 1534; x_wconf 80' lang='lat' dir='ltr'>vetustatis</span> 
     </span>
     <span class='ocr_line' id='line_1_8' title="bbox 172 1558 1772 1613; baseline 0.003 -14"><span class='ocrx_word' id='word_1_29' title='bbox 172 1558 383 1600; x_wconf 89' lang='lat' dir='ltr'>memoria</span> <span class='ocrx_word' id='word_1_30' title='bbox 414 1558 623 1609; x_wconf 74' lang='lat' dir='ltr'>nituntur,</span> <span class='ocrx_word' id='word_1_31' title='bbox 673 1559 864 1601; x_wconf 73' lang='lat' dir='ltr'>studiose</span> <span class='ocrx_word' id='word_1_32' title='bbox 905 1573 1076 1613; x_wconf 79' lang='lat' dir='ltr'>semper</span> <span class='ocrx_word' id='word_1_33' title='bbox 1109 1560 1356 1602; x_wconf 88' lang='lat' dir='ltr'>faciendum</span> <span class='ocrx_word' id='word_1_34' title='bbox 1390 1564 1468 1612; x_wconf 89' lang='lat' dir='ltr'>est,</span> <span class='ocrx_word' id='word_1_35' title='bbox 1516 1564 1576 1613; x_wconf 83' lang='lat' dir='ltr'>ut,</span> <span class='ocrx_word' id='word_1_36' title='bbox 1626 1576 1772 1604; x_wconf 87' lang='lat' dir='ltr'>acces-</span> 
     </span>
     <span class='ocr_line' id='line_1_9' title="bbox 171 1629 1773 1685; baseline 0.003 -15"><span class='ocrx_word' id='word_1_37' title='bbox 171 1629 290 1671; x_wconf 81' lang='lat' dir='ltr'>sione</span> <span class='ocrx_word' id='word_1_38' title='bbox 323 1629 467 1682; x_wconf 89' lang='lat' dir='ltr'>aliqua</span> <span class='ocrx_word' id='word_1_39' title='bbox 499 1630 694 1671; x_wconf 81' lang='lat' dir='ltr'>materiae</span> <span class='ocrx_word' id='word_1_40' title='bbox 734 1631 863 1681; x_wconf 80' lang='lat' dir='ltr'>facta,</span> <span class='ocrx_word' id='word_1_41' title='bbox 911 1631 1101 1684; x_wconf 89' lang='lat' dir='ltr'>primum</span> <span class='ocrx_word' id='word_1_42' title='bbox 1140 1632 1400 1685; x_wconf 79' lang='lat' dir='ltr'>exploretur,</span> <span class='ocrx_word' id='word_1_43' title='bbox 1450 1633 1553 1685; x_wconf 90' lang='lat' dir='ltr'>quid</span> <span class='ocrx_word' id='word_1_44' title='bbox 1591 1633 1691 1675; x_wconf 90' lang='lat' dir='ltr'>insit</span> <span class='ocrx_word' id='word_1_45' title='bbox 1729 1634 1773 1675; x_wconf 91' lang='lat' dir='ltr'>in</span> 
     </span>
     <span class='ocr_line' id='line_1_10' title="bbox 170 1701 1772 1758; baseline 0.003 -17"><span class='ocrx_word' id='word_1_46' title='bbox 170 1701 233 1751; x_wconf 86' lang='lat' dir='ltr'>iis,</span> <span class='ocrx_word' id='word_1_47' title='bbox 268 1714 365 1753; x_wconf 85' lang='lat' dir='ltr'>quae</span> <span class='ocrx_word' id='word_1_48' title='bbox 398 1704 571 1753; x_wconf 85' lang='lat' dir='ltr'>reperta</span> <span class='ocrx_word' id='word_1_49' title='bbox 603 1701 700 1751; x_wconf 89' lang='lat' dir='ltr'>sint,</span> <span class='ocrx_word' id='word_1_50' title='bbox 735 1702 851 1754; x_wconf 83' lang='lat' dir='ltr'>quod</span> <span class='ocrx_word' id='word_1_51' title='bbox 884 1702 941 1743; x_wconf 91' lang='lat' dir='ltr'>ad</span> <span class='ocrx_word' id='word_1_52' title='bbox 973 1716 1193 1756; x_wconf 86' lang='lat' dir='ltr'>quamque</span> <span class='ocrx_word' id='word_1_53' title='bbox 1218 1703 1454 1757; x_wconf 82' lang='lat' dir='ltr'>disciplinae</span> <span class='ocrx_word' id='word_1_54' title='bbox 1478 1706 1649 1757; x_wconf 86' lang='lat' dir='ltr'>partem</span> <span class='ocrx_word' id='word_1_55' title='bbox 1672 1718 1772 1758; x_wconf 87' lang='lat' dir='ltr'>per-</span> 
     </span>
     <span class='ocr_line' id='line_1_11' title="bbox 169 1772 1771 1827; baseline 0.002 -14"><span class='ocrx_word' id='word_1_56' title='bbox 169 1773 318 1822; x_wconf 85' lang='lat' dir='ltr'>tineat,</span> <span class='ocrx_word' id='word_1_57' title='bbox 361 1772 516 1813; x_wconf 90' lang='lat' dir='ltr'>deinde</span> <span class='ocrx_word' id='word_1_58' title='bbox 557 1775 705 1813; x_wconf 89' lang='lat' dir='ltr'>autem</span> <span class='ocrx_word' id='word_1_59' title='bbox 747 1776 981 1825; x_wconf 72' lang='lat' dir='ltr'>quaeratur,</span> <span class='ocrx_word' id='word_1_60' title='bbox 1023 1774 1240 1827; x_wconf 90' lang='lat' dir='ltr'>quomodo</span> <span class='ocrx_word' id='word_1_61' title='bbox 1280 1787 1431 1816; x_wconf 87' lang='lat' dir='ltr'>recens</span> <span class='ocrx_word' id='word_1_62' title='bbox 1463 1775 1639 1817; x_wconf 79' lang='lat' dir='ltr'>inventa</span> <span class='ocrx_word' id='word_1_63' title='bbox 1671 1776 1771 1817; x_wconf 89' lang='lat' dir='ltr'>olim</span> 
     </span>
     <span class='ocr_line' id='line_1_12' title="bbox 168 1843 1774 1900; baseline 0.003 -17"><span class='ocrx_word' id='word_1_64' title='bbox 168 1843 281 1884; x_wconf 89' lang='lat' dir='ltr'>notis</span> <span class='ocrx_word' id='word_1_65' title='bbox 313 1843 527 1896; x_wconf 79' lang='lat' dir='ltr'>vulgoque</span> <span class='ocrx_word' id='word_1_66' title='bbox 559 1843 729 1885; x_wconf 86' lang='lat' dir='ltr'>traditis</span> <span class='ocrx_word' id='word_1_67' title='bbox 754 1844 1057 1897; x_wconf 80' lang='lat' dir='ltr'>adiungantur,</span> <span class='ocrx_word' id='word_1_68' title='bbox 1092 1845 1404 1887; x_wconf 88' lang='lat' dir='ltr'>confirmentne</span> <span class='ocrx_word' id='word_1_69' title='bbox 1430 1859 1481 1887; x_wconf 90' lang='lat' dir='ltr'>ea</span> <span class='ocrx_word' id='word_1_70' title='bbox 1512 1849 1554 1887; x_wconf 86' lang='lat' dir='ltr'>et</span> <span class='ocrx_word' id='word_1_71' title='bbox 1584 1849 1774 1900; x_wconf 77' lang='lat' dir='ltr'>augeant</span> 
     </span>
     <span class='ocr_line' id='line_1_13' title="bbox 169 1914 1771 1970; baseline 0.002 -16"><span class='ocrx_word' id='word_1_72' title='bbox 169 1927 225 1955; x_wconf 86' lang='lat' dir='ltr'>an</span> <span class='ocrx_word' id='word_1_73' title='bbox 266 1916 536 1955; x_wconf 78' lang='lat' dir='ltr'>commutent</span> <span class='ocrx_word' id='word_1_74' title='bbox 567 1914 718 1955; x_wconf 82' lang='lat' dir='ltr'>leviter</span> <span class='ocrx_word' id='word_1_75' title='bbox 757 1915 902 1968; x_wconf 86' lang='lat' dir='ltr'>aliqua</span> <span class='ocrx_word' id='word_1_76' title='bbox 943 1929 995 1957; x_wconf 77' lang='lat' dir='ltr'>ex</span> <span class='ocrx_word' id='word_1_77' title='bbox 1033 1919 1157 1969; x_wconf 90' lang='lat' dir='ltr'>parte</span> <span class='ocrx_word' id='word_1_78' title='bbox 1205 1929 1261 1958; x_wconf 89' lang='lat' dir='ltr'>an</span> <span class='ocrx_word' id='word_1_79' title='bbox 1298 1916 1428 1969; x_wconf 88' lang='lat' dir='ltr'>plane</span> <span class='ocrx_word' id='word_1_80' title='bbox 1468 1916 1630 1970; x_wconf 86' lang='lat' dir='ltr'>aliquid</span> <span class='ocrx_word' id='word_1_81' title='bbox 1670 1931 1771 1959; x_wconf 94' lang='lat' dir='ltr'>con-</span> 
     </span>
     <span class='ocr_line' id='line_1_14' title="bbox 168 1984 1770 2039; baseline 0.003 -14"><span class='ocrx_word' id='word_1_82' title='bbox 168 1984 342 2035; x_wconf 74' lang='lat' dir='ltr'>vellant,</span> <span class='ocrx_word' id='word_1_83' title='bbox 376 1984 421 2025; x_wconf 92' lang='lat' dir='ltr'>in</span> <span class='ocrx_word' id='word_1_84' title='bbox 453 1998 538 2037; x_wconf 88' lang='lat' dir='ltr'>qua</span> <span class='ocrx_word' id='word_1_85' title='bbox 571 1986 810 2038; x_wconf 81' lang='lat' dir='ltr'>quaestione</span> <span class='ocrx_word' id='word_1_86' title='bbox 843 1989 1077 2039; x_wconf 89' lang='lat' dir='ltr'>utrumque</span> <span class='ocrx_word' id='word_1_87' title='bbox 1111 1987 1354 2028; x_wconf 86' lang='lat' dir='ltr'>cavendum</span> <span class='ocrx_word' id='word_1_88' title='bbox 1378 1989 1457 2038; x_wconf 90' lang='lat' dir='ltr'>est,</span> <span class='ocrx_word' id='word_1_89' title='bbox 1490 2001 1545 2029; x_wconf 90' lang='lat' dir='ltr'>ne</span> <span class='ocrx_word' id='word_1_90' title='bbox 1568 1988 1770 2030; x_wconf 86' lang='lat' dir='ltr'>novitatis</span> 
     </span>
     <span class='ocr_line' id='line_1_15' title="bbox 168 2055 1770 2110; baseline 0.002 -14"><span class='ocrx_word' id='word_1_91' title='bbox 168 2055 334 2108; x_wconf 88' lang='lat' dir='ltr'>species</span> <span class='ocrx_word' id='word_1_92' title='bbox 368 2058 443 2096; x_wconf 87' lang='lat' dir='ltr'>aut</span> <span class='ocrx_word' id='word_1_93' title='bbox 474 2056 602 2097; x_wconf 89' lang='lat' dir='ltr'>nimis</span> <span class='ocrx_word' id='word_1_94' title='bbox 636 2057 831 2098; x_wconf 89' lang='lat' dir='ltr'>animum</span> <span class='ocrx_word' id='word_1_95' title='bbox 865 2057 1024 2099; x_wconf 86' lang='lat' dir='ltr'>alliciat</span> <span class='ocrx_word' id='word_1_96' title='bbox 1056 2060 1132 2099; x_wconf 89' lang='lat' dir='ltr'>aut</span> <span class='ocrx_word' id='word_1_97' title='bbox 1164 2058 1355 2110; x_wconf 90' lang='lat' dir='ltr'>quodam</span> <span class='ocrx_word' id='word_1_98' title='bbox 1385 2059 1515 2100; x_wconf 91' lang='lat' dir='ltr'>modo</span> <span class='ocrx_word' id='word_1_99' title='bbox 1540 2059 1770 2109; x_wconf 88' lang='lat' dir='ltr'>deterreat,</span> 
     </span>
     <span class='ocr_line' id='line_1_16' title="bbox 166 2126 1771 2182; baseline 0.003 -16"><span class='ocrx_word' id='word_1_100' title='bbox 166 2126 211 2166; x_wconf 91' lang='lat' dir='ltr'>id</span> <span class='ocrx_word' id='word_1_101' title='bbox 257 2126 382 2179; x_wconf 85' lang='lat' dir='ltr'>longe</span> <span class='ocrx_word' id='word_1_102' title='bbox 431 2127 640 2168; x_wconf 84' lang='lat' dir='ltr'>acerrime</span> <span class='ocrx_word' id='word_1_103' title='bbox 687 2128 732 2168; x_wconf 91' lang='lat' dir='ltr'>in</span> <span class='ocrx_word' id='word_1_104' title='bbox 779 2128 831 2170; x_wconf 92' lang='lat' dir='ltr'>iis</span> <span class='ocrx_word' id='word_1_105' title='bbox 881 2128 1116 2182; x_wconf 85' lang='lat' dir='ltr'>disciplinae</span> <span class='ocrx_word' id='word_1_106' title='bbox 1164 2129 1361 2182; x_wconf 87' lang='lat' dir='ltr'>partibus</span> <span class='ocrx_word' id='word_1_107' title='bbox 1410 2130 1627 2182; x_wconf 83' lang='lat' dir='ltr'>agendum</span> <span class='ocrx_word' id='word_1_108' title='bbox 1675 2142 1771 2171; x_wconf 86' lang='lat' dir='ltr'>esse</span> 
     </span>
     <span class='ocr_line' id='line_1_17' title="bbox 168 2197 1771 2254; baseline 0.002 -17"><span class='ocrx_word' id='word_1_109' title='bbox 168 2199 301 2250; x_wconf 84' lang='lat' dir='ltr'>patet,</span> <span class='ocrx_word' id='word_1_110' title='bbox 335 2197 379 2238; x_wconf 87' lang='lat' dir='ltr'>in</span> <span class='ocrx_word' id='word_1_111' title='bbox 412 2197 569 2250; x_wconf 88' lang='lat' dir='ltr'>quibus</span> <span class='ocrx_word' id='word_1_112' title='bbox 603 2201 646 2239; x_wconf 92' lang='lat' dir='ltr'>et</span> <span class='ocrx_word' id='word_1_113' title='bbox 677 2199 826 2240; x_wconf 84' lang='lat' dir='ltr'>multae</span> <span class='ocrx_word' id='word_1_114' title='bbox 859 2213 1117 2253; x_wconf 82' lang='lat' dir='ltr'>magnaeque</span> <span class='ocrx_word' id='word_1_115' title='bbox 1151 2199 1444 2241; x_wconf 83' lang='lat' dir='ltr'>dubitationes</span> <span class='ocrx_word' id='word_1_116' title='bbox 1478 2200 1563 2241; x_wconf 87' lang='lat' dir='ltr'>sint</span> <span class='ocrx_word' id='word_1_117' title='bbox 1593 2202 1771 2254; x_wconf 86' lang='lat' dir='ltr'>propter</span> 
     </span>
     <span class='ocr_line' id='line_1_18' title="bbox 168 2268 1770 2325; baseline 0.002 -17"><span class='ocrx_word' id='word_1_118' title='bbox 168 2281 331 2318; x_wconf 85' lang='lat' dir='ltr'>eorum,</span> <span class='ocrx_word' id='word_1_119' title='bbox 381 2281 477 2320; x_wconf 82' lang='lat' dir='ltr'>quae</span> <span class='ocrx_word' id='word_1_120' title='bbox 516 2268 560 2309; x_wconf 88' lang='lat' dir='ltr'>in</span> <span class='ocrx_word' id='word_1_121' title='bbox 598 2270 892 2311; x_wconf 87' lang='lat' dir='ltr'>monumentis</span> <span class='ocrx_word' id='word_1_122' title='bbox 932 2270 1094 2311; x_wconf 86' lang='lat' dir='ltr'>tradita</span> <span class='ocrx_word' id='word_1_123' title='bbox 1127 2270 1225 2321; x_wconf 87' lang='lat' dir='ltr'>sint,</span> <span class='ocrx_word' id='word_1_124' title='bbox 1272 2271 1552 2323; x_wconf 79' lang='lat' dir='ltr'>paucitatem,</span> <span class='ocrx_word' id='word_1_125' title='bbox 1602 2274 1643 2312; x_wconf 93' lang='lat' dir='ltr'>et</span> <span class='ocrx_word' id='word_1_126' title='bbox 1675 2271 1770 2325; x_wconf 89' lang='lat' dir='ltr'>ipsa</span> 
     </span>
     <span class='ocr_line' id='line_1_19' title="bbox 166 2339 1771 2396; baseline 0.003 -17"><span class='ocrx_word' id='word_1_127' title='bbox 166 2341 315 2380; x_wconf 87' lang='lat' dir='ltr'>tamen</span> <span class='ocrx_word' id='word_1_128' title='bbox 362 2339 424 2380; x_wconf 90' lang='lat' dir='ltr'>rei</span> <span class='ocrx_word' id='word_1_129' title='bbox 470 2340 705 2392; x_wconf 83' lang='lat' dir='ltr'>propositae</span> <span class='ocrx_word' id='word_1_130' title='bbox 744 2343 902 2382; x_wconf 88' lang='lat' dir='ltr'>natura</span> <span class='ocrx_word' id='word_1_131' title='bbox 942 2341 1215 2394; x_wconf 85' lang='lat' dir='ltr'>dignitasque</span> <span class='ocrx_word' id='word_1_132' title='bbox 1256 2342 1313 2383; x_wconf 88' lang='lat' dir='ltr'>ad</span> <span class='ocrx_word' id='word_1_133' title='bbox 1351 2342 1497 2383; x_wconf 91' lang='lat' dir='ltr'>omnia</span> <span class='ocrx_word' id='word_1_134' title='bbox 1545 2342 1771 2396; x_wconf 84' lang='lat' dir='ltr'>diligenter</span> 
     </span>
     <span class='ocr_line' id='line_1_20' title="bbox 166 2410 1769 2466; baseline 0.002 -16"><span class='ocrx_word' id='word_1_135' title='bbox 166 2410 436 2462; x_wconf 87' lang='lat' dir='ltr'>anquirenda</span> <span class='ocrx_word' id='word_1_136' title='bbox 469 2410 687 2451; x_wconf 76' lang='lat' dir='ltr'>exhortari</span> <span class='ocrx_word' id='word_1_137' title='bbox 719 2411 930 2452; x_wconf 80' lang='lat' dir='ltr'>videatur.</span> <span class='ocrx_word' id='word_1_138' title='bbox 993 2412 1256 2454; x_wconf 89' lang='lat' dir='ltr'>Huiusmodi</span> <span class='ocrx_word' id='word_1_139' title='bbox 1288 2415 1354 2454; x_wconf 88' lang='lat' dir='ltr'>est</span> <span class='ocrx_word' id='word_1_140' title='bbox 1384 2412 1428 2453; x_wconf 92' lang='lat' dir='ltr'>in</span> <span class='ocrx_word' id='word_1_141' title='bbox 1460 2413 1769 2466; x_wconf 84' lang='lat' dir='ltr'>antiquitatum</span> 
     </span>
     <span class='ocr_line' id='line_1_21' title="bbox 166 2481 1768 2537; baseline 0.003 -16"><span class='ocrx_word' id='word_1_142' title='bbox 166 2481 467 2522; x_wconf 86' lang='lat' dir='ltr'>Romanarum</span> <span class='ocrx_word' id='word_1_143' title='bbox 507 2481 733 2535; x_wconf 83' lang='lat' dir='ltr'>disciplina</span> <span class='ocrx_word' id='word_1_144' title='bbox 780 2483 899 2524; x_wconf 85' lang='lat' dir='ltr'>locus</span> <span class='ocrx_word' id='word_1_145' title='bbox 942 2483 996 2523; x_wconf 92' lang='lat' dir='ltr'>de</span> <span class='ocrx_word' id='word_1_146' title='bbox 1043 2483 1192 2525; x_wconf 88' lang='lat' dir='ltr'>ordine</span> <span class='ocrx_word' id='word_1_147' title='bbox 1240 2483 1442 2536; x_wconf 80' lang='lat' dir='ltr'>equestri,</span> <span class='ocrx_word' id='word_1_148' title='bbox 1490 2484 1535 2525; x_wconf 91' lang='lat' dir='ltr'>in</span> <span class='ocrx_word' id='word_1_149' title='bbox 1581 2497 1667 2537; x_wconf 89' lang='lat' dir='ltr'>quo</span> <span class='ocrx_word' id='word_1_150' title='bbox 1715 2484 1768 2526; x_wconf 85' lang='lat' dir='ltr'>de</span> 
     </span>
     <span class='ocr_line' id='line_1_22' title="bbox 167 2551 1768 2608; baseline 0.002 -17"><span class='ocrx_word' id='word_1_151' title='bbox 167 2551 391 2592; x_wconf 86' lang='lat' dir='ltr'>hominum</span> <span class='ocrx_word' id='word_1_152' title='bbox 425 2551 670 2593; x_wconf 79' lang='lat' dir='ltr'>discrimine</span> <span class='ocrx_word' id='word_1_153' title='bbox 699 2553 906 2605; x_wconf 75' lang='lat' dir='ltr'>quaeritur</span> <span class='ocrx_word' id='word_1_154' title='bbox 939 2556 979 2595; x_wconf 86' lang='lat' dir='ltr'>et</span> <span class='ocrx_word' id='word_1_155' title='bbox 1014 2554 1067 2594; x_wconf 88' lang='lat' dir='ltr'>de</span> <span class='ocrx_word' id='word_1_156' title='bbox 1090 2557 1215 2607; x_wconf 89' lang='lat' dir='ltr'>parte</span> <span class='ocrx_word' id='word_1_157' title='bbox 1246 2554 1317 2595; x_wconf 84' lang='lat' dir='ltr'>illa</span> <span class='ocrx_word' id='word_1_158' title='bbox 1341 2554 1502 2608; x_wconf 83' lang='lat' dir='ltr'>populi,</span> <span class='ocrx_word' id='word_1_159' title='bbox 1536 2567 1633 2607; x_wconf 84' lang='lat' dir='ltr'>quae</span> <span class='ocrx_word' id='word_1_160' title='bbox 1658 2554 1768 2596; x_wconf 85' lang='lat' dir='ltr'>inter</span> 
     </span>
     <span class='ocr_line' id='line_1_23' title="bbox 167 2622 1766 2678; baseline 0.003 -16"><span class='ocrx_word' id='word_1_161' title='bbox 167 2634 253 2671; x_wconf 87' lang='lat' dir='ltr'>eos,</span> <span class='ocrx_word' id='word_1_162' title='bbox 288 2622 360 2674; x_wconf 90' lang='lat' dir='ltr'>qui</span> <span class='ocrx_word' id='word_1_163' title='bbox 393 2635 576 2663; x_wconf 84' lang='lat' dir='ltr'>summae</span> <span class='ocrx_word' id='word_1_164' title='bbox 608 2623 669 2664; x_wconf 92' lang='lat' dir='ltr'>rei</span> <span class='ocrx_word' id='word_1_165' title='bbox 701 2624 887 2676; x_wconf 82' lang='lat' dir='ltr'>publicae</span> <span class='ocrx_word' id='word_1_166' title='bbox 911 2624 1132 2678; x_wconf 83' lang='lat' dir='ltr'>praepositi</span> <span class='ocrx_word' id='word_1_167' title='bbox 1164 2627 1277 2675; x_wconf 91' lang='lat' dir='ltr'>sunt,</span> <span class='ocrx_word' id='word_1_168' title='bbox 1312 2627 1354 2666; x_wconf 85' lang='lat' dir='ltr'>et</span> <span class='ocrx_word' id='word_1_169' title='bbox 1378 2624 1604 2666; x_wconf 86' lang='lat' dir='ltr'>confusam</span> <span class='ocrx_word' id='word_1_170' title='bbox 1628 2624 1766 2678; x_wconf 90' lang='lat' dir='ltr'>plebis</span> 
     </span>
    </p>
   </div>
   <div class='ocr_carea' id='block_1_6' title="bbox 112 2692 1767 2748">
    <p class='ocr_par' dir='ltr' id='par_1_6' title="bbox 112 2692 1767 2748">
     <span class='ocr_line' id='line_1_24' title="bbox 112 2692 1767 2748; baseline 0.002 -15"><span class='ocrx_word' id='word_1_171' title='bbox 112 2712 147 2737; x_wconf 79' lang='lat'>73</span> <span class='ocrx_word' id='word_1_172' title='bbox 166 2692 341 2734; x_wconf 89' lang='lat' dir='ltr'>turbam</span> <span class='ocrx_word' id='word_1_173' title='bbox 381 2693 605 2734; x_wconf 89' lang='lat' dir='ltr'>interiecta</span> <span class='ocrx_word' id='word_1_174' title='bbox 644 2694 706 2734; x_wconf 89' lang='lat' dir='ltr'>rei</span> <span class='ocrx_word' id='word_1_175' title='bbox 738 2694 924 2747; x_wconf 83' lang='lat' dir='ltr'>publicae</span> <span class='ocrx_word' id='word_1_176' title='bbox 956 2696 1233 2737; x_wconf 88' lang='lat' dir='ltr'>firmamenta</span> <span class='ocrx_word' id='word_1_177' title='bbox 1271 2708 1476 2748; x_wconf 86' lang='lat' dir='ltr'>magnam</span> <span class='ocrx_word' id='word_1_178' title='bbox 1520 2698 1691 2748; x_wconf 87' lang='lat' dir='ltr'>partem</span> <span class='ocrx_word' id='word_1_179' title='bbox 1723 2695 1767 2736; x_wconf 85' lang='lat' dir='ltr'>in</span> 
     </span>
    </p>
   </div>
   <div class='ocr_carea' id='block_1_7' title="bbox 166 2764 1765 2819">
    <p class='ocr_par' dir='ltr' id='par_1_7' title="bbox 166 2764 1765 2819">
     <span class='ocr_line' id='line_1_25' title="bbox 166 2764 1765 2819; baseline 0.002 -15"><span class='ocrx_word' id='word_1_180' title='bbox 166 2776 212 2804; x_wconf 88' lang='lat' dir='ltr'>se</span> <span class='ocrx_word' id='word_1_181' title='bbox 255 2764 465 2813; x_wconf 84' lang='lat' dir='ltr'>continet3</span> <span class='ocrx_word' id='word_1_182' title='bbox 513 2764 556 2804; x_wconf 91' lang='lat' dir='ltr'>in</span> <span class='ocrx_word' id='word_1_183' title='bbox 603 2764 810 2806; x_wconf 89' lang='lat' dir='ltr'>institutis</span> <span class='ocrx_word' id='word_1_184' title='bbox 851 2768 999 2807; x_wconf 87' lang='lat' dir='ltr'>autem</span> <span class='ocrx_word' id='word_1_185' title='bbox 1039 2766 1142 2819; x_wconf 87' lang='lat' dir='ltr'>ipsis</span> <span class='ocrx_word' id='word_1_186' title='bbox 1183 2766 1400 2819; x_wconf 87' lang='lat' dir='ltr'>permulta</span> <span class='ocrx_word' id='word_1_187' title='bbox 1440 2769 1541 2807; x_wconf 91' lang='lat' dir='ltr'>sunt</span> <span class='ocrx_word' id='word_1_188' title='bbox 1572 2766 1765 2808; x_wconf 90' lang='lat' dir='ltr'>nondum</span> 
     </span>
    </p>
   </div>
   <div class='ocr_carea' id='block_1_8' title="bbox 203 2925 1669 2974">
    <p class='ocr_par' dir='ltr' id='par_1_8' title="bbox 203 2925 1669 2974">
     <span class='ocr_line' id='line_1_26' title="bbox 203 2925 1669 2974; baseline 0.002 -13"><span class='ocrx_word' id='word_1_189' title='bbox 203 2925 233 2969; x_wconf 89' lang='lat'>¹)</span> <span class='ocrx_word' id='word_1_190' title='bbox 258 2928 399 2973; x_wconf 84' lang='lat' dir='ltr'>Scripta</span> <span class='ocrx_word' id='word_1_191' title='bbox 427 2939 458 2962; x_wconf 88' lang='lat' dir='ltr'>a.</span> <span class='ocrx_word' id='word_1_192' title='bbox 488 2928 580 2962; x_wconf 87' lang='lat'>1830</span> <span class='ocrx_word' id='word_1_193' title='bbox 605 2930 650 2963; x_wconf 87' lang='lat' dir='ltr'>ad</span> <span class='ocrx_word' id='word_1_194' title='bbox 676 2929 907 2964; x_wconf 84' lang='lat' dir='ltr'>indicendam</span> <span class='ocrx_word' id='word_1_195' title='bbox 934 2930 1168 2974; x_wconf 82' lang='lat' dir='ltr'>magistratus</span> <span class='ocrx_word' id='word_1_196' title='bbox 1194 2929 1391 2964; x_wconf 85' lang='lat' dir='ltr'>academici</span> <span class='ocrx_word' id='word_1_197' title='bbox 1416 2930 1669 2965; x_wconf 86' lang='lat' dir='ltr'>mutationem.</span> 
     </span>
    </p>
   </div>
  </div>
 </body>
</html>
