1915 3235
996 135 1081 176 436

361 263 567 316 Insignior
601 263 846 305 emendatio
879 264 1126 306 adhibenda
1153 267 1218 306 est
1241 265 1384 306 verbis
1409 266 1473 316 iis,
1507 265 1663 318 quibus
1691 265 1839 308 Cicero

245 348 278 376 c.
315 335 381 384 18,
425 335 476 375 41
526 334 764 383 confirmat,
813 334 1046 388 hospitium
1087 335 1322 377 Gaditanos
1362 349 1459 377 cum
1498 336 1635 378 Balbo
1667 336 1838 389 publice

244 405 408 446 fecisse.
472 404 699 446 Scribitur:
749 405 974 459 Proferam
1005 411 1135 460 testes,
1180 406 1399 461 proferam
1432 408 1607 462 Zeqatos:
1656 407 1838 448 excitabo

244 475 497 527 laudatores,
538 489 637 531 (letos
670 476 727 516 ad
757 476 831 517 hoe
863 476 1079 529 iudicium,
1128 491 1307 519 smnmos·
1338 478 1522 519 homi-nes
1554 492 1602 519 ae
1633 478 1838 520 nobilissi-

246 559 341 599 mos,
390 546 675 600 deprecatores
721 547 846 588 haias
875 548 1058 602 periculi
1098 549 1241 589 missos
1281 549 1438 590 videtis.
1508 549 1688 590 Foedam
1735 562 1838 591 Vero

243 616 473 658 maculam.
537 617 640 667 Quis
675 617 788 658 enim
820 620 953 660 testes
987 621 1029 660 et
1060 619 1223 671 legatos
1249 618 1449 673 proferre
1482 633 1528 660 se
1572 620 1690 670 dixit,
1739 625 1836 661 tan-

244 701 374 740 quam
408 688 608 729 manibus
642 691 843 741 gestaret,
893 702 1026 742 quum
1058 689 1337 743 produceret?
1384 690 1496 731 Nam
1528 691 1693 744 reliqua
1724 704 1837 744 prae-

243 759 447 809 termitto,
495 760 678 800 verbum
718 759 784 800 his
831 761 1019 813 positum
1066 760 1250 813 illepide,
1300 763 1431 802 testes
1479 774 1504 802 a
1550 761 1715 815 legatis,
1764 762 1837 814 qui

244 829 394 882 optimi
428 832 550 871 erant
582 832 726 877 testes,
761 831 976 872 seiunctos
1008 831 1145 884 iisque
1168 832 1435 885 praepositos,
1471 845 1495 873 a
1518 832 1668 885 legatis
1692 835 1838 873 autem

243 899 492 941 laudatores
525 904 763 954 separatos,
798 902 870 954 qui
902 915 1007 943 sane
1040 902 1169 943 iidem
1199 906 1335 944 erant.
1383 904 1473 944 lam
1500 903 1666 945 codices
1690 903 1837 944 videa-

192 982 219 1006 3'
244 985 354 1020 mus,
390 985 412 1012 e
445 972 601 1024 quibus
623 973 769 1013 PABE
803 972 919 1025 (nam
946 972 1153 1014 Gruterus
1187 974 1239 1015 de
1272 975 1359 1015 suis
1392 977 1519 1025 tacet,
1555 974 1684 1015 ceteri
1705 974 1838 1015 inter-

244 1042 376 1095 polati
415 1041 532 1095 sunt)
576 1043 760 1084 habent:
800 1044 1025 1098 proferam
1072 1049 1307 1086 testeseram
1355 1045 1446 1099 (ΑΕ
1493 1050 1761 1096 testesseram,
1804 1045 1838 1086 Β

244 1112 518 1166 testesferam)
551 1114 705 1169 Zegsatos
737 1116 865 1155 ezreito
899 1114 997 1167 (hoc
1025 1116 1157 1156 etiam
1179 1116 1287 1157 Oxx.
1310 1133 1349 1165 χ,
1378 1126 1418 1166 ψ,
1454 1117 1520 1157 ed.
1546 1117 1671 1168 1472,
1709 1115 1838 1169 1480)

245 1184 488 1226 laudatores
522 1185 578 1226 ad
609 1185 682 1226 hoc
715 1185 916 1226 iudicium
951 1188 1029 1227 cet.
1064 1185 1181 1241 (quos
1213 1187 1417 1228 omittunt
1450 1187 1578 1228 etiam
1613 1187 1720 1228 Oxx.
1751 1187 1837 1238 Ηχ,

245 1255 341 1296 edd.
375 1254 513 1308 vett).
576 1256 688 1297 Hinc
720 1257 863 1309 prodit
894 1257 1010 1298 nullo
1049 1258 1221 1310 negotio
1254 1258 1574 1310 elegantissima
1606 1258 1837 1311 scriptura:

244 1326 469 1379 Proferam
501 1332 696 1368 tessera
710 1342 773 1380 m;
805 1328 960 1382 Iegsatos
991 1329 1143 1380 exeam
1176 1329 1418 1370 laudatores
1451 1329 1604 1370 adhoc
1634 1328 1839 1369 iudicium

245 1422 297 1428 —
333 1400 476 1440 missos
511 1399 668 1440 ridetis.
731 1399 1004 1452 Hospitalem
1037 1402 1246 1441 tesseram
1281 1400 1480 1441 absoluta
1513 1401 1705 1442 oratione
1738 1413 1838 1453 pro-

244 1471 431 1511 laturum
480 1483 525 1511 se
573 1471 805 1523 promittit,
859 1470 1022 1523 legatos
1077 1473 1314 1524 praesentes
1369 1471 1454 1512 iam
1503 1484 1617 1512 nunc
1663 1483 1839 1524 surgere

247 1541 378 1591 iubet,
429 1542 633 1594 cuiusque
681 1542 765 1582 sint
815 1541 1032 1594 dignitatis
1080 1542 1290 1590 homines,
1339 1542 1540 1583 ostendit.
1603 1541 1740 1583 Graeci
1770 1542 1839 1582 vel

243 1613 385 1665 potius
434 1612 583 1653 Graeco
631 1612 780 1653 similis
828 1613 959 1653 moris
1008 1615 1072 1654 est
1110 1615 1274 1654 tessera
1315 1612 1538 1665 hospitalis
1577 1626 1663 1654 non
1695 1614 1837 1654 minus

244 1696 375 1736 quam
422 1684 517 1736 ipsa
563 1683 736 1735 hospitii
782 1684 894 1724 inter
937 1683 1153 1725 civitatem
1197 1686 1239 1724 et
1278 1684 1492 1736 privatum
1530 1681 1837 1736 constitutio.²)

244 1754 342 1795 Mox
374 1753 692 1795 redundantem
724 1756 823 1806 post
864 1754 1076 1796 ablativos
1111 1755 1428 1807 consequentiae
1461 1755 1718 1807 particulam
1751 1759 1835 1796 tam

244 1824 323 1878 (Re
356 1848 411 1853 -—
446 1824 642 1865 inaudito
684 1848 753 1877 —,
800 1826 1054 1879 ssat-issima
1096 1830 1183 1866 tam
1226 1824 1324 1878 cet.)
1368 1825 1539 1875 ferrem,
1589 1826 1623 1867 si
1671 1825 1838 1867 codices

245 1896 547 1945 consentirent,
582 1909 832 1948 quanquam
865 1897 983 1937 nulla
1015 1898 1083 1938 hic
1117 1897 1207 1938 eius
1240 1897 1452 1950 ponendae
1476 1909 1607 1938 causa
1630 1898 1706 1946 est,
1741 1909 1838 1949 quae

245 1969 370 2017 esset,
412 1967 446 2007 si
488 1969 788 2008 asseveranter
827 1967 1041 2009 diceretur
1073 1972 1159 2008 tam
1193 1968 1358 2009 (lemma
1391 1967 1492 2021 (vid.
1527 1967 1612 2009 Cic.
1646 1967 1736 2008 Fin.
1768 1967 1836 2016 IV,

246 2037 313 2088 13,
349 2038 417 2087 32,
450 2037 494 2078 in
515 2037 634 2078 Verr.
657 2037 752 2078 Act.
776 2038 805 2088 I,
843 2039 908 2089 10,
943 2039 1012 2088 31,
1047 2039 1099 2079 de
1133 2038 1252 2080 Orat.
1285 2039 1333 2089 ΙΙ,
1369 2039 1436 2088 77,
1471 2038 1569 2088 315,
1604 2037 1836 2079 Schwartz.

246 2109 300 2149 ad
334 2108 516 2149 Tursell.
549 2122 591 2161 p.
620 2108 732 2150 1035
755 2108 822 2150 ed.
846 2108 903 2162 2),
938 2111 980 2150 et
1011 2109 1332 2151 incommodum
1365 2110 1506 2151 locum
1538 2110 1676 2157 tenet;
1708 2120 1836 2157 nunc,

243 2192 375 2232 quum
425 2179 547 2220 codd.
589 2178 770 2232 (PABE)
815 2182 857 2221 et
901 2180 997 2221 edd.
1041 2183 1143 2221 vett.
1186 2181 1380 2222 habeant
1426 2184 1581 2230 autem,
1629 2178 1836 2220 mendum

243 2250 380 2299 video,
416 2250 763 2292 emendationem
797 2264 884 2292 non
916 2251 1054 2292 video.

361 2321 497 2362 Paulo
545 2323 643 2374 post
690 2320 781 2374 (42)
829 2321 1008 2374 pusillus
1057 2335 1174 2363 error
1228 2335 1377 2363 omnes
1435 2321 1619 2363 editores
1666 2320 1836 2369 fefellit;

244 2404 382 2443 neque
417 2391 529 2432 enim
563 2404 709 2444 quum,
754 2405 838 2444 qua
870 2392 1004 2433 simus
1037 2393 1271 2442 voluntate,
1313 2393 1592 2441 ostendimus,
1632 2391 1837 2432 iudicium

244 2462 476 2503 voluntatis
508 2464 668 2504 nostrae
700 2464 1026 2516 interponimus,
1067 2463 1144 2504 sed
1176 2464 1393 2504 indiciam.
1458 2461 1626 2515 Tum&
1658 2462 1728 2512 43,
1761 2461 1837 2502 ubi

245 2537 330 2574 est:
364 2546 413 2572 ne
444 2533 726 2587 intersoeptam
758 2535 811 2575 sit
844 2536 896 2575 iis
928 2535 1007 2575 iter
1030 2539 1243 2588 perpetuo,
1279 2534 1445 2575 codices
1479 2533 1655 2586 (PABE,
1690 2532 1768 2574 Ox.
1797 2532 1834 2582 1,

244 2605 347 2644 vett.
382 2601 497 2655 edd.)
530 2606 680 2657 reponi
712 2606 862 2646 iubent
893 2610 1087 2659 sceptmm
1121 2605 1194 2646 ubi
1227 2607 1373 2646 autem
1407 2604 1564 2645 editur:
1602 2603 1703 2654 Quis
1727 2602 1836 2642 enim

245 2678 430 2715 nostrmn
479 2679 546 2724 est,
595 2675 870 2717 scribendum
920 2679 984 2716 est
1030 2676 1205 2717 meliore
1254 2676 1424 2717 ordine:
1477 2675 1578 2726 Quis
1624 2677 1680 2714 est
1727 2673 1835 2713 enim

245 2750 431 2785 nostram
464 2743 657 2798 (PABE).

284 2908 312 2951 1)
339 2907 431 2952 [Vid.
465 2909 522 2943 lex
554 2908 618 2943 col.
651 2909 715 2943 Iul.
744 2909 830 2943 Gen.
858 2910 915 2951 IV,
948 2909 980 2952 3,
1013 2910 1045 2951 4,
1078 2922 1111 2955 p.
1140 2909 1207 2944 125
1232 2910 1374 2952 Bruns„
1413 2910 1584 2944 Huehner
1617 2909 1655 2943 in
1688 2908 1833 2942 Hermae

339 2967 409 3002 vol.
435 2967 476 3010 V,
502 2967 568 3001 371
597 2966 690 3012 sqq]
