1915 3235
852 135 937 176 625

100 279 224 307 senes
257 266 480 314 efficiente,
514 265 753 306 inauditam
787 265 1006 317 quandam
1029 270 1194 307 matut-ce
1215 272 1452 308 vetustatem
1475 268 1684 321 (aetatum,

100 336 233 388 quasi,
267 336 302 376 si
334 336 389 376 sit
419 335 563 388 aliqua
595 336 860 388 singularum
889 338 1081 385 aetatum,
1115 339 1163 376 ut
1184 337 1395 389 pueritiae,
1430 342 1599 392 natura,
1634 354 1686 382 ea

101 408 369 447 veterascere
407 404 558 458 possit)
606 406 649 446 in
690 405 903 447 Ciceronis
944 406 1183 447 orationem
1216 408 1394 460 induxit,
1444 424 1574 463 quam
1606 425 1684 464 pro

98 480 255 518 natura
295 479 627 518 consenescente
667 477 749 517 dici
792 476 976 517 voluisse
1024 476 1212 526 videtum
1261 480 1388 520 vertit
1426 482 1559 522 enim:
1607 482 1686 523 das

99 546 418 588 Aelterzcerden.
466 547 625 588 Verum
658 547 855 587 viderant
886 546 1102 588 Manutius
1136 551 1177 588 et
1209 549 1458 599 Lambinus,
1492 552 1576 604 qui,
1611 565 1684 593 ex-

103 617 219 658 cluso
258 617 530 669 glossemate,
579 618 859 670 scripserunt:
907 618 966 657 sic
1012 631 1095 658 non
1135 620 1268 660 omnis
1306 625 1474 670 natura,
1523 622 1566 663 id
1605 626 1683 673 est,

97 687 236 728 omnis
283 690 450 728 naturae
497 688 713 737 homines;
775 700 967 740 eamque
1016 688 1273 740 scripturam
1331 695 1541 743 praestant
1599 693 1685 735 duo

96 759 276 810 perboni
309 758 488 809 codices,
523 759 791 799 Trevirensis
825 761 867 798 et
892 758 1157 808 pithoeanus,
1191 759 1348 813 aliique
1372 762 1548 803 minoris
1572 777 1684 816 prae-

97 830 281 870 stantiae.

215 899 259 941 C.
296 899 362 950 19,
396 900 450 941 68
485 900 731 952 legebatur:
775 899 894 940 Sensi
926 913 996 953 690
1027 905 1113 940 tum.
1147 898 1307 954 (quum)
1339 903 1385 942 in
1417 904 1567 957 optimo
1595 904 1684 956 filio

98 983 196 1022 meo,
244 974 330 1010 tum
374 971 417 1010 in
460 971 701 1024 exspectatis
744 970 800 1009 ad
843 970 1146 1023 amplissimam
1189 971 1433 1025 cliym'tatem
1473 974 1684 1026 fratribus

94 1040 189 1092 tuis,
238 1039 389 1093 Scipio,
438 1046 606 1082 mortem
649 1042 761 1081 omni
803 1042 918 1081 (etati
949 1055 1031 1081 esse
1063 1055 1328 1083 communem.
1392 1044 1438 1084 In
1470 1045 1552 1085 hac
1583 1059 1683 1086 sen-

93 1111 229 1151 tentia
261 1111 403 1152 minus
435 1115 599 1152 rectum
638 1111 773 1152 videri
811 1113 993 1164 poterat,
1042 1124 1217 1153 sensum
1261 1113 1418 1155 doloris
1461 1115 1504 1155 in
1545 1119 1683 1157 morte

93 1180 360 1222 AEmiliorum
392 1184 636 1234 puerorum
666 1181 722 1222 acl
760 1182 981 1230 Catonem,
1030 1184 1239 1235 tanquam
1280 1184 1527 1226 domesticae
1567 1186 1682 1228 cala-

93 1251 267 1301 mitatis,
315 1252 477 1302 referri,
526 1265 612 1293 non
654 1252 710 1292 ad
755 1252 933 1292 fratrem
975 1251 1234 1305 Scipionem.
1297 1254 1387 1295 lam
1431 1269 1555 1310 quum
1593 1257 1682 1298 sive

92 1326 178 1361 tum
225 1322 436 1364 omittitur
482 1323 525 1363 in
565 1323 658 1364 cod.
696 1323 825 1374 regio,
874 1322 1114 1364 Vindobon.
1163 1325 1365 1375 secundo,
1414 1326 1680 1377 Haeneliano,

92 1391 346 1443 Basileensi,
396 1393 565 1434 duobus
603 1393 918 1434 Dresdensibus
959 1392 1093 1445 (apud
1133 1393 1261 1445 Ott.),
1310 1408 1395 1438 uno
1435 1396 1680 1448 Oxoniensi,

94 1476 191 1512 tneo,
232 1464 347 1516 quod
379 1464 422 1504 in
454 1464 525 1505 illa
566 1464 907 1505 conformatione
939 1465 1163 1505 sententiae
1195 1468 1488 1508 necessarium
1521 1471 1599 1518 est,
1638 1470 1681 1510 in

90 1534 220 1586 regio,
261 1533 449 1584 Haenel.,
492 1535 678 1584 Trevin,
721 1534 900 1584 Erfurt,
941 1534 1125 1576 Vindob.
1166 1548 1264 1585 sec.,
1306 1537 1553 1587 Basileensi,
1596 1552 1680 1580 uno

91 1603 335 1654 Dresdensi,
385 1606 428 1646 in
474 1607 573 1658 post
619 1610 704 1645 tecm
752 1606 795 1645 in
842 1606 958 1658 regio
1005 1607 1048 1646 et
1095 1605 1335 1648 Cizensium
1380 1609 1681 1661 antiquissimo

91 1674 225 1727 (apud
258 1674 591 1728 Gernhardum),
641 1676 735 1725 tuis,
784 1676 900 1728 quod
939 1689 1026 1716 non
1066 1675 1208 1717 minus
1249 1690 1381 1730 quam
1414 1693 1499 1719 meo
1531 1692 1681 1721 neces-

89 1745 250 1786 sarium
291 1748 374 1795 est,
423 1748 466 1787 in
505 1747 634 1799 regio,
683 1746 856 1795 Erfurt.,
905 1746 1128 1798 Lipsiensi,
1177 1747 1361 1789 Vindob.
1394 1762 1494 1799 sec.,
1542 1750 1680 1791 tribus

91 1815 242 1866 Oxon„
277 1816 624 1869 editionibusque
656 1816 973 1857 vetustissimis.
1036 1817 1084 1857 In
1126 1817 1283 1859 codicis
1323 1819 1426 1872 regii
1466 1821 1680 1873 scriptura

90 1886 163 1926 ubi
197 1899 248 1927 ex
280 1891 366 1927 tum
398 1887 626 1928 fecerimus
659 1891 703 1927 tu
734 1888 791 1936 in,
825 1888 1065 1928 mutatione
1096 1901 1221 1940 paene
1244 1888 1375 1939 nulla,
1409 1891 1521 1932 hanc
1542 1892 1678 1933 habe-

90 1957 245 2007 bimus,
295 1971 426 2009 quam
459 1960 631 1998 secutus
664 1970 774 2006 sum,
823 1958 1189 2010 elegantissimam
1222 1963 1264 1999 et
1296 1961 1566 2002 verissimam
1599 1962 1678 2004 loci

90 2028 298 2069 formam:
332 2028 452 2068 Sensi
483 2041 552 2082 eqo
577 2029 620 2068 in
642 2029 792 2082 optimo
821 2028 923 2080 filio,
956 2033 999 2068 tu
1033 2029 1076 2069 ln
1108 2031 1350 2082 exspectatis
1382 2031 1439 2071 ad
1471 2032 1679 2085 amplissi-

91 2112 202 2138 mam
234 2098 480 2153 cliynitatem
510 2098 723 2151 fratribus
755 2101 835 2139 cet.
1503 2109 1506 2112 '

205 2169 378 2210 Nullam
420 2169 696 2222 insigniorem
744 2169 825 2209 feci
872 2170 1156 2210 mutationem
1204 2183 1336 2222 quam
1375 2171 1497 2213 initio
1538 2185 1573 2213 c.
1607 2173 1676 2214 20.

89 2238 305 2291 Scriptum
338 2239 397 2280 ibi
443 2239 504 2280 sic
547 2241 658 2280 erat:
713 2238 907 2280 Omnium
955 2244 1122 2280 cetatzmz
1169 2245 1303 2282 certus
1350 2247 1406 2282 est
1452 2243 1653 2284 terminus
1660 2259 1678 2296 ,-

88 2310 304 2350 senectutis
337 2314 472 2350 autem
506 2310 645 2350 nullus
676 2314 810 2350 certus
841 2314 899 2350 est
930 2308 1004 2362 (est
1027 2309 1142 2363 cert.)
1167 2312 1369 2353 terminus
1376 2327 1394 2364 ;
1427 2317 1608 2368 recteque
1630 2315 1677 2354 in

90 2392 138 2419 ea
170 2381 336 2432 vivitur,
375 2381 513 2435 quoad
551 2395 702 2421 munus
739 2379 871 2433 officii
909 2381 1073 2434 eoesequc'
1104 2385 1140 2420 et
1170 2382 1280 2421 teceri
1302 2384 1440 2435 possis
1472 2388 1508 2424 et
1538 2388 1674 2425 tamen

88 2454 258 2490 mortem
289 2456 554 2492 contemnere.
617 2451 763 2492 Prima
801 2452 988 2504 quinque
1026 2452 1160 2493 verba
1192 2453 1235 2493 in
1266 2453 1382 2495 nullo
1415 2454 1560 2495 codice
1591 2454 1676 2495 fide

89 2520 216 2573 digno
258 2521 433 2562 inventa
472 2522 619 2570 credo3
668 2523 782 2562 certe
815 2522 977 2562 absunt
1008 2534 1034 2562 a
1066 2523 1196 2575 regio,
1238 2523 1379 2574 Trev.,
1419 2523 1520 2574 Erfi,
1561 2524 1673 2574 Bas„

88 2590 227 2640 Haen.,
269 2591 451 2632 Vindob.
484 2605 582 2642 sec.,
624 2591 802 2633 Manutii
835 2592 958 2633 codd.
991 2592 1219 2645 plerisque,
1262 2593 1459 2634 Gulielmi
1492 2596 1534 2635 et
1566 2594 1676 2635 Gru-

87 2660 167 2701 teri
199 2662 413 2712 omnibus,
446 2663 674 2703 Pithoeano
707 2662 800 2703 cod.
835 2662 1075 2715 Graeviique
1107 2662 1240 2713 libris,
1281 2663 1600 2705 Oxoniensibus
1633 2668 1677 2706 et

87 2731 400 2773 Dresdensibus
431 2732 535 2773 item
567 2733 788 2781 omnihus3
820 2735 1020 2785 recteque
1053 2733 1269 2774 Manutius
1303 2747 1354 2775 ea
1386 2734 1521 2775 eiecit.
1583 2734 1675 2775 Ad-

88 2801 177 2842 dita
209 2805 309 2843 sunt
348 2803 404 2843 ab
447 2803 603 2855 aliquo,
652 2802 719 2843 cui
761 2803 888 2853 idem,
937 2803 1053 2857 quod
1099 2803 1364 2854 Gernhardo,
1412 2805 1551 2845 visum
1595 2807 1672 2853 est,

87 2872 330 2913 necessario
362 2873 521 2925 requiri
553 2873 726 2925 aliquid,
775 2873 831 2914 ad
871 2874 985 2926 quod
1025 2875 1237 2920 contrarie
1277 2875 1510 2915 referretur
1541 2888 1673 2914 senec-

87 2943 186 2983 tutis
216 2955 388 2983 nomen.
451 2943 609 2984 Verum
643 2956 776 2995 quum
817 2946 909 2985 tota
948 2945 1142 2996 superior
1181 2945 1308 2986 fuerit
1347 2945 1579 2997 disputatio
1620 2944 1673 2985 de

1345 3013 1391 3047 40

1703 1197 1753 1222 277
