1915 3235
263 242 301 275 P.
319 240 388 274 243
415 252 446 275 v.
465 239 487 274 3
512 241 558 275 ab
585 241 657 275 imo
684 252 749 275 scr.
769 242 927 284 XXVIII,
955 241 996 275 11

262 301 299 334 Ρ.
319 299 389 333 245
413 311 446 334 v.
467 299 605 333 12-13
631 311 697 334 scr.
716 300 874 342 XXXIX,
901 301 946 334 55

263 359 300 393 P.
319 358 388 392 245
413 362 486 393 not.
514 370 546 393 v,
566 359 587 392 5
613 370 679 393 scr.
706 370 841 394 nomen

262 418 298 451 P.
318 417 386 451 246
413 429 444 452 v.
466 417 485 450 7
511 428 577 452 scr.
605 418 678 452 Civ.
697 419 723 459 Ι,
749 417 794 451 24

261 477 299 510 P.
317 475 387 510 252
413 488 445 511 v.
464 476 486 510 5
511 488 578 511 scr.
606 477 740 512 fuerint

261 535 299 569 P.
318 534 387 569 257
413 547 444 570 v.
465 535 509 570 10
535 547 600 570 scr.
628 536 797 580 Simplice

262 594 299 629 P.
319 594 388 628 298
414 598 487 629 Ποῖ.
515 606 547 630 v.
567 594 586 627 1
614 606 680 629 scr.
707 595 928 630 Occurrebat

262 654 299 688 P.
318 653 384 687 311
413 658 487 688 not.
505 654 527 687 3
552 666 585 688 v.
603 654 625 687 4
651 665 717 688 scr.
745 654 941 688 delendum
967 665 1050 688 cum
1076 654 1215 689 Mureto
1241 656 1279 688 in

262 714 299 747 P.
318 712 388 746 335
413 724 445 747 v.
466 713 508 746 14
535 715 682 757 quidam
707 713 779 747 iam
805 713 969 757 Baptista
994 713 1193 747 invenerat.

261 772 298 806 P.
318 771 387 805 348
412 783 444 806 v.
463 772 495 807 4.
547 773 616 807 Cfr.
650 784 730 817 quae
766 772 810 806 de
842 772 876 806 h.
910 772 931 806 1.
966 772 1166 816 Madvigius
1199 773 1235 806 in
1269 773 1323 807 ed.
1357 773 1474 807 Turio.
1501 784 1535 817 p.
1556 773 1643 806 1451
1679 785 1735 808 ex-

143 832 273 876 posuit.

261 890 299 924 Ρ.
318 889 386 923 349
412 901 445 924 v.
464 889 510 924 20
536 890 664 935 interp.
692 890 810 932 fuerit,
839 894 873 924 et

262 949 300 983 P.
318 948 384 982 361
414 960 445 983 v.
464 949 511 983 20
535 961 612 994 sqq.
637 951 774 992 fuerint
800 949 1032 983 scribendum
1051 960 1128 983 esse
1154 950 1238 983 iam'
1253 950 1293 984 O.
1312 950 1356 984 M.
1375 950 1568 984 Muellerus
1585 950 1735 985 viderat.

262 1008 299 1042 P.
318 1007 386 1041 394
412 1019 444 1042 v.
464 1008 483 1041 1
510 1008 791 1043 alterumutrum
819 1020 863 1042 56
889 1009 1045 1043 tollatur.

261 1067 299 1101 P.
318 1066 386 1100 397
412 1067 508 1101 v.17
535 1079 611 1112 sqq.
674 1068 725 1102 De
758 1079 808 1102 or.
835 1068 850 1102 I
881 1068 918 1101 in
953 1067 1053 1102 Catil.
1073 1067 1110 1107 8,
1152 1067 1195 1101 19
1233 1068 1431 1113 Madvigius
1470 1072 1594 1112 postea
1633 1068 1736 1103 aliter

144 1126 324 1160 iudicavit.

264 1186 302 1219 P.
321 1185 391 1219 400
416 1197 448 1220 v.
470 1185 513 1218 14
539 1197 617 1230 sqq.
668 1186 745 1220 Iam
772 1186 957 1220 Ernestius
993 1187 1129 1220 Vatinii
1153 1186 1263 1220 deleri
1289 1186 1464 1220 voluerat.

262 1245 299 1279 P.
319 1244 388 1278 460
413 1248 486 1279 not.
508 1245 526 1277 1
554 1257 586 1279 v.
608 1244 630 1277 8
655 1245 760 1279 scrib.
788 1245 934 1278 habent.
986 1243 1104 1287 1842]

261 1304 300 1338 Ρ.
319 1303 387 1337 474
414 1304 451 1338 in
477 1315 589 1349 marg.
617 1316 683 1339 scr.
703 1303 747 1337 93
774 1308 809 1338 et
835 1304 879 1337 94

262 1363 299 1396 Ρ.
319 1362 388 1396 480
414 1367 487 1398 Ποῖ.
514 1375 547 1398 v.
569 1364 588 1396 7
615 1375 680 1398 scr.
700 1363 726 1404 Ι,
754 1363 786 1404 1,
812 1362 857 1395 89

262 1422 298 1456 Ρ,
318 1421 385 1455 491
412 1434 445 1456 v.
465 1422 509 1456 17
536 1434 602 1457 scr.
629 1424 699 1457 huc

262 1481 300 1515 P.
320 1481 389 1514 500
414 1484 488 1515 Ποῖ.
510 1481 526 1514 1
556 1493 588 1515 v.
608 1481 626 1513 1
656 1491 721 1515 scr.
741 1481 805 1515 VII
831 1479 921 1524 [V1]‚
947 1481 968 1513 3

262 1541 298 1575 P.
319 1540 384 1574 521
413 1552 445 1575 v.
464 1540 568 1574 4-5,
609 1540 644 1574 C.
672 1539 728 1584 25,
756 1539 800 1573 62
826 1540 1025 1583 Madvigius
1051 1540 1087 1573 in
1115 1540 1169 1574 ed.
1197 1540 1280 1574 Tur.
1308 1540 1541 1574 scribendum
1567 1539 1734 1574 coniecit:

142 1602 271 1634 vidisse
297 1606 327 1634 te
353 1601 466 1634 credo.

261 1659 298 1693 P.
318 1658 385 1692 564
412 1671 444 1693 v.
472 1659 544 1692 imo
571 1659 699 1703 interp.
727 1669 963 1702 quamquam,
989 1659 1158 1692 Licinum
1185 1659 1409 1692 Licinianum

261 1718 298 1752 Ρ,
319 1718 387 1751 575
412 1729 444 1752 v,
466 1715 508 1748 14
535 1727 600 1749 scr.
629 1727 707 1750 6556
734 1713 832 1757 [cum
860 1716 1060 1761 Stephano]
1086 1718 1224 1751 habere.

261 1777 298 1810 P.
319 1776 386 1810 579
412 1788 444 1811 v.
465 1774 509 1807 15
535 1786 601 1809 scr.
621 1774 676 1816 20,
703 1775 747 1808 44

262 1836 299 1869 P.
321 1836 388 1869 600
413 1837 486 1870 Ποῖ.
514 1846 545 1868 v.
565 1833 585 1867 4
613 1835 657 1868 ab
684 1835 757 1869 imo
783 1846 849 1869 scr.
877 1836 927 1869 rei
954 1835 1128 1869 iudicialis

260 1895 297 1928 P,
318 1894 385 1927 609
411 1906 444 1929 v.
464 1893 508 1925 10
533 1904 599 1927 scr.
626 1894 714 1927 illud
741 1894 872 1938 ipsum,
902 1906 931 1928 v.
952 1894 995 1927 12
1021 1906 1087 1929 scr.
1114 1894 1279 1938 equitum

261 1954 298 1987 P.
319 1953 384 1986 611
412 1956 486 1987 Ποῖ.
507 1953 523 1985 1
553 1964 584 1987 v.
605 1953 626 1985 5
651 1964 717 1987 scr.
745 1965 855 1997 equus

262 2013 298 2047 P.
319 2012 387 2046 665
412 2024 444 2047 v.
466 2012 496 2046 7.
535 2013 612 2046 Iam
640 2012 856 2046 Garatonius
883 2016 918 2046 et
943 2013 1133 2057 Zumptius
1159 2014 1390 2046 renuntiatur
1416 2012 1527 2046 deleri
1545 2012 1733 2045 iusserant.

262 2072 299 2106 P.
321 2072 386 2105 716
412 2083 445 2106 v.
466 2070 508 2104 12
535 2071 580 2105 ab
607 2071 680 2105 imo
706 2083 772 2105 scr.
799 2074 833 2105 si
857 2074 894 2113 ii,
921 2074 984 2115 qui

262 2131 298 2164 P.
321 2131 386 2164 717
413 2143 444 2165 v,
463 2130 484 2162 4
512 2130 556 2164 ab
583 2130 656 2164 imo
682 2141 748 2164 scr.
776 2131 910 2166 παῖδας

262 2190 298 2223 P.
320 2189 391 2223 720-
412 2201 444 2224 v.
463 2188 483 2222 4
511 2189 556 2222 ab
583 2190 655 2223 imo
686 2189 815 2233 interp.
843 2190 966 2233 quaeri,
993 2189 1138 2232 quando
1165 2189 1257 2222 bene

262 2249 298 2282 P.
320 2248 385 2281 727
414 2261 444 2282 v.
464 2247 484 2280 2
512 2259 577 2282 scr.
605 2247 719 2292 puto.)

263 2307 300 2340 P.
321 2307 387 2340 732
414 2319 445 2341 v.
466 2306 509 2340 19
536 2318 611 2351 sqq.
663 2307 835 2341 Mendum
862 2307 934 2341 iam
961 2307 1142 2341 Manutius
1169 2317 1247 2340 6556
1273 2305 1422 2346 viderat,
1450 2306 1487 2339 in
1514 2306 1614 2339 cuius
1640 2316 1733 2338 com-

145 2366 323 2399 mentario
349 2366 423 2400 haec
451 2366 636 2410 leguntur:
666 2365 816 2409 Patare]
868 2367 943 2401 Hoc
970 2366 1142 2406 abundat,
1170 2376 1253 2399 cum
1280 2364 1419 2405 dixerit,
1446 2366 1594 2398 ereclere.
