1915 3235
150 943 202 968 283

151 2714 202 2738 284

983 163 1069 204 630

225 292 489 342 subiiciatur,
539 293 811 345 suppositum
853 294 917 333 est
957 292 1171 333 futurum:
1222 292 1268 333 Si
1306 307 1400 333 vero
1433 292 1596 348 aliquid
1627 299 1824 346 occurret,

225 362 334 417 quod
365 363 453 403 veri·
484 363 619 403 simile
650 363 859 414 vidonem,
908 363 1216 404 humcmissz'ma
1255 364 1480 417 completur
1520 365 1654 405 animi
1684 365 1825 419 volup·

224 439 319 475 tate.
383 433 582 475 Debebat
614 437 706 474 tum
740 446 833 474 esse
867 434 1147 487 complebam.
1204 434 1288 474 Sed
1321 436 1436 475 recte
1470 435 1605 476 codex
1637 448 1749 476 unus
1782 438 1825 476 et

224 507 308 545 vet.
344 504 473 545 editio
517 505 710 544 occurrit.
773 504 910 545 Paulo
951 506 1015 545 est
1054 505 1271 546 diversum
1311 505 1396 545 nisi
1434 505 1687 547 adiunctum
1725 519 1823 547 sen-

224 575 370 617 tentiae
412 575 625 628 negativae
669 577 744 615 aut
775 587 864 626 per
906 575 1288 627 interrogationem
1328 576 1516 629 neganti.
1579 576 1749 617 Tamen
1780 576 1824 617 in

224 647 352 687 Tusc.
386 646 441 687 IV
484 645 506 698 g
539 647 595 687 48
642 659 664 687 e
708 646 852 687 codice
895 646 1011 699 regio
1055 649 1097 687 et
1138 646 1366 687 Pithoeano
1409 646 1480 687 illo
1524 647 1823 700 reponendum

225 723 307 758 est:
356 717 427 758 An
458 731 553 759 ‘cefro
585 717 651 757 vii·
680 717 820 769 fortis,
854 718 937 757 nisi
968 717 1223 757 stomachari
1255 717 1386 770 coepit,
1428 731 1511 758 non
1534 723 1669 772 potest
1697 718 1825 772 fortis

224 789 336 829 esse?
380 788 453 829 ubi
494 788 636 829 editur
674 789 854 842 eoeperit,
904 790 946 829 et
978 786 1000 840 ἕ
1034 788 1090 829 50
1123 801 1175 828 ex
1206 788 1358 828 iisdem
1393 788 1517 829 codd.
1550 787 1671 845 (regii
1704 789 1823 830 testi-

222 860 430 909 monium,
465 859 579 911 quod
613 858 812 900 Davisius
845 859 888 899 in
921 859 1110 900 secunda
1139 858 1325 900 editione
1353 861 1526 900 secutus
1552 862 1629 909 est,
1664 873 1690 901 a
1713 860 1824 901 Kra-

222 931 345 983 rupio
379 930 696 979 confirmatum,
731 929 915 971 Orellius
941 928 1144 983 neglexit)
1179 932 1221 971 et
1244 932 1348 970 vett.
1376 930 1493 971 edd:
1527 931 1610 971 nisi
1634 931 1825 972 insanire

221 1001 353 1055 «epit,
394 1014 472 1053 pro
513 1002 692 1054 coeperit.
756 1001 876 1041 Idem
917 1003 994 1051 est,
1036 1000 1303 1054 frequentior
1335 1001 1479 1051 etiam,
1530 1015 1648 1043 error
1687 1001 1823 1043 edito-

222 1085 404 1124 rumque
452 1072 743 1113 inconstantia
782 1067 826 1112 in
858 1072 1051 1124 perfecto
1090 1072 1323 1113 indicativo
1363 1073 1560 1114 subiecto
1598 1073 1823 1126 particulae

222 1157 359 1198 quum,
395 1143 448 1184 de
483 1156 569 1195 qua
601 1156 647 1184 re
681 1143 822 1184 dicam
856 1143 912 1184 ad
945 1143 1160 1184 Ciceronis
1193 1143 1289 1184 libr.
1318 1143 1353 1183 V
1386 1143 1439 1184 de
1471 1144 1562 1185 Fin.
1596 1143 1618 1196 ἓ
1645 1144 1715 1194 42,
1749 1144 1823 1185 ubi

222 1227 244 1254 e
288 1214 507 1255 codicibus
551 1215 851 1267 reponendum
897 1214 996 1255 erit:
1045 1228 1167 1269 quemn
1217 1219 1353 1255 autem
1387 1215 1569 1268 paulum
1608 1214 1825 1268 firmitatis

223 1286 402 1335 seccessit,
452 1299 529 1338 pro
579 1299 642 1335 eo,
693 1286 809 1338 quod
857 1286 1020 1326 editum
1070 1285 1125 1326 ab
1169 1285 1370 1326 omnibus
1411 1288 1497 1326 est:
1547 1287 1775 1327 accesserit.
1790 1283 1822 1339 l)

222 1357 387 1397 Deinde
420 1356 462 1397 in
496 1370 545 1398 eo
571 1356 688 1397 Laelii
712 1357 818 1406 loco,
854 1370 879 1398 a
912 1370 996 1409 quo
1030 1357 1246 1409 digressus
1279 1369 1388 1406 sum,
1423 1356 1668 1409 legebatur:
1706 1357 1824 1409 Quod

229 1427 510 1482 Tarquinium
543 1427 699 1468 (Zekrisse
729 1428 887 1480 ferunt,
936 1433 1021 1468 tum
1062 1429 1292 1468 epulantem
1335 1441 1376 1468 se
1415 1428 1677 1480 intellexisse,
1726 1441 1825 1483 quos

219 1498 325 1550 fidos
344 1499 496 1539 amieos
513 1498 735 1551 habuisset,
755 1512 854 1554 quos
867 1498 1029 1550 infidos,
1049 1512 1172 1553 quum
1190 1499 1277 1539 iam
1294 1499 1454 1539 neutris
1464 1499 1651 1552 qratiam
1664 1498 1825 1551 referre

215 1574 366 1622 posset.
414 1569 595 1610 Miratur
627 1570 832 1620 Klotzius,
867 1569 983 1622 quod
1015 1569 1199 1610 Orellius
1222 1568 1465 1622 [praeeunte
1497 1569 1753 1623 Hottingero
1779 1570 1823 1610 in

223 1640 308 1681 Ecl.
329 1640 542 1693 Ciceron]
576 1641 850 1694 participium
878 1642 1112 1681 exidmztem
1137 1642 1353 1682 notaverit
1375 1643 1587 1693 tanquam
1612 1641 1820 1693 spurium,

223 1725 355 1764 quum
391 1712 670 1753 Gernhardus
705 1712 860 1765 aliique
895 1713 937 1753 id
971 1712 1266 1765 explicationis
1308 1725 1440 1753 causa
1479 1711 1703 1764 particulae
1736 1716 1824 1752 tum

223 1782 418 1823 additum
453 1796 549 1823 esse
579 1783 860 1824 ostenderint.
925 1784 1078 1833 Sensit,
1120 1784 1285 1836 opinor,
1327 1783 1524 1833 Orellius,
1564 1795 1651 1823 non
1683 1782 1823 1823 solum

222 1853 458 1894 admodum
473 1867 841 1910 supervacaneam
864 1868 960 1895 eam
981 1868 1074 1896 esse
1088 1854 1416 1907 explicationem
1437 1856 1478 1895 et
1494 1854 1728 1907 illepidam,
1747 1853 1824 1894 sed

223 1924 337 1964 nullo
382 1924 511 1965 modo
551 1925 790 1966 ferendam.
855 1926 1038 1967 Tollitur
1081 1927 1194 1967 enim
1243 1925 1343 1966 dicti
1391 1926 1467 1976 vis,
1517 1925 1720 1978 quicquid
1767 1924 1822 1966 ad

221 2000 307 2035 tum
340 1995 514 2036 additur
547 1997 753 2048 temporis
786 1999 913 2047 notae,
956 1997 1071 2049 quod
1104 1997 1270 2038 definiri
1304 1997 1434 2037 debet
1465 1996 1679 2037 sententia
1710 1995 1821 2036 rela-

222 2067 329 2115 tiva,
377 2079 431 2106 ne
463 2067 747 2119 grammatica
781 2068 955 2120 quidem
990 2068 1099 2109 ratio
1132 2068 1295 2121 patitur
1327 2068 1370 2108 in
1402 2067 1577 2120 vulgata
1609 2066 1822 2119 scriptura

222 2143 320 2187 temes,
370 2140 417 2178 ut
457 2138 599 2187 debet,
649 2151 747 2179 cum
787 2139 1035 2180 intellexisse
1074 2139 1284 2191 coniungi,
1333 2138 1411 2179 sed
1444 2151 1539 2179 cum
1574 2138 1820 2187 emilantem,

222 2211 269 2249 ut
302 2208 531 2249 definiatur
563 2222 649 2250 non
682 2209 974 2262 intelligentiae
1007 2213 1197 2263 acceptae
1224 2214 1409 2262 tempus,
1443 2210 1519 2250 sed
1546 2209 1671 2259 exilii,
1706 2208 1822 2261 quod

222 2279 449 2319 ridiculum
483 2282 563 2320 est.
610 2279 753 2329 Quum
787 2281 914 2333 igitur
947 2294 1033 2322 non
1065 2282 1170 2322 satis
1203 2281 1429 2334 probabile
1457 2280 1688 2330 videretur,
1723 2292 1818 2320 eam

223 2363 371 2391 vocem
406 2350 655 2391 additiciam
689 2364 797 2401 esse,
848 2352 963 2404 quod
1003 2351 1093 2392 eius
1136 2352 1349 2392 addendae
1390 2364 1521 2392 causa
1553 2351 1622 2391 vix
1655 2350 1818 2399 fuisset,

222 2420 556 2473 transpositione
589 2422 728 2462 locum
764 2423 1085 2463 emendandum
1118 2423 1281 2475 putavi,
1315 2424 1362 2463 ut
1390 2424 1523 2463 esset:
1554 2421 1701 2474 ferunt
1725 2434 1820 2461 exu-

223 2492 389 2543 lantem,
429 2496 515 2532 tum
549 2494 650 2541 cet.;
698 2506 776 2533 nec
808 2495 957 2534 tamen
989 2494 1114 2534 valde
1148 2493 1413 2546 refragabor,
1462 2493 1497 2533 si
1529 2493 1623 2545 quis
1655 2491 1819 2532 iudica-

224 2563 343 2612 verit,
383 2563 463 2603 vim
497 2563 624 2604 huius
650 2563 1059 2605 circumlocutionis:
1093 2569 1179 2604 tum
1212 2578 1337 2618 quum
1372 2587 1424 2590 —
1451 2567 1589 2617 posset
1619 2563 1702 2604 hoc
1733 2575 1819 2603 uno

225 2634 434 2675 vocabulo
468 2634 523 2674 ab
557 2634 791 2687 interprete
826 2636 969 2687 aliquo
1003 2637 1361 2688 comprehensam
1395 2648 1503 2676 esse.

341 2704 386 2745 C.
420 2705 485 2753 17,
520 2706 575 2745 63
610 2705 827 2746 edendum
859 2707 1009 2758 putavi
1043 2707 1308 2747 coniectura:
1343 2720 1467 2760 quam
1501 2705 1625 2746 etiam
1656 2705 1694 2745 si
1724 2717 1818 2758 ney-

223 2776 325 2815 lecta
369 2776 558 2815 amicitia
597 2777 800 2816 consecuti
840 2777 936 2829 sint,
985 2776 1248 2818 obscuratum
1290 2778 1349 2817 iri
1391 2776 1670 2828 arbitrantur,
1719 2775 1819 2830 quia

222 2860 304 2886 non
335 2847 423 2886 sine
456 2860 613 2900 neugma
645 2860 774 2887 ccmsa
805 2848 858 2887 sii
890 2847 1072 2901 iceylecta
1098 2848 1300 2888 amicitia.
1348 2847 1452 2888 Erat
1476 2847 1678 2887 consecuti
1701 2850 1816 2894 emm

262 2995 290 3038 ¹)
317 2996 412 3040 [Dixi
440 2999 482 3032 de
509 2999 577 3032 hac
604 3009 642 3032 re
669 2999 713 3032 ad
743 2998 821 3032 libr.
850 2999 878 3031 V
906 2999 949 3032 de
976 2999 1052 3033 Fin.
1080 2998 1101 3041 ξ
1126 2999 1169 3032 41
1198 3011 1231 3044 p.
1260 2999 1328 3032 679
1354 3010 1431 3043 sqq.
1459 3000 1513 3033 ed.
1541 2998 1574 3033 3.
1626 2995 1745 3040 1842]
