1915 3235
855 107 939 148 719

101 236 261 278 frustra
292 238 507 277 tentatum
542 239 605 277 est
639 238 681 277 et
712 237 842 289 paulo
865 239 964 289 post
996 234 1053 288 (a.
1074 232 1149 286 47)
1181 233 1389 274 iactatum
1422 243 1448 271 a
1469 227 1697 270 Dolabella

102 306 242 360 (Dion.
265 306 384 349 Cass.
406 307 531 356 XLII,
565 305 652 359 32),
685 306 729 347 id
760 308 913 360 postea
943 307 1084 359 ipsum
1115 305 1330 347 Caesarem
1363 300 1535 355 (eodem
1557 312 1597 341 a.
1619 296 1695 351 47)

100 377 345 431 perfecisse,
388 376 467 418 Dio
510 377 684 419 Cassius
726 377 859 418 tradit
898 377 1023 427 XLII,
1067 376 1142 418 51:
1190 380 1248 412 καὶ
1281 377 1318 412 τὸ
1350 379 1515 418 ἐνοίκιον,
1546 373 1630 408 ὅσον
1661 374 1698 412 ἐς

101 456 331 490 πεντακοσίας
356 449 522 497 δραχμάς
548 448 602 492 ἧν,
635 451 802 485 ἐνιαυτοῦ
826 449 903 489 ἑνὸς
934 449 1047 496 ἀφείς.
1108 447 1178 487 Ad
1220 460 1478 500 magnarum
1522 446 1697 487 habsta-

99 520 265 560 tionum
300 519 583 560 conductores
625 518 896 572 largitionem
933 531 1021 560 non
1058 518 1330 571 pertinuisse,
1370 530 1541 559 summa
1582 530 1697 569 prae-

100 589 222 630 finita
253 589 454 630 ostendit.

450 791 506 837 F.
583 790 801 849 Epistola
839 791 902 837 ad
941 790 991 838 C.
1031 790 1297 838 Halmium.
1314 785 1347 852 ¹)

439 893 497 934 Io.
539 893 630 934 Nic.
674 892 912 946 Madvigius
956 893 1052 935 Car.
1096 893 1269 935 Halmio
1313 894 1355 935 S.

219 999 403 1040 Litteras
440 1002 538 1041 tuas
576 999 796 1053 proximas
837 1000 904 1040 die
937 1000 1031 1040 XVI
1070 1001 1230 1041 mensis
1263 1000 1371 1040 lunii
1403 1001 1563 1053 accepi.
1627 999 1697 1040 In-

101 1070 246 1112 stabat
284 1072 377 1110 tum
415 1071 509 1120 iter,
559 1070 675 1123 quod
706 1070 810 1111 mihi
843 1070 1073 1123 quotannis
1116 1070 1274 1111 circum
1308 1069 1533 1125 gymnasia
1575 1068 1696 1122 regni

100 1141 235 1182 nostri
273 1140 520 1182 faciendum
554 1143 618 1181 est
663 1153 812 1181 mense
851 1140 971 1182 lunio
1011 1143 1203 1182 extremo
1243 1142 1286 1182 et
1320 1141 1438 1183 Iulio.
1502 1141 1563 1182 Eo
1595 1153 1695 1194 per-

101 1214 216 1262 acto,
264 1211 446 1264 negotiis
486 1211 624 1252 fessus
663 1213 833 1264 partem
874 1211 1079 1252 feriarum
1119 1211 1387 1263 aestivarum,
1443 1225 1539 1265 quae
1578 1211 1696 1265 apud

99 1295 178 1323 nos
210 1281 254 1322 in
285 1281 440 1322 Iulium
473 1283 515 1322 et
545 1282 791 1334 Augustum
823 1281 1030 1332 incidunt,
1063 1282 1330 1324 rusticationi
1357 1283 1456 1324 dedi
1479 1286 1522 1324 et
1543 1282 1696 1324 studiis

101 1366 126 1394 a
157 1352 389 1405 philologia
420 1352 610 1393 remotis.
672 1352 780 1393 Urbi
812 1352 968 1393 deinde
999 1352 1216 1393 redditum
1248 1366 1335 1394 non
1366 1354 1506 1395 solum
1537 1354 1696 1395 scholae

101 1423 361 1465 academicae
394 1425 668 1475 exceperunt,
712 1423 790 1464 sed
822 1424 996 1464 comitia
1027 1423 1146 1476 regni
1177 1424 1325 1470 nostri,
1374 1424 1530 1476 quibus
1563 1425 1696 1466 inter-

100 1507 210 1542 sum.
273 1494 337 1535 Ita
376 1499 476 1534 ante
515 1493 642 1534 huius
674 1493 834 1534 mensis
866 1493 1036 1534 initium
1066 1494 1232 1535 nullum
1265 1494 1345 1535 fuit
1376 1498 1561 1548 tempus,
1611 1509 1697 1549 quo

101 1565 157 1606 ad
199 1564 414 1606 Ciceronis
456 1564 588 1605 libros
631 1564 823 1605 animum
864 1567 1113 1606 convertere
1153 1565 1298 1606 liceret
1338 1578 1435 1606 cum
1468 1567 1697 1607 intentiore

100 1636 245 1688 aliqua
287 1648 391 1676 cura
435 1638 478 1676 et
520 1635 790 1687 cogitatione.
853 1635 1065 1676 Videbam
1110 1639 1268 1687 autem,
1318 1638 1353 1678 si
1393 1636 1496 1690 quid
1533 1637 1577 1677 in
1614 1636 1695 1677 illis

100 1706 345 1748 orationum
369 1705 706 1758 Philippicarum
740 1708 1032 1747 extremarum
1064 1707 1180 1757 locis,
1215 1721 1399 1760 quorum
1429 1710 1477 1749 tu
1509 1707 1696 1749 indicem

99 1777 250 1818 litteris
296 1775 381 1818 tuis
424 1775 697 1826 adiunxeras,
744 1779 913 1818 tentare
960 1777 1128 1827 vellem,
1177 1778 1332 1819 saltem
1378 1779 1694 1831 percurrendas

99 1849 213 1888 totas
245 1847 339 1887 illas
373 1847 590 1888 orationes
623 1860 730 1896 esse,
763 1848 807 1888 in
839 1848 995 1899 quibus
1024 1848 1159 1889 codex
1182 1849 1417 1890 Vaticanus
1449 1862 1527 1891 nos
1561 1850 1693 1890 desti-

101 1917 194 1958 tuit.
257 1917 304 1958 Id
336 1917 417 1958 feci
449 1918 599 1970 primis
631 1917 758 1958 huius
795 1918 955 1959 mensis
989 1918 1154 1968 diebus,
1195 1919 1429 1972 statimque
1463 1920 1692 1961 confirma-

99 1990 193 2029 tum
226 1987 325 2037 vidi,
360 1988 488 2040 quod,
523 2001 656 2040 quum
688 1988 875 2041 primum
908 1989 1026 2029 illum
1060 1989 1253 2030 locorum
1279 1989 1465 2031 indicem
1488 1991 1694 2043 percurri,

100 2071 428 2111 praesenseram,
462 2071 681 2111 perpauca
708 2058 812 2109 fore,
846 2072 942 2111 quae
968 2059 1024 2100 ad
1049 2073 1197 2101 eorum
1223 2060 1571 2102 emendationem
1596 2063 1696 2114 post

99 2130 221 2170 tuam
266 2141 415 2170 curam
459 2129 653 2170 conferre
694 2142 881 2182 possem.
945 2130 1056 2170 Nam
1099 2133 1141 2172 et
1181 2132 1342 2172 misera
1384 2130 1555 2172 illarum
1597 2144 1693 2173 ora-

99 2200 265 2240 tionum
298 2199 489 2240 condicio
523 2202 600 2249 est,
649 2199 693 2240 in
732 2199 887 2252 quibus
920 2200 1087 2242 codices
1121 2203 1162 2242 et
1193 2201 1452 2255 negligentia
1486 2204 1528 2243 et
1559 2202 1693 2243 inter-

100 2269 318 2323 polatione
366 2270 492 2311 valde
540 2272 778 2323 corruptos.
811 2271 1044 2321 habemus,
1100 2274 1148 2313 ut
1195 2272 1461 2322 coniectura,
1517 2273 1561 2313 in
1609 2286 1694 2326 quo

102 2343 265 2381 certum
313 2340 538 2392 vestigium
586 2345 733 2393 ponat,
781 2354 868 2382 non
914 2342 1114 2394 reperiat,
1164 2344 1207 2383 et
1252 2342 1356 2395 ipsis
1402 2343 1524 2385 novis
1571 2344 1694 2385 testi-

100 2410 266 2460 moniis,
316 2423 412 2463 quae
454 2413 501 2451 tu
546 2424 568 2451 e
609 2411 694 2452 tuis
734 2411 952 2453 codicibus
996 2414 1216 2465 protracta
1248 2426 1420 2454 mecum
1453 2415 1692 2456 communi-

101 2481 219 2531 casti,
267 2482 410 2523 minus
451 2481 585 2522 libero
626 2483 668 2522 et
707 2484 822 2523 certo
861 2482 1017 2524 iudicio
1058 2485 1168 2534 utor,
1218 2484 1334 2536 quod
1364 2486 1502 2526 totam
1534 2486 1691 2526 horum

101 2551 297 2593 codicum
328 2552 541 2593 rationem
578 2565 666 2593 non
703 2553 776 2602 ita,
816 2555 864 2593 ut
901 2555 961 2604 tu,
1000 2556 1211 2606 perpetua
1250 2555 1553 2596 observatione
1592 2568 1692 2608 per-

137 2689 165 2735 l)
192 2690 259 2735 [Ex
296 2703 474 2727 novorum
512 2693 699 2727 annalium
737 2692 940 2736 philologiae
978 2693 1046 2727 vol.
1075 2693 1117 2726 73
1149 2705 1183 2738 p.
1211 2693 1278 2727 117
1305 2706 1382 2739 sqq.
1409 2695 1578 2739 Epistola,
1618 2707 1692 2739 qua

195 2751 382 2786 occasione
408 2751 542 2795 scripta
567 2751 622 2792 sit,
655 2751 733 2795 ipsa
763 2752 914 2792 indicat;
953 2763 996 2786 ea
1021 2763 1135 2796 quum
1160 2753 1326 2788 absoluto
1352 2754 1425 2788 iam
1452 2755 1564 2788 altero
1591 2755 1690 2789 volu-

195 2809 292 2844 mine
319 2810 484 2844 editionis
510 2809 715 2844 Turicensis
740 2810 946 2844 orationum
971 2810 1222 2846 Tullianarum
1254 2813 1473 2847 Monachum
1506 2813 1690 2856 pervenis-

196 2872 267 2910 set,
305 2869 382 2903 sine
419 2869 494 2903 ulla
531 2868 732 2902 mutatione
770 2869 961 2903 annalibus
998 2869 1067 2904 illis
1104 2870 1239 2905 inserta
1277 2875 1331 2906 est
1368 2871 1537 2906 subiectis
1575 2871 1691 2906 trihus

196 2930 411 2971 quattuorve
438 2927 755 2970 annotatiunculis,
783 2938 872 2971 quas
897 2928 981 2962 unci
1007 2927 1209 2972 claudunt]
