1915 3235
134 1814 186 1839 287

965 109 1051 150 232

206 242 466 298 septingenti
513 241 702 294 pedites,
754 239 934 281 trecenti
974 239 1147 292 equites
1195 238 1334 281 Latini
1381 239 1500 281 missi
1547 242 1647 281 sunt
1694 239 1800 294 (Liv.

205 315 374 363 XXXV,
421 309 556 365 40).¹)
619 310 823 363 Equitum
870 309 1152 363 peditumque
1201 309 1455 351 discriminis
1502 310 1558 352 ad
1603 310 1803 353 bellicam

208 386 471 428 coloniarum
504 381 711 435 originem
746 380 995 434 spectantis,
1030 393 1082 421 ex
1115 393 1199 433 quo
1231 380 1358 422 simul
1390 383 1523 434 patet,
1557 394 1610 422 ne
1643 381 1687 422 in
1718 382 1801 424 La-

204 458 317 498 tinas
350 455 524 508 quidem
557 452 823 494 inconditam
855 451 1030 492 turbam
1064 453 1359 502 exoneratam,
1400 452 1561 493 mentio
1600 451 1648 492 fit
1685 452 1803 505 apud

205 528 371 569 Livium
406 526 536 567 etiam
569 524 613 564 in
644 523 850 564 Bononiae
884 522 1140 563 deductione
1174 521 1230 575 (a.
1268 522 1363 573 189,
1397 522 1604 573 XXXVII,
1647 520 1721 576 57)
1762 525 1806 565 et

205 600 248 640 in
279 596 490 650 Aquileiae
524 594 581 647 (a.
618 594 714 644 181,
748 594 835 644 XL,
871 592 939 643 34,
975 593 1068 634 coll.
1101 593 1293 643 XXXIX,
1328 592 1402 645 55)
1443 598 1484 634 et
1518 594 1636 646 apud
1667 593 1803 636 Asco-

205 670 323 710 nium
365 667 606 708 Pedianum
647 664 755 718 (init.
791 677 946 706 comm.
988 664 1043 705 ad
1076 662 1312 716 Pisonian.)
1361 664 1404 704 in
1442 664 1664 706 Placentia
1702 667 1803 707 ante

206 738 463 782 Hannibalis
496 738 539 778 in
560 736 730 777 Italiam
763 735 998 777 adventum
1029 733 1085 788 (a.
1110 732 1212 787 218)
1236 734 1436 775 deducta.
1484 736 1634 788 Neque
1655 738 1805 778 tamen

208 810 360 852 eadem
394 810 437 850 in
470 821 572 861 agro
606 806 904 848 distribuendo
936 806 1157 858 proportio
1190 807 1364 847 servata
1390 808 1476 855 est;
1509 819 1611 847 nam
1637 805 1804 848 Vibone

209 881 375 934 pedites
410 879 540 932 quina
574 877 686 918 dena
718 877 879 930 iugera,
929 877 1089 930 duplex
1132 877 1296 930 equites
1329 878 1613 930 accipiebant,
1661 877 1804 918 Bono-

210 953 305 1002 niae,
354 964 438 1004 quo
477 950 561 990 tria
599 948 733 990 millia
766 948 953 989 deducta
984 950 1097 998 sunt,
1147 947 1311 1000 equites
1344 950 1625 1001 septuagena,
1675 948 1805 989 ceteri

206 1024 523 1076 quinquagena,
556 1019 768 1073 Aquileiae
799 1019 995 1072 peditum
1028 1019 1110 1060 tria
1142 1018 1276 1060 millia
1301 1007 1618 1072 quinquagena,
1654 1022 1804 1060 centu-

205 1095 361 1143 riones,
411 1091 483 1145 qui
530 1090 633 1132 alibi
680 1103 767 1132 non
813 1089 1111 1140 nominantur,
1161 1091 1361 1140 centena,
1411 1091 1576 1142 equites
1624 1092 1807 1131 centena

207 1159 542 1218 quadragena.‘²)

323 1234 392 1275 Ab
435 1233 636 1274 inferiore
684 1232 807 1274 Italia
855 1233 977 1285 patet
1024 1229 1079 1271 ad
1127 1231 1394 1283 superiorem
1442 1233 1484 1272 et
1527 1230 1583 1272 ad
1621 1230 1804 1272 Galliam

207 1318 460 1348 conversam
494 1317 587 1345 esse
619 1304 919 1345 Romanorum
953 1315 1115 1351 curam,
1164 1301 1207 1342 in
1247 1314 1379 1354 quam
1421 1304 1579 1355 praeter
1610 1302 1689 1343 has
1722 1302 1806 1343 La-

204 1378 317 1418 tinas
351 1377 496 1425 etiam,
531 1375 659 1428 quod,
693 1374 773 1415 nisi
806 1374 915 1416 forte
949 1372 1156 1414 Casinum
1179 1372 1480 1425 excipiendum
1508 1374 1586 1423 est,
1620 1385 1697 1425 per
1719 1372 1805 1413 duo

206 1448 363 1490 saecula
397 1447 561 1488 factum
593 1459 680 1487 non
721 1448 825 1495 erat,
876 1445 1031 1486 civium
1072 1443 1218 1496 plures
1261 1443 1437 1485 coloniae
1476 1443 1806 1484 mediterraneae

206 1520 351 1561 missae
384 1522 497 1568 sunt,
530 1517 731 1558 binorum
765 1515 947 1557 millium
979 1514 1171 1568 singulae,
1204 1515 1406 1556 Potentia
1438 1516 1482 1556 et
1503 1514 1734 1556 Pisaurum
1766 1527 1806 1555 a.

209 1591 292 1632 184
325 1590 432 1643 (Liv.
465 1588 657 1639 XXXIX,
691 1586 779 1640 44),
814 1587 980 1629 Mutina
1013 1588 1056 1628 et
1086 1586 1248 1627 Parma
1281 1599 1319 1626 a.
1358 1585 1440 1627 183
1475 1583 1581 1639 (Liv.
1614 1584 1805 1635 XXXIX,

206 1660 293 1713 55),
343 1661 432 1701 sive
472 1658 692 1700 exhaustis
725 1657 888 1700 Latinis
920 1657 1090 1711 populis
1122 1670 1202 1697 nec
1235 1656 1400 1698 civibus
1432 1655 1617 1698 libenter
1650 1656 1694 1696 in
1724 1656 1809 1697 La-

206 1732 318 1774 tinas
351 1730 737 1784 proficiscentibus,
787 1730 876 1770 sive
917 1728 1033 1781 quod
1074 1727 1203 1781 digna
1236 1729 1393 1769 civium
1424 1726 1636 1781 praesidiis
1671 1725 1808 1767 Gallia

207 1798 504 1854 videbatur3);
538 1801 581 1842 in
614 1800 771 1853 quibus
803 1813 939 1840 unum
973 1801 1050 1849 est,
1085 1799 1201 1851 quod
1233 1798 1413 1840 mireris.
1461 1798 1573 1840 Nam
1605 1797 1671 1838 his
1705 1796 1809 1838 civi-

206 1874 301 1923 bus,
344 1873 455 1914 inter
488 1885 595 1925 quos
628 1871 793 1924 equites
826 1884 913 1912 non
946 1872 1354 1920 commemorantur,
1403 1869 1492 1911 sive
1525 1868 1641 1922 quod
1673 1868 1808 1921 scrip-

206 1947 321 1985 tores
356 1943 594 1985 omiserunt
627 1943 717 1984 sive
750 1942 804 1983 ob
844 1940 1157 1994 proprietatem
1196 1941 1386 1993 aliquam
1424 1940 1622 1991 instituti,
1670 1940 1806 1981 multo

207 2016 349 2056 minus
393 2015 484 2067 agri
527 2027 659 2066 quam
702 2013 865 2054 Latinis
905 2011 986 2052 illis
1029 2011 1296 2064 assignatum
1334 2011 1531 2063 traditur,
1579 2024 1704 2065 paene
1751 2010 1809 2052 ad

208 2086 432 2138 antiquam
475 2085 802 2138 parsimoniam,
852 2097 985 2137 quum
1025 2083 1129 2124 bina
1169 2085 1347 2123 ternave
1386 2082 1535 2136 iugera
1574 2082 1805 2131 dabantur,

207 2155 473 2198 Potentianis
507 2158 549 2197 et
580 2155 912 2197 Pisaurensibus
953 2167 1058 2196 sena
1097 2154 1258 2207 iugera,
1307 2153 1622 2195 Mutinensibus
1663 2152 1807 2206 quina,

207 2227 517 2268 Parmensibus
549 2230 719 2269 octona.
770 2226 850 2267 Vix
882 2226 973 2279 agri
1005 2225 1200 2266 bonitate
1232 2227 1354 2266 tanto
1386 2224 1526 2266 maior
1556 2223 1808 2277 Aquileien-

209 2297 320 2339 sium
362 2300 404 2339 et
443 2297 780 2340 Bononiensium
822 2309 1030 2338 mensura
1078 2295 1349 2348 compensari
1396 2297 1579 2348 poterat,
1627 2296 1677 2336 ut
1723 2293 1808 2335 alia

211 2369 400 2422 quadam
434 2369 601 2410 ratione
632 2368 757 2410 nobis
789 2368 937 2421 ignota
968 2367 1062 2409 haec
1095 2369 1323 2419 exaequata
1354 2368 1526 2419 putem3
1558 2377 1662 2406 nam
1685 2377 1740 2405 ne
1764 2363 1809 2404 id

247 2519 275 2564 ¹)
301 2521 352 2555 Ex
385 2521 631 2565 superioribus
666 2521 780 2555 altera
812 2520 881 2555 tria
918 2519 1033 2554 millia
1070 2519 1245 2563 peditum,
1284 2521 1464 2553 trecentos
1502 2517 1641 2562 equites
1679 2515 1807 2551 habuit

306 2580 395 2623 (Liv.
422 2580 562 2622 XXXV,
590 2580 637 2622 9).

249 2637 277 2681 2)
304 2638 509 2682 [Accedunt
535 2639 612 2673 haec
637 2649 750 2683 prope
777 2638 823 2672 ad
848 2637 1121 2683 proportionem
1140 2635 1308 2681 stipendii
1327 2639 1363 2670 et
1380 2636 1510 2680 praedae
1528 2633 1789 2669 distributionis
1798 2646 1807 2674 ;

305 2698 376 2732 vid.
403 2698 527 2742 Polyb.
554 2698 611 2733 VI.
639 2697 695 2739 39,
721 2698 844 2732 Duker
870 2697 914 2731 ad
940 2696 1016 2731 Liv.
1043 2696 1085 2737 X,
1117 2695 1175 2737 46,
1208 2694 1263 2729 15.
1316 2695 1366 2728 Ea
1399 2693 1583 2739 proportio
1614 2695 1740 2738 postea
1772 2691 1810 2725 in

306 2757 522 2792 militaribus
555 2756 704 2791 coloniis
739 2756 963 2790 servabatur.
1020 2754 1099 2788 Vid.
1125 2754 1264 2788 Walter
1290 2754 1380 2787 Hist.
1408 2753 1478 2787 Iur.
1506 2753 1611 2787 Rom.
1638 2752 1653 2786 I
1678 2763 1712 2796 p.
1739 2749 1808 2783 272

305 2827 338 2850 n.
367 2815 421 2850 53.
474 2814 594 2858 1834]

247 2872 275 2918 ³)
302 2875 462 2910 Velleius
488 2873 885 2916 Parmam„Mutinam‚
913 2873 1122 2908 Saturniam
1149 2882 1294 2917 quoque
1320 2871 1427 2915 plane
1456 2870 1602 2905 omittit.
