1915 3235
154 1777 206 1803 209

984 144 1070 187 568

317 347 351 395 Ι.
427 347 495 395 De
545 347 705 394 forma
754 348 1114 396 sententiarum
1164 349 1631 409 interrogativarum
1680 351 1731 399 in

762 442 983 490 oratione
1031 438 1293 502 obliqua.¹)

347 556 442 608 Qua
473 557 567 611 lege
599 558 827 599 sententiae
858 558 1190 612 interrogativae,
1232 573 1366 612 quum
1399 561 1536 602 oratio
1569 560 1825 614 cogitatiove

227 627 368 670 aliena
400 629 619 670 narrando
652 628 861 683 (oblique)
893 630 1161 681 redderetur,
1211 631 1327 683 quod
1365 644 1500 684 genus
1543 632 1662 685 apud
1693 633 1826 674 histo-

227 699 336 741 ricos
370 699 768 752 frequentissimum
802 703 879 751 est,
928 701 1024 742 aliae
1062 701 1106 742 in
1143 701 1402 743 infinitivum
1434 704 1681 754 transirent,
1702 727 1706 730 ·
1730 703 1827 745 aliae

228 770 547 812 coniunctivum
580 771 759 812 modum
798 771 1024 822 haberent,
1074 785 1207 825 quum
1250 773 1494 825 superiores
1536 787 1692 827 parum
1731 774 1827 816 dili-

227 843 377 894 genter
425 843 682 894 quaesissent
727 855 807 884 nec
854 843 988 884 ullam
1036 845 1200 884 certam
1247 844 1441 897 regulam
1490 845 1824 897 constituissent,

227 912 392 965 aliquot
434 913 592 955 abhinc
636 927 773 955 annos
805 914 1052 967 Kruegerus
1086 927 1184 955 eam
1226 927 1316 956 rem
1351 915 1698 969 investigandam
1730 930 1827 959 sus-

229 981 401 1037 cepit2),
450 984 628 1038 eiusque
670 987 903 1038 praecepta,
953 984 1026 1038 qui
1067 987 1220 1038 postea
1263 985 1316 1026 de
1355 986 1640 1038 grammatica
1672 987 1827 1029 Latina

228 1055 506 1108 scripserunt,
539 1059 793 1109 sequuntur.
806 1053 840 1109 3)
903 1056 1035 1097 Putat
1068 1058 1212 1097 autem
1246 1057 1295 1106 is,
1337 1070 1411 1098 eas
1451 1057 1824 1111 interrogationes,

227 1139 324 1179 quae
363 1129 534 1168 tantum
576 1128 763 1168 formam
802 1127 1062 1169 rhetoricam
1109 1127 1304 1168 habeant
1341 1127 1647 1181 interrogandi,
1695 1129 1826 1183 signi-

227 1196 473 1239 ficationem
506 1201 582 1239 aut
613 1198 801 1239 aientem
835 1201 910 1240 aut
948 1200 1193 1251 negantem,
1241 1199 1285 1239 in
1327 1199 1585 1241 infinitivum
1626 1201 1826 1251 transire,

228 1270 393 1310 ceteras
439 1268 560 1311 finito
607 1271 803 1322 tempore
843 1269 1101 1311 coniunctivi
1145 1269 1262 1310 modi
1302 1269 1457 1310 efferri.
1520 1270 1606 1311 Sed
1638 1270 1827 1323 primum

230 1339 291 1381 vir
323 1339 475 1381 doctus
508 1340 551 1381 in
582 1341 767 1382 materia
806 1340 1045 1394 colligenda
1086 1353 1290 1393 perverse
1334 1341 1493 1382 multos
1536 1341 1651 1383 locos
1691 1342 1826 1395 scrip-

225 1412 370 1452 torum
413 1413 610 1453 veterum
653 1411 887 1453 immiscuit
927 1411 1028 1452 huic
1070 1411 1310 1465 quaestioni,
1360 1413 1432 1465 qui
1480 1412 1536 1454 ab
1585 1426 1636 1454 ea
1683 1414 1829 1454 essent

227 1481 369 1533 alieni,
418 1496 550 1535 quum
595 1482 903 1536 interrogativa
946 1482 1161 1524 sententia
1202 1483 1322 1525 initio
1354 1484 1496 1536 posita
1527 1483 1738 1536 penderet
1769 1484 1825 1525 ab

227 1553 320 1606 ipso
353 1553 500 1604 verbo,
534 1554 759 1607 oratioque
790 1556 944 1606 postea
977 1554 1153 1595 denium
1185 1554 1229 1595 in
1251 1554 1473 1607 obliquam
1497 1554 1682 1596 formam
1710 1554 1826 1596 dicta

226 1623 367 1665 aliena
398 1624 609 1666 reddendi
640 1626 866 1674 transiret3
915 1625 1034 1667 velut
1076 1624 1197 1678 (nam
1240 1638 1326 1667 uno
1368 1630 1409 1666 et
1450 1625 1586 1667 altero
1626 1625 1826 1679 exemplo

226 1694 402 1748 defungi
443 1694 558 1749 licet)
602 1695 646 1737 in
686 1709 788 1738 voce
829 1697 1023 1751 quisnam
1063 1696 1291 1749 adscripsit
1330 1696 1436 1737 Livii
1479 1696 1612 1737 verba
1645 1709 1698 1737 ex
1729 1695 1826 1737 libri

226 1764 433 1808 1110.40:
467 1780 648 1822 quonam
677 1768 770 1821 fato
804 1767 1033 1820 accidisset,
1065 1768 1222 1808 mirari
1253 1781 1295 1808 se
1327 1767 1536 1817 (actitans,
1572 1769 1615 1808 et
1645 1767 1689 1808 in
1720 1779 1825 1808 voce

224 1850 276 1877 m>
306 1837 401 1878 haec
434 1850 486 1878 ex
518 1838 613 1879 libr.
647 1838 836 1889 XXXVI,
872 1839 918 1880 3:
968 1838 1025 1879 ad
1057 1839 1272 1894 collegsz'zwn
1302 1838 1518 1892 fetialium
1552 1838 1720 1891 rettulit,
1761 1838 1825 1892 ip-

225 1907 314 1948 sine
345 1908 550 1950 Antiocho
582 1910 721 1964 utique
754 1909 903 1951 bellum
937 1906 1250 1962 {adicerem-st)
1313 1909 1477 1954 Deinde
1518 1910 1561 1950 in
1593 1922 1639 1950 re
1671 1909 1767 1962 ipsa
1799 1921 1825 1951 a

264 2092 292 2137 ¹)
320 2095 443 2139 [Hunc
474 2097 595 2133 locum
635 2102 716 2144 post
748 2111 808 2134 me
839 2099 1008 2133 tractavit
1040 2099 1079 2133 O.
1107 2099 1288 2133 Riemann
1319 2098 1357 2132 in
1391 2109 1500 2142 opere
1531 2097 1825 2142 quadrimenstri,

323 2157 419 2199 quod
445 2156 654 2192 inscribitur
679 2158 805 2192 Revue
838 2158 882 2193 de
915 2158 1121 2203 philologie,
1155 2170 1187 2192 a.
1222 2157 1323 2199 1883,
1356 2169 1390 2202 p.
1419 2156 1486 2190 113
1513 2168 1602 2201 sqq„
1641 2157 1704 2191 sed
1736 2156 1824 2190 dum

322 2215 376 2249 vir
401 2220 570 2251 accurate
596 2217 724 2251 doctus
751 2217 961 2252 discrimina
991 2218 1106 2263 logica
1141 2222 1176 2252 et
1207 2217 1388 2251 rhetorica
1421 2216 1685 2251 sententiarum
1717 2215 1825 2250 inter-

322 2274 568 2318 rogativarum
603 2276 747 2320 copiose
779 2280 814 2311 et
846 2277 1027 2312 subtiliter
1057 2277 1299 2321 persequitur,
1338 2276 1517 2310 rationem
1549 2274 1825 2319 grammaticam

323 2333 359 2367 in
385 2334 463 2378 ipsa
489 2335 675 2369 communi
701 2335 947 2380 interrogandi
974 2337 1091 2370 forma
1117 2336 1266 2380 eiusque
1302 2335 1456 2380 simplici
1489 2338 1598 2379 atque
1624 2337 1750 2378 aperta
1775 2332 1825 2367 di-

323 2392 461 2427 visione
486 2394 643 2438 positam
670 2395 884 2430 obscurasse
909 2396 1029 2440 potius
1056 2407 1167 2440 quam
1193 2395 1313 2429 verius
1341 2394 1550 2439 exposuisse
1576 2390 1747 2435 videtur]

265 2449 295 2492 2)
321 2452 440 2487 Ueber
466 2454 535 2487 den
562 2453 690 2488 Aecus.
718 2465 746 2488 c.
773 2454 873 2489 infin.
901 2455 996 2489 nach
1016 2455 1300 2499 Fragewortern,
1327 2455 1410 2488 dem
1431 2454 1638 2488 Pronomen
1663 2452 1764 2486 relat.
1785 2462 1825 2485 so

322 2511 390 2546 wie
416 2512 510 2546 nach
537 2513 826 2548 Coniunctionen
860 2513 896 2547 in
923 2514 987 2548 der
1018 2513 1133 2548 oratio
1165 2513 1322 2557 obliqua.
1374 2513 1581 2547 Fasciculus
1606 2512 1746 2557 primus
1771 2514 1826 2545 est

322 2570 414 2611 libri,
442 2582 551 2614 quem
578 2572 776 2617 inscripsit:
803 2573 1132 2617 Untersuchungen
1159 2584 1224 2607 aus
1243 2573 1325 2606 dem
1346 2572 1494 2606 Gebiete
1512 2572 1575 2606 der
1592 2572 1654 2606 lat.
1673 2571 1825 2616 Sprach-

322 2629 432 2670 lehre,
460 2630 577 2664 editus
604 2631 795 2666 Brunsuici
822 2631 924 2666 1820.

264 2684 293 2729 3)
320 2687 390 2722 Cfr.
418 2688 607 2733 Zumptius
634 2689 654 2732 ἓ
681 2690 759 2732 603,
786 2691 998 2725 Billrothius
1024 2689 1045 2733 ἓ
1069 2690 1139 2724 338
1165 2695 1250 2733 not„
1283 2690 1549 2724 Ramshornius
1574 2687 1595 2731 ξ
1622 2688 1700 2731 186,
1734 2688 1777 2729 II,
1803 2686 1825 2721 3

322 2746 344 2780 b
370 2758 403 2791 p.
434 2747 500 2781 799
526 2759 616 2792 sqq„
643 2759 689 2783 ne
715 2749 804 2783 alios
830 2750 949 2784 citem.
1152 2765 1154 2767 ·

261 2802 293 2847 ⁴)
319 2806 426 2850 Apud
453 2806 528 2841 Liv.
555 2808 616 2848 III,
646 2807 665 2840 7
691 2807 756 2850 (ut,
795 2811 877 2843 totis
903 2811 1046 2853 passim
1072 2811 1203 2843 castris
1232 2810 1382 2852 fremitu
1408 2813 1498 2849 orto,
1537 2809 1624 2851 quid
1654 2809 1693 2841 in
1723 2811 1823 2841 vasto

323 2878 363 2899 ccc
389 2868 524 2900 deserto
551 2878 639 2910 agro
666 2885 709 2890 —
743 2872 880 2911 tempus
906 2870 1085 2902 tererent?
1114 2887 1170 2911 —‚
1202 2870 1307 2911 siqua
1334 2872 1473 2910 repente
1499 2863 1740 2908 convellerent)
1773 2865 1824 2900 in-

322 2925 527 2969 terrogandi
566 2925 780 2970 significatio
819 2926 912 2960 inest
949 2926 986 2960 in
1024 2926 1143 2960 verbis
1179 2928 1328 2969 fremitu
1365 2931 1453 2960 orto.
1504 2925 1612 2960 Libro
1638 2925 1751 2967 V1‚c.
1777 2923 1823 2958 36

322 2987 422 3026 extr.⁵
456 2984 554 3028 quod
580 2983 669 3018 nihil
695 2983 840 3027 oblique
867 2985 1022 3019 refertur
1046 2989 1177 3029 praeter
1202 2984 1514 3029 interrogationes,
1540 2995 1614 3019 non
1640 2984 1758 3018 solum
1783 2983 1820 3017 in
