1915 3235
797 152 880 194 133

46 298 134 327 non
165 284 300 337 magis
332 283 401 324 hic
433 282 650 335 posuisset
681 294 812 335 quam
843 281 888 322 in
909 281 981 322 illa
1004 282 1196 335 epistola,
1231 284 1486 324 annotatum
1509 282 1631 335 falso,

44 358 93 397 ut
124 354 279 407 saepius
317 353 362 394 in
401 352 590 406 epistolis
630 349 902 405 Ciceronis1),
952 353 1006 393 ab
1046 351 1188 405 aliquo
1228 355 1305 403 est,
1355 354 1422 394 cui
1462 354 1632 396 errandi

45 437 177 467 causa
221 424 303 465 fuit
334 423 629 465 Kalendarum
668 422 893 464 Sextilium
938 423 1099 464 mentio
1146 423 1275 476 paulo
1323 425 1365 464 et
1411 437 1543 477 supra
1591 427 1633 465 et

43 495 156 537 infra
187 493 245 548 (4,
280 492 351 547 10)
384 494 511 535 facta.

161 566 210 606 In
239 563 488 617 Philippicae
521 563 722 605 secundae
755 576 789 605 c.
826 564 891 613 11,
931 563 1000 614 26,
1048 563 1123 604 ubi
1155 563 1302 605 Cicero
1346 577 1418 606 eos
1458 565 1631 615 refutat,

45 636 117 690 qui
163 636 380 677 Caesarem
428 635 518 675 eius
568 634 741 676 consilio
788 633 1060 675 interfectum
1099 634 1352 687 arguebant,
1402 635 1631 677 edebatur:

46 706 211 748 Etenim
249 707 287 747 si
324 709 511 746 auctores
551 704 608 745 ad
647 704 911 745 liberandam
934 705 1128 758 patriam
1166 704 1510 751 desiderarentur
1548 707 1634 748 iltis

46 776 294 829 auctoribus,
343 775 499 817 Brutos
546 788 615 829 eqo
660 775 925 829 impellerem,
974 788 1145 830 quorum
1194 780 1363 831 uterque
1411 776 1461 818 L.
1505 777 1634 818 Bruti

45 847 269 901 imayinem
303 846 484 901 quotidie
515 846 685 899 videret,
719 846 826 886 alter
858 847 979 886 etiam
1006 845 1188 886 Ahalae?
1224 845 1337 896 Quid
1361 847 1404 888 in
1428 849 1510 889 hac
1534 861 1632 889 sen-

43 917 179 959 tentia
218 916 456 970 significent
495 917 630 958 verba
668 917 756 957 iltis
794 915 1042 966 auctoribus,
1090 929 1218 958 nemo
1259 917 1384 967 dixit;
1431 931 1511 960 nec
1551 919 1633 960 dici

43 990 199 1042 potest.
261 988 372 1028 Nam
405 988 494 1028 sive
526 988 672 1029 dativo
704 988 793 1028 sive
826 986 1015 1029 ablativo
1055 1000 1156 1028 casu
1188 987 1329 1040 posita
1360 991 1499 1041 putes,
1549 1003 1633 1043 quo

43 1059 172 1100 modo
205 1060 402 1099 auctores
436 1058 710 1110 appellantur
742 1057 923 1113 Caesaris
955 1058 1280 1100 interfectores?
1328 1058 1406 1100 Cui
1439 1062 1481 1100 et
1514 1060 1633 1102 cuius

43 1130 134 1170 rei?
172 1129 325 1181 Caedis,
358 1127 496 1180 inquit
527 1128 774 1170 Abramius.
809 1130 880 1182 qui
912 1128 1027 1170 solus
1060 1129 1212 1182 attigit.
1260 1129 1345 1170 Ubi
1376 1129 1419 1170 id
1451 1130 1632 1171 verbum

44 1202 136 1241 est?
168 1199 427 1252 Quanquam
461 1199 551 1240 eius
584 1199 761 1240 minime
785 1212 948 1250 omnes,
983 1200 1055 1252 qui
1080 1203 1401 1250 enumerantur,
1435 1203 1633 1243 auctores

44 1273 179 1321 erant,
227 1270 304 1312 sed
337 1270 577 1312 effectores.
640 1269 754 1311 Satis
787 1273 935 1323 aperte
975 1271 1038 1320 iis,
1088 1270 1159 1323 qui
1191 1284 1283 1311 rem
1316 1273 1632 1324 perpetrarant,

45 1341 245 1382 contrarii
290 1344 509 1394 ponuntur
555 1341 595 1391 ii,
644 1342 679 1382 si
722 1340 794 1393 qui
833 1340 1116 1394 impulissent,
1165 1341 1320 1394 quibus
1360 1354 1467 1394 opus
1501 1341 1633 1383 fuisse

44 1410 191 1453 Cicero
223 1414 373 1464 negat,
420 1425 499 1453 nec
537 1412 581 1452 in
621 1412 726 1453 alios
764 1412 845 1452 nisi
884 1412 927 1452 in
967 1413 1045 1453 hos
1079 1412 1193 1453 cadit
1224 1414 1450 1453 auctorum
1483 1412 1633 1465 appel-

43 1481 159 1524 latio.
207 1482 313 1523 Haec
345 1495 479 1535 quum
511 1483 747 1523 sensissent
778 1481 999 1523 Ernestius
1033 1484 1075 1524 et
1107 1482 1369 1533 Schuetzius,
1403 1484 1536 1524 Verba
1561 1483 1633 1524 illa

43 1552 151 1594 alter
198 1553 382 1594 delenda
430 1553 607 1603 censuit,
656 1552 764 1594 alter
811 1549 1028 1606 delevit.²)
1105 1553 1191 1595 Sed
1237 1554 1354 1594 nulla
1402 1553 1634 1606 excogitari

43 1625 186 1676 potest
222 1624 562 1677 interpolationis
603 1636 747 1673 causa,
794 1636 874 1664 nec
921 1628 1010 1665 tam
1057 1624 1226 1666 videtur
1273 1626 1375 1677 apta
1422 1624 1632 1677 generalis

44 1694 278 1744 sententia3
326 1695 470 1747 itaque
512 1707 599 1735 una
636 1694 779 1735 littera
819 1694 961 1735 deleta
998 1695 1309 1736 restituendam
1349 1709 1445 1737 eam
1483 1708 1633 1737 vocem

44 1762 288 1817 (actoribus)
320 1766 483 1818 putavi,
517 1779 613 1818 quae
645 1765 760 1818 ipsos
795 1765 1017 1807 effectores
1050 1767 1110 1807 ita
1142 1766 1413 1819 significaret,
1454 1768 1501 1807 ut
1533 1769 1633 1819 apte

43 1834 138 1876 haec
182 1835 300 1877 notio
347 1835 580 1877 referretur
628 1836 683 1877 ad
721 1838 945 1878 auctorum
984 1849 1143 1878 nomen
1182 1837 1508 1890 notionemque;
1555 1849 1635 1878 nec

43 1905 249 1947 hocloco
287 1919 396 1959 opus
441 1908 533 1947 erat
573 1906 720 1948 addito
762 1907 949 1960 genitivo
996 1907 1053 1949 ad
1100 1906 1389 1948 definiendam
1435 1907 1634 1949 vocabuli

45 1976 201 2018 actoris
233 1977 600 2030 significationem.

161 2047 207 2089 C.
244 2048 310 2097 16,
343 2048 401 2089 40
433 2047 707 2100 interpolatio
739 2048 931 2089 notanda
963 2048 1054 2097 fuit,
1104 2061 1129 2089 a
1169 2061 1253 2101 quo
1292 2048 1438 2089 mendi
1478 2061 1635 2101 genere

44 2130 131 2159 non
169 2131 263 2159 esse
302 2118 485 2159 liberum
527 2118 718 2160 codicem
755 2118 1010 2160 Vaticanum
1054 2119 1089 2160 is
1136 2119 1272 2169 locus,
1323 2120 1394 2172 qui
1440 2118 1634 2172 proxime

47 2189 240 2241 sequitur
271 2187 376 2242 (41),
411 2189 608 2242 exemplo
641 2202 735 2231 esse
766 2191 922 2242 potest,
970 2202 1024 2230 ne
1056 2189 1161 2231 alios
1195 2202 1543 2239 commemorem,
1594 2191 1636 2230 et

44 2258 136 2312 ipse
183 2259 352 2301 duobus
399 2259 486 2301 iam
535 2260 741 2313 exemplis
789 2259 990 2313 (Philipp.
1023 2259 1053 2309 I,
1102 2259 1141 2308 3,
1191 2260 1302 2306 Set
1345 2260 1393 2310 Π,
1443 2260 1511 2310 26,
1561 2258 1634 2312 64)

45 2330 225 2371 ostendi.
289 2330 511 2372 Edebatur
541 2331 630 2372 hic:
680 2330 750 2371 Me
780 2344 910 2383 nemo,
958 2331 1042 2371 1ιίδὶ
1080 2331 1252 2383 amicus,
1297 2330 1397 2383 fecit
1429 2330 1634 2383 heredem,

81 2503 110 2548 ¹)
135 2506 309 2550 Exempla
341 2517 478 2550 ponam
509 2506 682 2547 breviter;
720 2517 807 2541 nam
845 2505 1035 2550 explicatio
1068 2506 1219 2541 rationis
1250 2509 1457 2550 temporum
1489 2507 1534 2540 ab
1567 2507 1635 2541 1100

138 2565 216 2599 1000
243 2565 361 2599 aliena
386 2568 450 2599 est.
490 2565 693 2600 Delendum
720 2568 773 2599 est
798 2564 905 2609 igitur
922 2565 985 2609 Ep.
1012 2565 1057 2599 ad
1083 2565 1190 2600 Attio.
1208 2565 1302 2604 XIII,
1330 2564 1374 2598 12
1405 2566 1523 2608 Quint.
1550 2563 1634 2607 (vid.

139 2622 329 2665 Schuetz.),
361 2623 453 2664 XIII,
486 2622 529 2656 21
559 2624 654 2658 Sext.
682 2622 905 2666 (Schuetzius
937 2623 974 2657 in
1009 2624 1102 2668 Sept.
1136 2622 1316 2668 mutavit),
1348 2624 1441 2666 XIII,
1474 2623 1519 2657 33
1546 2625 1635 2658 Mai.

140 2679 225 2723 (vid.
252 2680 419 2725 Manut.);
458 2682 495 2716 in
520 2682 613 2723 XIII,
646 2681 692 2715 34
717 2682 791 2716 iam
816 2682 1002 2717 sublatum
1028 2686 1082 2717 est
1107 2678 1298 2720 mendum}
1338 2683 1430 2717 adde
1456 2683 1499 2717 ad
1528 2682 1634 2717 Attic.

138 2739 211 2780 XV,
249 2739 270 2773 8
302 2738 388 2783 (vid.
421 2741 559 2785 Popma
592 2743 628 2775 et
660 2738 838 2783 Schuetz.)
876 2744 941 2775 cet.
1007 2741 1076 2775 Cfr.
1110 2741 1218 2776 Orell.
1252 2741 1322 2776 Cic.
1356 2742 1445 2786 Opp.
1472 2742 1521 2776 III
1553 2754 1587 2786 p.
1615 2741 1633 2774 1

139 2809 174 2842 p.
200 2797 280 2833 434.

83 2853 112 2899 ²)
136 2856 402 2892 Wernsdorfius
428 2858 473 2893 ad
499 2859 596 2893 hunc
613 2859 744 2899 locum,
775 2858 842 2899 ,At
866 2869 939 2892 non
963 2869 1053 2902 opus
1077 2857 1149 2893 est“
1179 2858 1298 2902 inquit
1327 2858 1471 2901 „multis
1495 2859 1633 2899 docere,

140 2916 268 2950 eadem
293 2916 432 2951 bonum
463 2920 498 2951 et
524 2917 757 2951 commodum
788 2927 935 2951 sensum
968 2915 1133 2951 habere.“
1186 2916 1314 2952 Paucis
1340 2920 1525 2957 tentasset,
1565 2917 1634 2950 vel-

140 2973 223 3008 lem.
274 2974 344 3009 Sed
370 2978 423 3009 est
448 2975 516 3009 hoc
542 2986 686 3019 quoque
712 2974 842 3010 criticae
867 2986 990 3020 genus.

1654 787 1704 813 165
