1915 3235
811 154 892 195 231

174 282 323 325 Redeo
355 283 412 324 ad
444 295 507 333 ea,
557 296 652 336 quae
692 282 744 323 de
784 283 1046 325 coloniarum
1079 283 1430 325 deducendarum
1462 285 1719 326 11151111111285

57 354 236 396 historia
268 352 535 406 expedjenda
566 355 750 403 restant3
782 366 885 395 nam
915 353 967 394 de
989 353 1217 406 generibus
1252 356 1293 395 et
1317 355 1407 396 iure
1431 355 1519 397 fere
1545 356 1648 398 satis

59 426 125 466 est
156 424 331 465 dictum.

175 494 313 535 Finito
360 493 473 535 bello
512 493 674 535 Punico
714 494 914 544 secundo,
964 507 1097 547 quum
1147 508 1353 537 concussa
1400 496 1648 537 vehementi

59 567 180 606 motu
211 565 334 606 Italia
366 563 580 604 firmanda
615 568 738 614 esset,
788 570 988 606 revocato
1026 567 1124 617 post
1161 565 1334 619 longum
1374 565 1647 613 intervallum

60 635 216 676 veteris
248 635 458 687 temporis
491 647 610 675 more
643 633 762 687 (nam
794 648 847 675 ne
880 635 1097 676 maritima
1130 636 1304 689 quidem
1336 649 1413 689 per
1437 638 1648 690 quinqua-

58 705 175 759 ginta
207 718 342 746 annos
376 709 474 758 post
505 705 720 757 Fregenas
753 705 840 746 11113
873 708 965 746 6131
997 705 1212 759 deducta),
1246 707 1288 747 in
1322 720 1371 748 ea
1405 707 1510 758 loca,
1552 721 1649 760 quae

57 776 130 817 diu
161 775 381 817 Hannibal
412 777 625 825 tenuerat,
678 788 791 816 anno
826 775 909 816 194
949 777 1189 829 complures
1233 777 1388 818 civium
1420 777 1648 819 maritimae

58 846 234 887 coloniae
266 845 454 898 praesidii
503 859 634 887 causa
681 846 824 887 missae
866 848 978 897 sunt,
1028 847 1204 900 antiquo
1253 861 1422 901 quoque
1468 861 1649 890 numero

56 918 330 957 trecenarum
363 916 622 957 familiarum
649 917 819 970 scripto,
853 917 1067 967 Puteolos,
1101 917 1373 967 Vulturnum,
1407 918 1644 969 Liternum,

56 986 295 1036 Salernum,
330 987 588 1037 Buxentum,
624 987 862 1040 Sipontum,
889 987 1139 1040 Tempsam,
1165 985 1456 1041 Crotonem.¹)
1505 989 1646 1040 Quam

55 1071 210 1110 parum
244 1060 488 1099 constantes
522 1057 658 1099 socios
690 1059 847 1099 harum
886 1057 1108 1110 regionum
1149 1058 1310 1100 incolas
1351 1060 1538 1101 Romani
1572 1074 1645 1101 ex—

54 1128 164 1181 perti
197 1133 354 1178 essent,
402 1131 552 1169 notum
586 1131 662 1177 est,
713 1131 937 1181 exstatque
980 1128 1032 1169 de
1071 1128 1168 1170 odio
1201 1132 1243 1170 et
1275 1129 1462 1170 vindicta
1497 1143 1521 1171 a
1554 1130 1643 1172 Ro-

54 1199 194 1240 manis
252 1199 304 1240 de
362 1199 538 1240 Bruttiis
601 1202 773 1252 sumpta
836 1199 1130 1240 testimonium
1188 1200 1469 1241 memorabile
1529 1201 1647 1254 apud

56 1266 299 1322 Gellium.‘-')
361 1270 511 1322 Itaque
545 1270 697 1311 eodem
730 1283 842 1311 anno
875 1270 1024 1320 latum,
1058 1272 1106 1310 ut
1129 1270 1293 1311 Latinae
1326 1284 1497 1323 quoque
1531 1271 1644 1313 colo-

54 1340 137 1381 niae
170 1340 305 1382 311613
337 1341 381 1381 111
413 1340 617 1391 Bruttios,
653 1341 789 1382 altera
821 1341 865 1381 in
888 1340 1129 1382 Thurinum
1155 1354 1307 1394 agrum
1327 1341 1644 1382 deducerentur

54 1410 161 1464 (Liv.
194 1411 382 1461 XXXIV,
416 1409 503 1463 53),
554 1413 596 1452 et
637 1411 806 1453 duobus
849 1412 972 1452 annis
1010 1413 1109 1464 post
1148 1411 1360 1453 Vibonem
1398 1412 1481 1452 tria
1513 1411 1646 1453 millia

147 1568 200 1600 est
233 1563 382 1598 coloniis
415 1563 604 1598 duodecim
638 1563 675 1597 in
700 1563 794 1597 bello
820 1563 966 1604 Punico,
1006 1566 1045 1597 ut
1079 1574 1100 1597 a
1133 1563 1206 1597 suis
1241 1563 1389 1607 quidem
1423 1565 1643 1607 censoribus,

146 1624 209 1658 sed
236 1634 279 1657 ex
306 1623 462 1657 formula
487 1633 508 1655 3
533 1622 708 1657 Romanis
735 1624 819 1657 data
845 1625 1079 1657 censerentur
1111 1621 1317 1666 tabulaeque
1343 1623 1499 1657 Romam
1532 1623 1645 1657 defer-

147 1686 272 1716 rentur
299 1680 388 1723 (Liv.
408 1681 531 1722 XXIX,
560 1680 629 1723 15).
669 1681 806 1726 Saepius
833 1682 1070 1725 expetebatur
1095 1692 1274 1715 novorum
1301 1681 1508 1716 colonorum
1530 1682 1644 1717 adiec-

146 1742 207 1783 tio,
236 1752 349 1785 quum
386 1752 515 1784 parum
542 1741 750 1784 frequentes
776 1740 946 1774 oneribus
973 1740 1179 1775 delectuum
1205 1744 1240 1774 et
1266 1740 1391 1774 tributi
1418 1751 1461 1774 ex
1487 1741 1643 1775 formula

145 1788 339 1845 impositis=
360 1811 433 1834 non
471 1800 690 1841 sufficerent,
728 1803 769 1834 ut
800 1811 822 1833 a
853 1799 1112 1834 Narniensibus
1145 1802 1180 1834 et
1212 1799 1360 1833 Cosanis
1393 1810 1424 1833 a.
1454 1799 1520 1833 199
1552 1800 1642 1841 (Liv.

145 1859 286 1901 XXXII,
313 1858 360 1901 2).

88 1916 117 1962 ¹)
141 1919 218 1953 Liv.
244 1918 400 1958 XXXIV,
427 1917 483 1951 45.
522 1918 595 1952 Lex
620 1918 664 1951 de
681 1917 850 1959 Puteolis,
877 1917 1066 1959 Vulturno,
1092 1917 1250 1958 Literno,
1278 1916 1438 1958 Salerno,
1464 1916 1641 1958 Buxento,

143 1978 180 2012 in
207 1977 338 2022 quibus
364 1987 559 2010 numerum
585 1975 707 2010 Livius
733 1979 894 2017 annotat,
921 1976 993 2010 iam
1021 1987 1051 2010 a.
1072 1976 1138 2009 197
1165 1976 1239 2010 1313
1257 1987 1288 2010 3.
1308 1976 1344 2010 C.
1364 1975 1477 2010 Acilio
1497 1976 1642 2010 tribuno

143 2036 259 2081 plebis
285 2039 372 2075 erat,
399 2035 663 2079 triumvirique,
703 2035 764 2078 qui
796 2046 860 2079 per
892 2038 964 2069 tres
997 2046 1111 2069 annos
1146 2034 1398 2079 magistratum
1425 2046 1509 2069 eum
1535 2036 1642 2069 habe-

143 2098 234 2137 rent,
273 2094 383 2129 creati
417 2093 504 2136 (Liv.
531 2094 672 2135 XXXII,
699 2092 768 2135 29),
808 2096 847 2128 111
880 2093 1072 2128 videantur
1102 2094 1218 2128 multa
1250 2094 1489 2137 praeparanda
1520 2094 1640 2129 fuisse.

143 2154 186 2188 A.
214 2152 282 2186 186
314 2153 373 2197 Sp.
400 2153 608 2188 Postumius
647 2153 772 2187 consul
810 2152 1042 2194 renuntiavit,
1080 2156 1334 2196 peragrantem
1369 2163 1407 2187 se
1445 2156 1642 2197 utrumque

142 2213 228 2247 litus
253 2211 365 2246 Italiae
391 2213 552 2247 desertas
579 2212 737 2246 colonias
763 2211 955 2255 Sipontum
981 2216 1016 2246 et
1041 2212 1250 2247 Buxentum
1282 2212 1480 2249 invenisse3
1518 2212 1642 2256 itaque

142 2271 275 2319 iterum
300 2270 444 2305 deducti
471 2271 587 2305 coloni
614 2273 698 2305 sunt
730 2269 819 2313 (Liv.
846 2270 1002 2312 XXXIX,
1035 2270 1105 2314 23).
1156 2271 1324 2312 Velleius,
1357 2274 1642 2305 commemorata

142 2330 217 2364 sive
243 2329 401 2364 Lunensi
419 2330 495 2363 sive
514 2329 667 2363 Lucensi
693 2329 843 2371 colonia,
871 2341 982 2374 quam
999 2341 1030 2365 3.
1050 2329 1117 2363 178
1136 2330 1330 2365 deductam
1357 2329 1469 2374 ponit,
1497 2331 1640 2371 Eodem,

143 2389 272 2433 inquit,
298 2394 495 2432 temporum
520 2394 649 2430 tractu,
677 2401 886 2433 quanquam
911 2391 1010 2432 apud
1034 2390 1208 2433 quosdam
1233 2390 1440 2432 ambiyz'tur,
1476 2389 1641 2423 Puteolos

144 2449 402 2491 Salernumque
427 2452 458 2481 et
483 2449 688 2482 Buoeentum
713 2450 816 2482 missi
840 2449 963 2482 coloni.
1013 2448 1174 2493 Apparet
1205 2459 1305 2482 error
1331 2458 1375 2481 ex
1400 2447 1492 2482 Livii
1517 2459 1639 2482 narra-

140 2507 248 2548 tione,
282 2507 359 2540 haec
385 2507 552 2541 distincte
578 2507 623 2541 ad
649 2517 734 2541 suos
759 2517 873 2541 annos
900 2510 936 2541 et
961 2511 1076 2541 certos
1102 2507 1268 2542 homines
1293 2506 1493 2541 referentis.
1546 2507 1640 2542 Reli-

142 2577 232 2610 quas
257 2565 415 2600 Velleius
441 2565 585 2600 omittit.

83 2622 112 2668 ²)
136 2624 213 2659 Lib.
239 2624 281 2666 X,
312 2623 335 2657 3
361 2624 405 2658 de
430 2624 604 2658 ministris
630 2624 920 2669 magistratuum,
952 2623 1014 2668 qui
1048 2625 1238 2658 Bruttiani
1268 2624 1497 2659 dicebantur:
1538 2626 1640 2659 Post-

141 2695 250 2727 quam
275 2683 461 2717 Hannibal
492 2684 604 2717 Italia
629 2684 783 2726 decessit,
821 2685 1051 2727 superatique
1084 2684 1188 2717 Poemt
1218 2688 1312 2727 sunt,
1346 2684 1511 2718 Bruttios
1542 2685 1639 2727 iyno-

141 2743 262 2776 miniae
287 2752 406 2775 causoe
429 2753 501 2776 non
526 2743 654 2775 milites
679 2741 879 2775 scribebant
908 2752 970 2775 nec
988 2753 1061 2785 pro
1093 2744 1198 2776 sociis
1223 2742 1408 2785 habebant,
1440 2744 1501 2776 sed
1526 2744 1640 2785 mafi-

141 2801 316 2835 stratibus
339 2802 379 2834 in
397 2802 609 2844 provincias
634 2800 798 2834 euntibus
818 2811 952 2843 parere
969 2805 1001 2834 et
1018 2802 1312 2844 praeministrare
1329 2812 1514 2836 servorum
1531 2803 1639 2835 vicem

142 2861 336 2894 iusserunt.
385 2859 488 2893 Idem
514 2870 536 2893 a
560 2858 665 2893 Festo
696 2860 866 2893 narratur
897 2856 949 2901 [et
980 2869 1001 2892 3
1033 2859 1211 2894 Strabone
1236 2859 1266 2893 V
1290 2871 1324 2904 p.
1351 2859 1419 2893 251
1447 2860 1537 2901 Cas„
1576 2859 1639 2894 ubi

142 2917 332 2952 Salernum
358 2917 538 2952 coloniam
562 2917 765 2952 Picentium
790 2917 884 2962 parti
910 2918 954 2952 ad
980 2929 1080 2952 mare
1098 2917 1255 2952 inferum
1274 2918 1449 2953 traductae
1467 2917 1639 2952 custodiae

142 2984 251 3009 causa
275 2975 483 3019 impositam
510 2974 659 3019 narrat}

1666 1352 1717 1378 286
