1915 3235
930 101 1011 143 138

172 228 362 283 natm-,U
426 230 618 272 Breviter
658 229 788 272 etiam
829 235 870 271 et
910 232 1081 271 tantum
1121 229 1277 270 erroris
1316 229 1494 271 tollendi
1533 242 1664 272 causa
1702 233 1769 273 at—

172 301 374 354 tingenda
414 304 477 341 est
521 300 765 348 coniectura
810 301 862 341 de
904 313 950 341 re
994 299 1188 350 levicula,
1239 312 1273 341 c.
1307 300 1376 350 34,
1419 300 1487 351 87,
1537 301 1611 342 ubi
1653 302 1769 355 quod

173 371 393 417 edebatur,
430 371 577 425 Spurii
611 370 794 423 Cassius,
829 370 1011 420 Maelius,
1046 370 1146 411 ferri
1178 370 1275 412 ideo
1308 384 1395 412 non
1426 373 1611 423 poterat,
1653 373 1769 426 quod

173 455 223 483 ea
256 442 457 494 loquendi
489 441 612 491 ratio,
663 454 749 494 qua
794 442 874 482 hoc
907 440 988 482 dici
1028 443 1196 493 putant,
1244 442 1288 482 in
1319 441 1566 483 nominibus
1598 445 1769 485 tantum

173 513 472 553 communibus
506 512 684 560 obtinet,
718 524 804 552 non
835 512 879 552 in
901 511 1252 564 praenominibus,
1286 525 1372 553 non
1405 514 1542 566 magis
1572 527 1700 567 quam
1726 515 1770 556 in

171 584 328 624 nostris
360 583 533 635 linguis;
566 582 712 635 itaque
746 583 1022 624 scribendum
1056 585 1161 633 erat,
1195 585 1242 624 ut
1275 596 1309 624 c.
1333 583 1403 633 44,
1441 584 1524 624 114
1551 585 1594 625 in
1619 585 1764 627 codice

171 653 379 694 Vaticano
413 656 455 694 et
487 654 638 694 ceteris
672 653 879 706 scriptum
914 656 991 703 est,
1026 653 1097 707 Sp.
1126 654 1310 706 Cassius,
1345 653 1414 708 Sp.
1442 654 1611 696 Maelius
1643 654 1767 708 [Lael.

173 736 206 765 c.
241 724 280 773 8,
315 719 452 776 28].2)

290 794 497 847 Superest
527 807 614 836 una
648 795 904 847 explicanda
936 795 1112 836 uberius
1144 798 1292 836 nostra
1325 795 1573 839 coniectura
1599 797 1652 839 de
1677 798 1770 840 loco

171 865 409 918 perdifficili
445 878 478 905 c.
514 865 582 915 38,
632 866 701 915 99,
750 867 823 907 ubi
865 866 1026 908 Cicero.
1077 867 1130 908 M.
1163 866 1340 907 Antonii
1379 867 1422 907 in
1456 867 1501 908 C.
1534 868 1770 910 Antonium

171 939 375 989 patruum
415 936 591 977 iniurias
632 949 993 988 commemorans,
1040 940 1271 990 postquam
1320 937 1434 978 hunc
1481 939 1525 979 in
1563 940 1769 992 petitione

173 1021 365 1049 censurae
409 1007 607 1048 delusum
651 1007 780 1048 fuisse
822 1008 939 1059 dixit,
989 1009 1097 1049 alius
1140 1008 1288 1049 similis
1335 1009 1606 1051 contumeliae
1649 1011 1687 1051 ei
1729 1010 1769 1052 in

173 1079 368 1120 creandis
417 1079 687 1131 septemviris
737 1092 839 1131 agro
896 1079 1127 1121 dividendo
1174 1080 1267 1132 lege
1313 1080 1369 1121 Μ.
1418 1080 1594 1122 Antonii
1641 1080 1771 1122 illatae

173 1150 436 1191 mentionem
469 1149 602 1190 addit.
666 1149 729 1190 Ea
772 1150 815 1190 in
857 1150 1041 1203 vulgatis
1085 1151 1344 1192 editionibus
1387 1151 1453 1192 his
1493 1152 1636 1192 verbis
1669 1164 1771 1194 con-

173 1222 351 1262 tinetur:
389 1220 528 1272 Quid?
559 1220 733 1260 eundem
767 1221 810 1261 tn
842 1222 1137 1274 septemvir-atu
1170 1235 1302 1263 ‘nomae
1334 1222 1594 1263 destituisti?
1636 1221 1771 1263 Inter-

175 1293 281 1332 ·tem't
314 1293 435 1332 enim.
502 1291 613 1343 Quid
644 1292 860 1333 metuisti?
908 1293 1057 1345 Credo),
1098 1307 1148 1333 ne
1186 1293 1300 1334 salvo
1339 1294 1473 1347 capite
1504 1307 1658 1347 neyare
1688 1307 1771 1335 non

166 1376 320 1417 posses.
383 1363 471 1404 Nec
510 1363 597 1404 ulla
638 1366 702 1404 est
740 1364 784 1404 in
824 1363 1042 1405 codicibus
1082 1364 1304 1417 scripturae
1339 1363 1642 1417 discrepantia,
1691 1364 1772 1405 nisi

174 1434 288 1486 quod
322 1448 398 1487 pro
435 1434 545 1485 Quid
576 1435 758 1475 metuisti
796 1435 839 1475 in
872 1435 1080 1476 Vaticano
1114 1435 1260 1476 codice
1300 1435 1457 1488 legitur
1489 1434 1544 1476 σᾶ
1576 1435 1770 1485 metuisti,

175 1506 216 1546 in
250 1505 432 1546 Ferrarii
465 1505 682 1546 codicibus
715 1520 833 1561 quem
866 1506 1060 1547 metuisti.
1110 1506 1195 1547 Sed
1229 1519 1326 1559 quae
1347 1506 1513 1548 ,horum
1538 1506 1771 1547 verborum

104 1594 151 1619 171
175 1579 288 1617 esset
335 1576 562 1626 sententia,
610 1590 740 1618 nemo
787 1577 1059 1629 superiorum
1101 1577 1385 1629 interpretum
1428 1578 1488 1618 ita
1531 1577 1771 1630 explicavit,

175 1650 222 1688 ut
254 1647 319 1688 vel
353 1647 433 1688 sibi
466 1647 757 1697 satisfaceret;
804 1648 952 1700 itaque
983 1647 1101 1688 nulla
1134 1649 1199 1689 est
1231 1647 1274 1688 in
1306 1647 1356 1688 iis
1389 1648 1612 1690 sententiis
1644 1648 1772 1690 refel-

214 1800 240 1843 1>
269 1800 536 1844 [Conferantur,
575 1812 656 1845 quae
689 1800 813 1845 scripsi
846 1800 883 1834 in
915 1811 1022 1845 opere
1057 1801 1101 1834 de
1126 1800 1300 1835 institutis
1333 1800 1383 1834 rei
1415 1800 1568 1844 publicae
1600 1800 1776 1835 Romanae

270 1861 339 1895 vol.
366 1861 381 1894 I
407 1872 441 1904 p.
470 1858 566 1903 119]

212 1918 239 1962 2>
267 1921 371 1954 Errat
405 1920 561 1955 Orellius
603 1921 647 1955 de
680 1921 756 1954 cod.
785 1919 987 1961 ⁴Vaticano;
1027 1919 1098 1954 vid.
1133 1919 1253 1953 Garat.
1288 1930 1322 1963 p.
1350 1917 1419 1951 525
1451 1918 1520 1953 vol.
1553 1919 1568 1952 I
1608 1917 1775 1953 editionis

268 1980 434 2014 Wernsd.
487 1978 599 2023 [Dixit
626 1983 750 2014 tamen
776 1979 899 2014 Livius
925 1979 997 2020 XL,
1032 1978 1075 2011 18
1107 1978 1184 2012 init.
1213 1979 1283 2012 duo
1315 1979 1352 2020 Q.
1379 1978 1499 2021 Fabii,
1532 1979 1718 2012 Maoeimus
1742 1983 1773 2012 et

268 2041 389 2080 Buteo,
428 2039 489 2073 sed
522 2050 717 2074 commune
750 2049 959 2083 praenomen
994 2042 1029 2072 et
1062 2048 1197 2072 nomen
1230 2036 1374 2081 proprie
1407 2034 1566 2079 notans]
1617 2036 1774 2071 Omnino

268 2100 302 2133 in
342 2097 626 2142 praenominibus
664 2098 842 2142 ponendis
880 2102 944 2132 aut
981 2108 1054 2131 non
1092 2095 1271 2141 ponendis
1309 2094 1440 2139 saepius
1481 2098 1642 2129 erratum
1684 2098 1771 2130 erat.

267 2158 388 2192 Unum
422 2158 490 2192 hoc
523 2158 600 2192 loco
633 2158 819 2201 attingam.
870 2158 938 2192 Ubi
971 2156 1048 2191 noti
1081 2160 1116 2191 et
1148 2154 1299 2190 celebris
1332 2153 1490 2188 hominis
1523 2154 1663 2188 nomini
1694 2165 1774 2198 pro·

265 2228 398 2251 nomen
424 2216 642 2251 celebritatis
674 2216 783 2250 index
817 2220 880 2250 aut
915 2216 1037 2260 aliqua
1070 2214 1263 2259 descriptio
1301 2213 1521 2257 adiungitur,
1560 2224 1771 2258 praenomen

265 2275 479 2313 omittitur„
506 2275 631 2319 Itaque
657 2286 722 2319 pro
749 2275 857 2309 Arch.
883 2274 916 2316 3,
944 2274 976 2316 6,
1004 2275 1070 2309 etsi
1098 2277 1300 2308 ceterorum
1327 2272 1553 2316 praenomina
1574 2272 1772 2313 adduntur,

264 2334 496 2369 scribendum
523 2337 646 2368 tamen
674 2337 751 2368 erat
777 2332 875 2376 (cum
902 2335 979 2368 cod.
1007 2333 1138 2368 Zwick.
1166 2336 1202 2366 et
1228 2332 1370 2366 duobus
1397 2329 1520 2372 Oxx.):
1556 2331 1693 2365 Metello
1717 2332 1773 2364 illi

265 2395 465 2435 Numidico,
502 2403 585 2433 non,
619 2404 731 2436 prava
763 2392 921 2427 nominis
947 2396 983 2427 et
1009 2391 1235 2436 pronominis
1263 2390 1515 2431 disiunctione,
1559 2391 1597 2432 Q.
1624 2390 1773 2433 Metello,

265 2454 318 2486 illi
354 2453 542 2486 Numidico
567 2451 680 2495 (quod
713 2452 859 2486 additur
892 2457 924 2486 et
955 2453 1031 2486 eius
1065 2453 1132 2486 Pio
1163 2452 1247 2494 filio,
1286 2450 1403 2484 iustus
1436 2452 1490 2483 est
1523 2449 1610 2482 ordo
1643 2448 1680 2482 in
1712 2447 1775 2482 tali

264 2510 535 2551 coniunctione;
570 2511 640 2545 vid.
674 2522 738 2555 pro
774 2511 916 2545 Cluent.
943 2510 983 2551 8,
1017 2510 1079 2548 25;
1113 2510 1215 2544 Brut.
1242 2508 1305 2550 26,
1332 2507 1377 2541 98
1410 2505 1470 2550 [de
1496 2507 1536 2541 N.
1563 2507 1604 2541 D.
1630 2506 1696 2547 ΙΙΙ,
1729 2504 1775 2539 39

263 2573 298 2603 et
322 2568 378 2609 48,
406 2570 450 2603 ad
478 2569 551 2603 Att.
580 2570 636 2611 IV,
664 2569 719 2610 17,
756 2569 794 2607 3;
834 2569 896 2603 cfr.
924 2570 1000 2603 Em.
1028 2569 1103 2603 Liv.
1131 2580 1167 2613 p.
1194 2567 1263 2601 332
1296 2571 1331 2601 et
1363 2566 1551 2610 Ussingius
1584 2565 1628 2599 ad
1654 2565 1771 2599 Plaut.

261 2628 393 2672 Amph.
423 2626 546 2671 1093])
579 2631 614 2662 et
641 2627 677 2662 in
705 2628 833 2662 eadem
861 2631 950 2662 orat.
980 2628 1010 2669 7,
1040 2627 1083 2660 16
1110 2627 1208 2670 (cum
1234 2626 1318 2668 Erf.,
1352 2626 1485 2666 Haun„
1519 2624 1540 2658 6
1566 2624 1668 2665 Oxx.‚
1694 2624 1775 2659 edd.

261 2687 383 2728 vett.):
416 2688 584 2722 Catonem
611 2688 712 2720 illum
737 2698 868 2728 sensnm
896 2687 1068 2721 adiuncta
1094 2687 1173 2720 haec
1198 2684 1431 2730 praenominis
1459 2684 1580 2718 locum
1606 2683 1767 2727 explent;

261 2746 296 2780 in
323 2746 425 2780 Catil.
453 2746 511 2786 IV,
540 2745 594 2785 10,
627 2744 670 2778 21
699 2745 768 2779 alia
797 2757 838 2780 ex
866 2746 1103 2780 similitudine
1130 2745 1354 2789 reliquorum
1380 2743 1633 2778 membrorum
1659 2752 1768 2776 causa

261 2804 403 2839 delendi
430 2804 664 2848 praenominis
689 2804 896 2838 accedebat.
940 2803 1008 2846 [De
1035 2803 1208 2839 orationis
1235 2814 1299 2847 pro
1318 2802 1426 2836 Arch.
1448 2802 1534 2836 locis
1553 2801 1770 2836 sententiam

260 2868 385 2908 postea
412 2861 578 2905 mutavi]
