1915 3235
967 113 1052 154 754

208 256 286 295 pro
319 242 462 295 viam).
527 242 827 284 Coniecturam
870 255 892 283 e
923 242 1119 283 Vaticani
1159 242 1383 294 scripturae
1423 241 1609 294 vestigiis
1649 254 1803 294 parurn

207 316 323 355 recte
356 314 530 354 ductam
562 327 648 354 non
681 327 858 366 possum
898 326 985 355 non
1022 313 1212 354 iudicare
1252 311 1275 364 ξ
1309 313 1347 361 7,
1388 312 1462 353 ubi
1502 325 1635 364 quum
1675 316 1804 353 antea

207 385 406 426 ederetur
449 384 582 437 (quod
614 398 692 437 ego
724 384 881 437 tenui):
929 389 1130 439 tauquam
1169 383 1274 423 mihi
1305 396 1397 423 cum
1429 382 1490 423 M.
1527 382 1678 424 Crasso
1711 397 1802 423 cou-

204 457 328 497 tentio
361 461 474 508 esset,
507 469 676 510 quocum
709 456 850 496 multae
883 460 919 496 et
950 469 1115 510 maquoe
1144 454 1332 508 fueraut.
1366 453 1577 501 Halmius,
1612 454 1724 506 quod
1759 454 1802 494 in

203 527 411 568 Vaticano
435 529 500 567 est
523 527 827 580 etiammaynoe,
861 525 1032 579 scripsit
1063 526 1204 566 multoe
1237 530 1272 566 et
1304 530 1389 565 tam
1420 538 1605 578 maynoe3
1639 525 1799 575 Cicero,

202 599 238 639 si
271 598 611 639 demonstrativa
643 598 855 650 particula
888 599 1037 638 contra
1081 595 1436 637 consuetudinem
1470 595 1721 637 Latinorum
1754 596 1798 636 in

200 669 276 710 tali
310 668 635 710 confirmatione
667 668 729 709 uti
762 668 977 717 voluisset,
1012 668 1166 708 saltem
1199 671 1255 707 tot
1287 671 1323 706 et
1354 671 1437 706 tam
1472 680 1637 721 maynoe
1663 667 1798 720 scrip-

201 741 346 789 sisset3
394 752 449 780 ne
487 739 614 780 nimis
652 752 907 780 moveamur
946 739 1114 793 syllaba
1154 751 1206 779 ex
1238 737 1527 790 geminatione
1559 738 1799 779 litterarum

199 812 316 859 nata,
366 811 601 851 admonere
643 813 787 862 potest
829 810 873 850 in
916 809 1136 862 superiore
1179 822 1306 849 versu
1349 814 1431 849 tam
1476 822 1555 861 pro
1597 814 1798 864 tanquam

200 881 421 934 scriptum.
485 880 508 932 ἓ
544 881 610 930 14,
651 894 783 934 quum
824 881 866 921 in
905 880 1115 921 Vaticano
1155 893 1207 920 ex
1246 893 1348 920 vera
1388 880 1600 933 scriptura
1641 880 1798 934 (cousul

197 966 297 993 usus
328 951 437 1004 sum)
469 954 622 993 natum
655 954 769 992 esset
800 952 1007 992 consultus
1049 965 1204 1001 ussum,
1245 950 1387 992 littera
1427 956 1442 991 t
1482 952 1594 992 male
1633 952 1794 1003 addita,

197 1024 395 1065 Halmius
429 1023 529 1064 fecit
561 1023 701 1064 consul
732 1028 815 1063 tum
850 1037 950 1063 usus
988 1036 1092 1072 sum,
1133 1022 1345 1075 particula
1388 1036 1520 1075 prave
1561 1023 1707 1064 addita
1741 1024 1796 1065 ad

197 1107 292 1135 eam
325 1095 532 1147 temporis
564 1097 727 1143 notam,
769 1107 865 1147 quae
906 1096 970 1134 est
1008 1093 1052 1134 in
1090 1093 1185 1146 ipso
1223 1093 1398 1134 nomine
1429 1094 1621 1134 consulis.
1684 1092 1706 1145 ἓ
1739 1095 1796 1135 45

197 1179 249 1206 ex
280 1165 553 1218 confirmabat
590 1165 633 1206 in
665 1165 874 1206 Vaticano
912 1165 1076 1206 factum
1117 1166 1182 1204 est
1221 1163 1527 1216 confirmauiat⁷
1577 1166 1791 1207 contrario

196 1249 339 1277 errore
379 1238 509 1289 atque
542 1234 564 1287 ἕ
598 1236 654 1276 35
693 1235 891 1276 liberabis
930 1249 982 1276 ex
1021 1234 1264 1284 liberavisti,
1307 1235 1383 1275 sed
1423 1235 1570 1276 addito
1612 1237 1646 1284 ἐς
1693 1237 1794 1277 inde

192 1308 341 1347 tamen
385 1307 584 1348 Halmius
627 1307 873 1348 faciendum
918 1306 1087 1360 putavit
1131 1306 1411 1359 confirmavit,
1460 1307 1576 1359 quod
1620 1311 1792 1360 tempus

192 1391 332 1430 neque
365 1378 420 1419 ad
453 1378 676 1431 superiora
708 1378 963 1431 imperfecta
994 1391 1138 1431 neque
1183 1379 1239 1419 ad
1277 1381 1416 1420 totam
1456 1378 1790 1431 descriptionem

192 1449 398 1501 temporis
431 1448 556 1498 illius,
598 1462 732 1501 quum
766 1448 912 1490 Cicero
951 1449 1076 1490 malis
1109 1449 1284 1490 familiae
1318 1449 1512 1491 Curionis
1545 1450 1788 1499 intervenit,

192 1520 568 1561 accommodatum
602 1522 679 1560 est.

308 1591 417 1632 Novi
450 1590 624 1643 aliquid,
666 1591 719 1632 de
759 1604 844 1644 quo
885 1590 1115 1632 dicendum
1155 1591 1222 1641 sit,
1271 1591 1313 1631 in
1356 1593 1584 1644 perpaucis
1628 1592 1730 1633 locis
1764 1606 1788 1634 a

190 1674 258 1702 me
291 1675 403 1702 nunc
438 1665 652 1703 tentatum
686 1664 764 1703 est.

308 1732 380 1774 Or.
414 1733 430 1773 I
463 1731 484 1784 ξ
519 1733 587 1783 31,
621 1733 694 1774 ubi
729 1733 877 1775 Cicero
910 1734 963 1775 de
985 1734 1162 1775 Antonii
1195 1734 1388 1775 oratione
1420 1734 1463 1774 in
1486 1734 1579 1774 aede
1603 1734 1787 1775 Telluris

189 1803 305 1856 apud
338 1806 537 1845 senatum
569 1804 720 1845 hahita
753 1805 867 1854 dicit,
912 1807 1042 1846 antea
1075 1805 1305 1846 edebatur:
1355 1804 1502 1845 oblitus
1535 1807 1726 1859 auspicia
1760 1820 1786 1846 a

188 1879 223 1915 te
255 1875 344 1928 ipso
378 1889 537 1929 auqure
560 1876 711 1929 populi
743 1876 926 1916 Romani
958 1877 1167 1926 nuntiata,
1201 1876 1447 1917 accusativo
1479 1889 1566 1917 non
1591 1889 1642 1916 ex
1666 1889 1786 1917 more

188 1946 403 1986 Ciceronis
436 1946 590 1998 posito,
624 1947 667 1986 in
699 1947 780 1987 hoc
813 1947 988 1999 quidem
1021 1947 1262 2000 significatu
1295 1946 1359 2000 (ut
1392 1946 1539 1987 oblitus
1567 1947 1621 1987 sit
1644 1948 1785 1987 imme-

186 2030 288 2066 mor,
322 2016 430 2057 nihil
462 2016 511 2057 de
544 2018 744 2070 auspiciis
776 2017 993 2071 coyitaas).
1056 2018 1104 2059 In
1145 2018 1364 2060 codicibus
1398 2017 1646 2070 Vulgaribus
1678 2018 1782 2058 scri—

186 2087 301 2128 bitur
334 2089 527 2141 auspioia
558 2093 594 2128 tc
627 2089 714 2142 ipso
748 2103 907 2143 auyure
931 2091 1258 2142 pronuntiant&
1306 2091 1349 2130 in
1387 2090 1596 2130 Vaticano
1637 2092 1781 2130 autem

187 2159 470 2211 (auspiciorum
503 2174 529 2200 a
561 2165 597 2200 te
628 2161 717 2213 ipso
741 2161 1015 2214 pronuntiate
1048 2160 1258 2214 (secunda
1289 2174 1444 2202 manus
1469 2161 1567 2201 fecit
1593 2174 1781 2213 proutcu—

184 2228 343 2281 tiante),
379 2243 429 2270 ex
463 2243 547 2282 quo
580 2231 771 2272 Faernus
805 2232 945 2272 effecit
978 2233 1261 2285 auspiciorum
1295 2246 1319 2272 a
1352 2237 1389 2272 te
1419 2233 1507 2286 ⁴ipso
1540 2245 1636 2286 auy.
1655 2245 1703 2285 p.
1728 2233 1780 2272 a.

183 2301 485 2350 nuntiatorum,
534 2315 663 2354 quem
705 2303 904 2344 Halmius
946 2305 1118 2343 secutus
1161 2306 1239 2344 est.
1314 2303 1415 2356 Ego,
1465 2316 1597 2356 quum
1640 2315 1780 2355 neque

184 2372 373 2424 auspicia
407 2372 449 2412 in
483 2372 768 2414 deterioribus
802 2373 1021 2414 codicibus
1061 2386 1113 2414 ex
1146 2375 1430 2427 auspiciorum
1469 2376 1612 2415 ortum
1650 2376 1779 2427 puta-

182 2454 273 2482 rem
306 2454 385 2482 nec
414 2445 684 2495 pronuntiate
714 2444 758 2485 in
790 2444 883 2496 ipso
915 2445 1010 2485 Vat.
1045 2458 1097 2485 ex
1122 2458 1168 2498 p.
1193 2445 1270 2485 Ro.
1304 2446 1604 2494 nuntiatorum,
1638 2445 1779 2498 suspi-

184 2514 305 2553 catus
338 2525 448 2562 sum,
483 2513 732 2555 Ciceronem
765 2515 987 2568 scripsisse
1021 2517 1183 2570 auspici
1225 2516 1324 2569 (hoc
1357 2518 1422 2557 est
1454 2515 1650 2569 auspicii)
1685 2530 1709 2556 a
1743 2521 1779 2557 te

183 2584 271 2636 ipso
311 2597 471 2637 auqure
494 2598 540 2637 p.
575 2585 651 2625 Ro.
692 2587 888 2636 nuntiati,
938 2587 980 2627 in
1021 2587 1229 2628 Vaticano
1270 2590 1415 2628 autem
1456 2600 1508 2628 ex
1551 2588 1713 2641 auspici
1751 2601 1778 2628 a

184 2652 410 2707 (auspicia)
453 2654 615 2695 factum
655 2657 833 2709 antiqua
871 2658 1204 2711 interpolatione
1245 2659 1528 2711 auspicio-rum
1569 2672 1608 2708 a,
1652 2671 1703 2700 ex
1728 2672 1775 2712 p.

184 2724 259 2765 Ro.
300 2726 508 2773 nuntiata,
557 2738 643 2766 una
691 2726 832 2769 littera
879 2731 1061 2779 mutata,
1106 2730 1389 2782 pronuntiate.
1466 2730 1616 2782 Neque
1656 2730 1775 2782 quic-

182 2808 312 2847 quam
363 2795 537 2836 obstare
582 2796 770 2847 videtur,
816 2800 1045 2851 quominus
1090 2800 1294 2853 singulari
1336 2813 1516 2841 numero
1560 2799 1774 2853 (auspicii)

182 2866 431 2907 Ciceronem
464 2866 526 2908 uti
557 2867 749 2919 potuisse
781 2873 983 2922 putemus
1016 2871 1060 2911 in
1093 2871 1421 2913 obnuntiatione
1443 2872 1620 2913 Antonii
1643 2872 1773 2924 signi-

181 2936 365 2978 ficanda.
