1915 3235
989 137 1075 178 710

229 269 482 316 Ἐγκαρτερεῖν
508 269 670 304 θάνατον
701 267 807 308 nihil
846 267 963 309 aliud
1003 280 1097 309 esse
1135 253 1228 309 nisi*
1256 268 1365 308 mori
1396 268 1612 320 sustinere,
1661 272 1831 309 mortem

229 352 312 380 non
341 338 502 393 fuyem,
537 340 580 379 et
611 351 664 380 ex
696 338 790 391 ipsa
822 337 943 379 verbi
974 339 1149 379 notione
1181 338 1458 391 perspicuum
1492 340 1556 380 est
1588 340 1642 389 et,
1677 338 1711 379 si
1738 340 1832 392 quis

229 409 414 459 dubitat,
464 422 517 450 ex
555 409 864 450 Andromacha
904 422 943 449 v.
977 408 1063 450 262
1104 408 1366 462 intelligitur.
1430 409 1579 462 Itaque
1620 409 1831 452 Hercules

229 493 276 522 se
307 482 493 522 mortem
526 480 821 533 oppetiturum
854 479 970 521 dicit.
1023 479 1156 532 Atqui
1187 480 1269 521 hoc
1300 479 1499 521 Herculis
1532 480 1757 522 sententiae
1791 482 1833 522 et

229 551 435 593 orationis
468 550 594 592 seriei
627 564 805 604 prorsus
839 551 1104 593 contrarium
1146 553 1223 592 est.
1286 550 1410 592 Initio
1451 550 1566 591 enim
1607 549 1664 604 (V.
1701 550 1831 604 1272)

229 622 377 664 dolore
409 621 546 663 victus
579 621 690 663 mori
722 622 996 671 decreverat3
1044 634 1159 662 nunc
1200 623 1386 671 veretur,
1434 634 1489 662 ne
1528 621 1611 663 hoc
1649 621 1831 675 ignaviae

228 692 296 743 sit,
331 693 500 734 dolores
532 695 671 734 morte
704 692 1024 747 subterfugere3
1058 692 1204 746 itaque
1227 693 1442 733 victurum
1464 704 1510 732 se
1533 692 1636 733 dicit
1668 694 1831 734 etcum

230 764 401 805 Theseo
434 763 675 813 abiturum3
708 763 855 816 itaque
888 764 1120 805 dicendum
1154 766 1265 805 erat:
1299 764 1541 812 ἐγκαρτερήσω
1565 770 1654 810 βίον-
1719 762 1832 814 Quid

229 835 358 888 igitur
389 834 492 876 fiet?
548 834 645 875 Una
689 834 838 876 addita
876 835 1020 876 littera
1052 835 1147 876 haec
1180 847 1277 876 cum
1309 833 1604 887 superioribus
1637 833 1696 875 sic
1730 847 1832 876 con-

228 906 471 959 iungentur,
506 909 553 946 ut
585 905 784 946 Herculis
819 906 1057 955 consilium,
1092 907 1283 958 coeptum
1316 905 1528 946 declarari
1561 905 1604 945 in
1635 905 1701 946 his
1735 918 1831 947 ver-

227 976 317 1018 bis:
365 978 570 1026 ἐσκεψάμην
597 980 639 1013 cf&
666 993 696 1013 κ.
723 993 748 1013 τ.
777 981 820 1026 L,
870 977 1026 1018 deinde
1066 989 1242 1029 prorsus
1282 975 1525 1017 declaretur
1563 976 1629 1017 his
1668 975 1830 1017 verbis:

228 1044 305 1092 εἶμι
333 1044 370 1079 δ’
395 1046 429 1083 ἐς
455 1043 561 1079 πόλιν
587 1057 616 1078 κ.
644 1058 669 1078 τ.
697 1046 725 1078 λ.

513 1137 595 1173 οὔδ’
620 1137 755 1183 (ἷνδρός
780 1137 828 1171 (ἲν
854 1137 1010 1173 δύναιθ’
1037 1137 1231 1181 ὑποστῆναι
1256 1139 1359 1182 βέλος

513 1196 853 1243 ἐγκαρτερήσων
879 1196 1048 1231 θάνατον.
1101 1196 1195 1243 Εἶμι
1223 1195 1298 1235 δ’ἒς
1323 1195 1429 1230 πόλιν

514 1256 577 1298 τήν
603 1257 670 1298 σήν
695 1269 726 1290 κ.
752 1269 780 1293 τ.
806 1257 834 1289 λ.

228 1354 337 1395 Illud
369 1366 504 1395 unum
537 1354 665 1405 addo,
708 1354 893 1395 eandem
925 1353 1158 1395 manifesto
1191 1353 1451 1394 sententiam
1485 1365 1581 1394 esse
1612 1352 1656 1394 in
1687 1352 1831 1394 verbis

227 1427 367 1473 ἀνδρὸς
394 1427 583 1470 ὑποστῆναι
614 1429 726 1472 βέλος,
776 1425 865 1466 Sive
914 1424 1176 1478 adiungatur
1222 1425 1327 1467 illud
1365 1426 1633 1474 ἐγκαρτερήσων
1670 1425 1833 1461 θάνατον

229 1496 318 1537 sive
351 1509 438 1538 non
470 1496 744 1549 adiungatur,
793 1509 847 1537 ne
890 1495 987 1548 quis
1032 1509 1083 1537 ex
1125 1508 1176 1537 ea
1216 1496 1392 1537 demum
1425 1495 1651 1548 scriptura,
1700 1507 1832 1548 quam

229 1567 410 1617 restitui,
443 1567 564 1609 nasci
596 1569 721 1620 putet
751 1567 1136 1620 reprehensionem
1160 1567 1381 1620 quandam
1410 1566 1650 1607 sententiae.
1706 1565 1833 1616 Quod

230 1638 344 1680 enim
378 1638 554 1679 Herculi
586 1637 818 1690 Euripideo
851 1638 905 1678 de
938 1639 1078 1679 morte
1112 1637 1419 1679 consciscenda
1450 1650 1537 1678 non
1563 1637 1832 1678 consciscen-

230 1708 340 1750 dave
372 1708 694 1762 philosophanti
727 1708 907 1762 ignavus
947 1711 989 1750 et
1027 1708 1205 1750 timidus
1242 1708 1426 1758 videtur,
1460 1708 1533 1761 qui
1566 1709 1702 1749 semet
1739 1707 1832 1760 ipse

229 1779 428 1821 dolorum
460 1779 563 1832 fuga
594 1779 826 1829 interimat,
867 1779 982 1820 idem
1023 1779 1079 1820 ab
1113 1779 1206 1820 aliis
1238 1779 1385 1820 multis
1419 1778 1581 1820 dictum
1615 1781 1700 1826 est;
1741 1778 1832 1819 eius

229 1851 404 1903 quidem
437 1850 633 1904 ignaviae,
668 1863 764 1903 quae
787 1849 937 1892 mortis
960 1852 1080 1891 metu
1103 1851 1292 1892 cernitur
1314 1849 1414 1904 (οὐδ’
1439 1852 1572 1897 ἀνδρὸς
1597 1852 1645 1886 ἄν
1671 1865 1699 1885 κ.
1721 1865 1748 1886 τ.
1768 1846 1830 1902 L),

228 1921 474 1974 suspicione
508 1923 639 1962 caret.

668 2074 736 2116 ΙΙΙ.
800 2074 1090 2125 Quintilianus
1124 2074 1209 2124 VII,
1246 2074 1283 2124 1,
1317 2074 1388 2115 41.

350 2180 432 2221 Sed
470 2181 677 2236 plerique,
726 2181 965 2236 eloquentia>
1008 2180 1177 2233 famam
1217 2180 1470 2234 affectantes,
1520 2181 1697 2221 contenti
1737 2184 1833 2221 sunt

231 2251 329 2292 loeis
360 2252 553 2305 speciosis
583 2251 704 2292 modo
735 2252 798 2293 vel
828 2252 937 2293 nihil
969 2252 1027 2293 ad
1051 2251 1342 2305 probationem
1374 2251 1693 2305 conferentibus.
1740 2250 1834 2292 Alii

229 2321 338 2362 nihil
369 2323 517 2375 vitare,
551 2336 613 2375 ea,
647 2336 739 2377 quoe
770 2323 817 2363 in
847 2323 984 2364 oculos
1015 2323 1254 2375 incurrunt,
1289 2322 1557 2378 exquirendo,
1586 2326 1755 2376 patant.

350 2392 412 2433 De
443 2393 525 2434 hoc
557 2393 651 2434 loco
683 2395 731 2434 ut
768 2393 838 2434 hic
877 2406 1018 2446 agam⁷
1066 2393 1185 2434 nulla
1228 2393 1313 2435 alia
1355 2406 1534 2435 moveor
1575 2406 1707 2434 causa
1750 2392 1832 2434 nisi

231 2464 324 2516 ipso
358 2463 684 2514 emendationis,
726 2477 822 2517 quae
862 2465 900 2505 ei
940 2463 1191 2505 adhibenda
1231 2467 1308 2515 est,
1350 2477 1527 2517 genere;
1566 2463 1610 2505 id
1643 2464 1757 2504 enim
1790 2465 1832 2504 et

231 2534 479 2586 exemplum
512 2536 554 2575 et
586 2534 927 2576 admonitionem
959 2547 1046 2576 non
1078 2534 1273 2576 inutilem
1306 2535 1469 2576 habere
1509 2534 1692 2584 videtur,
1734 2546 1830 2586 quae

231 2605 287 2645 sit
318 2604 361 2645 in
393 2604 670 2645 coniecturali
703 2606 861 2647 criticae
903 2611 1028 2658 parte
1071 2618 1141 2646 ars
1188 2608 1230 2646 et
1271 2618 1358 2658 qua
1398 2606 1467 2646 via
1506 2605 1562 2646 ad
1602 2604 1733 2645 fidem
1765 2605 1830 2645 in-

232 2674 371 2716 ventis
403 2675 491 2715 suis
512 2662 831 2717 'stabiliendam
861 2676 1175 2729 progrediatur,
1211 2676 1326 2729 quod
1350 2675 1475 2717 multi
1499 2678 1542 2716 et
1567 2675 1638 2728 qui
1663 2674 1830 2716 coniec-

232 2747 353 2787 turas
386 2747 608 2786 sectantur
647 2748 690 2786 et
722 2746 794 2798 qui
828 2760 901 2788 eas
935 2749 1194 2788 aversantur
1224 2759 1380 2799 parum
1412 2748 1574 2787 tenent.
1639 2746 1830 2786 Firmum

234 2816 347 2856 enim
382 2818 424 2856 et
455 2815 612 2857 stabile
644 2816 862 2867 iudicium,
912 2817 968 2858 ab
1008 2817 1126 2858 inani
1165 2817 1366 2870 opinione
1399 2819 1441 2858 et
1473 2817 1555 2858 levi
1587 2815 1830 2869 suspicione

232 2888 461 2936 remotum,
510 2887 553 2927 in
595 2887 657 2936 iis,
706 2900 803 2939 quae
846 2888 1104 2929 coniecturae
1147 2888 1367 2938 dicuntur,
1417 2887 1601 2928 efficitur
1642 2886 1830 2939 primum

233 2957 477 2999 necessaria
509 2957 654 2998 mendi
687 2957 1070 3008 demonstratione,
1120 2958 1276 2999 deinde
1315 2957 1527 2999 eiusmodi
1566 2957 1696 2998 totius
1734 2956 1829 3007 loci,
