1915 3235
847 110 933 151 423

95 253 141 282 re
174 240 316 292 legum
348 239 497 280 vinclis
530 252 576 280 se
610 238 801 281 exsolvit.
816 236 849 292 1)
903 239 986 281 Pro
1017 240 1183 280 omnino
1214 241 1371 281 nescire
1403 253 1425 281 e
1457 240 1527 282 PE
1559 241 1685 282 resti-

94 310 305 352 tuendum
338 312 402 350 est
433 310 597 350 omnino
629 323 711 350 non
742 311 861 351 scire.
922 310 1105 362 Propter
1140 310 1274 352 verba
1306 310 1517 352 contrarie
1548 311 1684 352 relata

97 384 140 422 et
170 383 346 434 propter
378 380 595 422 adiectum
627 381 792 421 omnino
824 381 884 422 sic
916 380 1057 422 dicere
1090 380 1256 421 maluit.
1283 369 1393 422 ¹Sed
1423 394 1511 423 non
1541 382 1683 422 minus

94 451 282 505 graviter
314 454 356 492 et
388 456 535 492 tamen
565 452 707 492 minus
741 453 890 504 aperte
923 451 1131 492 mendosa
1153 452 1219 491 est
1241 450 1556 504 extrema'pars
1580 453 1683 502 eius,

97 535 193 575 quae
225 522 430 574 sequitur,
478 521 722 563 sententiae:
773 521 937 562 Etenim
968 526 1124 573 utram,
1171 522 1243 576 qm·
1279 522 1325 562 in
1358 522 1575 576 Hispania
1607 522 1684 564 bel-

96 593 183 633 lum
215 593 466 633 acerrimum
498 597 535 633 et
565 592 795 632 maximum
825 596 1021 646 qesserat,
1054 605 1131 647 qao
1163 592 1255 632 iare
1288 591 1507 633 Gaditana
1540 594 1685 634 civitas

97 667 209 716 esset,
242 662 458 715 nesciebat,
492 676 561 715 an,
600 663 718 703 cuius
749 662 938 716 linquam
961 663 1111 716 populi
1141 676 1220 703 non
1254 668 1399 716 nosset,
1438 664 1686 717 interpreta-

96 734 246 774 tionem
275 733 449 786 faederis
479 746 563 774 non
593 732 781 774 tenebat?
820 733 954 774 Multa
985 733 1054 774 1110
1086 733 1310 774 offensioni
1342 736 1464 783 sunt;
1497 735 1686 786 primum

97 805 205 846 dura
237 805 364 846 nimis
396 807 439 846 et
470 805 595 845 hians
628 803 825 844 iunctura
859 802 1083 845 sententiae
1115 804 1306 846 relativae
1339 806 1382 846 et
1413 804 1685 846 demonstra-

96 875 196 916 tivae
240 874 374 928 (caius
404 875 567 930 populi,
608 898 664 902 ——
702 874 1083 927 inteypretationem
1120 873 1333 927 foederis);
1382 875 1535 916 deinde
1584 888 1685 917 con-

96 946 308 987 iunctivus
356 946 510 988 modus
564 946 685 986 verbi
738 949 890 994 nossem
944 946 1037 986 tum
1093 944 1186 998 ipsa
1240 945 1396 998 linguae
1450 945 1685 999 peregrinae

96 1017 278 1066 mentio3
327 1016 467 1058 foedus
507 1015 621 1057 enim
661 1016 867 1068 scriptum
906 1015 1050 1065 fuisse,
1099 1003 1147 1057 ut
1186 1016 1350 1069 reliqua
1388 1016 1684 1057 Romanorum
1738 1058 1742 1064 ,

97 1100 194 1127 011111
228 1087 500 1128 inferioribus
532 1087 716 1140 populis,
765 1087 928 1137 Latine,
977 1086 1012 1127 si
1053 1099 1139 1128 non
1178 1099 1255 1139 per
1287 1099 1333 1127 se
1364 1087 1684 1140 intelligeretur,

98 1160 328 1210 appareret
360 1171 382 1198 e
415 1171 508 1210 cap.
545 1158 619 1206 16;
667 1157 964 1210 interpretatio
1004 1159 1149 1198 autem
1189 1157 1231 1197 in
1263 1157 1345 1198 hac
1377 1157 1589 1210 scriptura
1621 1159 1685 1198 in-

94 1228 328 1281 telligenda
360 1228 439 1269 erit
470 1228 643 1269 foederis
676 1228 719 1269 in
751 1240 995 1269 sermonem
1018 1228 1219 1268 Latinum
1241 1228 1479 1269 translatio.
1528 1229 1685 1269 Verum

97 1298 222 1340 aliter
253 1301 301 1340 ut
332 1299 580 1352 accipiatur,
614 1299 847 1352 postulant,
892 1312 988 1351 quae
1021 1301 1279 1350 sequuntur:
1329 1298 1384 1339 Id
1415 1300 1546 1353 r'qesstar
1578 1300 1686 1353 qais-

97 1383 222 1424 quam
251 1369 323 1410 Cn.
351 1370 588 1424 Pompeium
623 1370 838 1424 &morasse
865 1369 1001 1410 dicere
1034 1368 1214 1421 audebit,
1248 1369 1356 1424 qaod
1389 1393 1441 1397 —
1476 1369 1687 1410 librarioli

95 1441 203 1481 scio-e
226 1440 539 1494 profiteantur?
582 1441 731 1493 Neque
764 1440 821 1481 illi
853 1440 1012 1481 Punice
1046 1439 1252 1489 sciebant,
1296 1453 1436 1492 neque
1470 1440 1525 1481 ad
1557 1441 1686 1483 Pom-

97 1511 181 1564 peii
213 1511 499 1563 ignorantiam
532 1513 607 1552 aut
639 1511 863 1552 scientiam
895 1502 1141 1564 pertinebat
1178 1523 1282 1551 usus
1320 1510 1685 1564 interpretationis

97 1583 153 1623 ab
186 1582 269 1623 alio
301 1582 440 1632 factae,
475 1595 608 1635 quum
640 1582 829 1635 linguam
861 1584 1009 1623 tamen
1040 1580 1178 1633 ipsam
1211 1594 1298 1622 non
1329 1584 1488 1622 nosset.
1542 1582 1589 1622 In
1621 1582 1686 1623 his

98 1652 423 1694 difficultatibus
462 1652 566 1694 1111111
604 1666 682 1694 1105
730 1653 850 1694 iuvat
891 1652 1025 1693 codex
1063 1652 1315 1693 Parisiensis
1362 1665 1440 1693 nec
1488 1652 1685 1705 vulgares
1725 1664 1740 1687 2

97 1723 272 1764 alterius
305 1723 499 1773 familiae3
548 1723 624 1764 sed
666 1724 930 1776 insperatam
973 1723 1098 1763 affert
1140 1723 1279 1763 lucem
1321 1723 1582 1764 Erfurtensis
1616 1722 1686 1776 (de

100 1793 191 1834 cod.
225 1793 267 1834 S.
301 1794 422 1844 vict„
455 1794 545 1836 Pal.
579 1794 618 1843 9,
653 1793 819 1835 Gembl.
852 1791 1056 1845 tacetur);
1106 1794 1149 1834 in
1182 1806 1244 1834 eo·
1265 1795 1377 1835 enim
1411 1794 1582 1846 legitur:
1632 1808 1684 1834 an

98 1865 166 1905 cai
199 1865 312 1906 illius
342 1865 491 1919 populi
522 1869 666 1914 nosset,
714 1877 767 1905 ex
809 1877 892 1917 quo
933 1864 1079 1913 oritur,
1129 1864 1331 1905 facillima
1370 1864 1684 1914 emendatione,

98 1936 327 1988 perspicua
368 1936 461 1976 haec
503 1938 545 1976 et
575 1937 693 1976 recta
721 1934 959 1976 sententia:
1009 1948 1084 1984 an,
1133 1949 1221 1975 eam
1268 1936 1332 1976 ias
1366 1935 1515 1989 populi
1555 1940 1686 1975 nosset

100 2005 245 2057 (sciret
277 2019 370 2047 esse
410 2004 702 2058 foederatum),
753 2005 1129 2059 interpretationem
1169 2005 1344 2058 faederis
1381 2020 1462 2046 ozon
1501 2005 1690 2046 tenebat?

100 2075 169 2116 Sic
202 2076 377 2117 demum
418 2077 547 2118 etiam
588 2078 704 2117 recte
743 2077 837 2116 haec
878 2075 1155 2128 interrogatio
1195 2076 1403 2129 superiori
1440 2076 1685 2129 respondet,

98 2148 145 2186 ut
178 2146 381 2188 dilemma
414 2149 488 2197 sit;
523 2148 728 2200 quaeritur
761 2147 887 2196 enim,
921 2148 1080 2196 utrum,
1115 2160 1199 2199 quo
1232 2148 1322 2188 iure
1347 2147 1559 2188 Gaditana
1585 2148 1686 2188 civi-

100 2219 166 2258 tas
199 2222 324 2268 esset,
364 2219 603 2268 nesciverit,
649 2231 717 2267 an,
767 2230 899 2269 quum
931 2218 1013 2258 hoc
1046 2217 1186 2267 sciret,
1234 2217 1508 2271 interpretari
1539 2220 1687 2259 tamen

98 2287 240 2329 foedus
272 2301 359 2330 non
390 2290 589 2342 potuerit.
638 2287 938 2341 Interpretatio
971 2290 1037 2329 est
1069 2290 1213 2329 autem
1247 2289 1349 2330 iuris
1382 2292 1424 2330 et
1454 2290 1686 2330 verborum

100 2358 350 2399 Latinorum
382 2360 635 2412 priscorum.
649 2356 683 2411 2)

137 2508 164 2553 ¹)
191 2509 327 2553 [Manet
352 2514 475 2545 tamen
501 2511 691 2555 scrupulus
717 2510 754 2544 in
781 2522 839 2551 an,
873 2511 968 2554 quod
995 2511 1177 2554 quomodo
1209 2522 1273 2555 pro
1299 2523 1407 2556 qaam
1433 2511 1601 2545 substitui
1626 2521 1686 2554 po-

194 2569 318 2611 tuerit,
365 2570 509 2604 difficile
552 2573 606 2604 est
650 2569 845 2604 intellectu.
908 2568 1177 2604 Consideranda
1220 2570 1328 2614 igitur
1371 2570 1484 2604 altera
1521 2569 1685 2603 Lambini

195 2629 418 2663 coniectura:
450 2630 563 2671 Quasi
586 2640 666 2663 vero
693 2627 755 2671 [sit
780 2629 937 2671 dubium,
963 2626 1102 2671 utrum]
1128 2630 1238 2663 levius
1259 2631 1305 2663 sit
1332 2647 1375 2652 -
1399 2630 1516 2671 facere
1538 2629 1685 2672 aliquid,

195 2689 288 2731 quod
313 2689 408 2721 scias
432 2699 504 2722 non
529 2689 642 2731 licere,
669 2699 718 2721 an
743 2685 826 2730 cet.]

137 2743 167 2787 ²)
193 2744 310 2788 [Nunc
335 2746 479 2788 scimus,
505 2746 543 2780 in
569 2746 738 2780 omnibus
770 2745 927 2790 antiquis
953 2746 1135 2780 codicibus
1161 2746 1268 2780 scribi
1293 2748 1356 2780 aut
1381 2748 1483 2780 caius
1509 2746 1605 2778 illius
1631 2743 1686 2787 (P)

195 2807 257 2838 aut
283 2807 341 2838 cui
370 2805 468 2839 illias
501 2804 587 2848 (GE)
614 2806 744 2849 populi
772 2810 890 2839 nosset
921 2804 998 2839 sine
1029 2805 1103 2839 ullo
1136 2804 1285 2849 vestigio
1317 2805 1484 2839 vocabuli
1514 2805 1686 2847 linquam.

195 2863 321 2907 Itaque
346 2862 397 2904 fit,
424 2864 519 2908 quod
546 2863 712 2898 Halmius
740 2863 866 2897 edidit:
901 2875 959 2906 an,
992 2875 1072 2898 cum
1097 2865 1154 2898 ias
1180 2865 1278 2897 illias
1297 2865 1426 2908 populi
1450 2867 1576 2902 nosset,
1603 2859 1686 2903 cet]
