<?xml version="1.0" encoding="UTF-8"?>
<!DOCTYPE html PUBLIC "-//W3C//DTD XHTML 1.0 Transitional//EN"
    "http://www.w3.org/TR/xhtml1/DTD/xhtml1-transitional.dtd">
<html xmlns="http://www.w3.org/1999/xhtml" xml:lang="en" lang="en">
 <head>
  <title>
</title>
<meta http-equiv="Content-Type" content="text/html;charset=utf-8" />
  <meta name='ocr-system' content='tesseract 3.04.00' />
  <meta name='ocr-capabilities' content='ocr_page ocr_carea ocr_par ocr_line ocrx_word'/>
</head>
<body>
  <div class='ocr_page' id='page_1' title='image "./ionicolaimadvigi00madvuoft_0573.png"; bbox 0 0 1915 3235; ppageno 0'>
   <div class='ocr_carea' id='block_1_1' title="bbox 829 114 913 156">
    <p class='ocr_par' dir='ltr' id='par_1_1' title="bbox 829 114 913 156">
     <span class='ocr_line' id='line_1_1' title="bbox 829 114 913 156; baseline 0 0"><span class='ocrx_word' id='word_1_1' title='bbox 829 114 913 156; x_wconf 85' lang='lat'>549</span> 
     </span>
    </p>
   </div>
   <div class='ocr_carea' id='block_1_2' title="bbox 76 243 1673 2838">
    <p class='ocr_par' dir='ltr' id='par_1_2' title="bbox 76 243 1673 2556">
     <span class='ocr_line' id='line_1_2' title="bbox 77 243 1666 298; baseline -0.001 -12"><span class='ocrx_word' id='word_1_2' title='bbox 77 245 255 298; x_wconf 88' lang='lat' dir='ltr'>quisque</span> <span class='ocrx_word' id='word_1_3' title='bbox 287 245 495 297; x_wconf 82' lang='lat' dir='ltr'>principe,</span> <span class='ocrx_word' id='word_1_4' title='bbox 538 247 748 297; x_wconf 79' lang='lat' dir='ltr'>tanquam</span> <span class='ocrx_word' id='word_1_5' title='bbox 782 246 897 285; x_wconf 88' lang='lat' dir='ltr'>astro</span> <span class='ocrx_word' id='word_1_6' title='bbox 931 244 1086 297; x_wconf 90' lang='lat' dir='ltr'>aliquo,</span> <span class='ocrx_word' id='word_1_7' title='bbox 1134 246 1263 285; x_wconf 87' lang='lat' dir='ltr'>natus</span> <span class='ocrx_word' id='word_1_8' title='bbox 1295 243 1362 294; x_wconf 89' lang='lat' dir='ltr'>sit,</span> <span class='ocrx_word' id='word_1_9' title='bbox 1409 243 1542 284; x_wconf 90' lang='lat' dir='ltr'>talem</span> <span class='ocrx_word' id='word_1_10' title='bbox 1574 243 1666 284; x_wconf 86' lang='lat' dir='ltr'>fieri</span> 
     </span>
     <span class='ocr_line' id='line_1_3' title="bbox 76 313 1664 368; baseline -0.001 -12"><span class='ocrx_word' id='word_1_11' title='bbox 76 328 126 356; x_wconf 89' lang='lat' dir='ltr'>ac</span> <span class='ocrx_word' id='word_1_12' title='bbox 163 316 352 368; x_wconf 91' lang='lat' dir='ltr'>peiorem</span> <span class='ocrx_word' id='word_1_13' title='bbox 395 315 538 364; x_wconf 88' lang='lat' dir='ltr'>etiam,</span> <span class='ocrx_word' id='word_1_14' title='bbox 589 315 802 355; x_wconf 84' lang='lat' dir='ltr'>audimus.</span> <span class='ocrx_word' id='word_1_15' title='bbox 864 314 1028 355; x_wconf 81' lang='lat' dir='ltr'>Deinde</span> <span class='ocrx_word' id='word_1_16' title='bbox 1077 316 1222 355; x_wconf 85' lang='lat' dir='ltr'>autem</span> <span class='ocrx_word' id='word_1_17' title='bbox 1272 314 1381 355; x_wconf 91' lang='lat' dir='ltr'>scire</span> <span class='ocrx_word' id='word_1_18' title='bbox 1428 313 1664 366; x_wconf 89' lang='lat' dir='ltr'>cupiemus,</span> 
     </span>
     <span class='ocr_line' id='line_1_4' title="bbox 76 384 1669 439; baseline -0.001 -13"><span class='ocrx_word' id='word_1_19' title='bbox 76 385 148 438; x_wconf 89' lang='lat' dir='ltr'>qui</span> <span class='ocrx_word' id='word_1_20' title='bbox 179 385 272 426; x_wconf 88' lang='lat' dir='ltr'>haec</span> <span class='ocrx_word' id='word_1_21' title='bbox 305 398 328 426; x_wconf 90' lang='lat' dir='ltr'>e</span> <span class='ocrx_word' id='word_1_22' title='bbox 360 386 502 426; x_wconf 83' lang='lat' dir='ltr'>verbis</span> <span class='ocrx_word' id='word_1_23' title='bbox 536 386 778 427; x_wconf 87' lang='lat' dir='ltr'>efficiantur</span> <span class='ocrx_word' id='word_1_24' title='bbox 810 387 852 426; x_wconf 90' lang='lat' dir='ltr'>et</span> <span class='ocrx_word' id='word_1_25' title='bbox 884 384 986 437; x_wconf 91' lang='lat' dir='ltr'>quid</span> <span class='ocrx_word' id='word_1_26' title='bbox 1026 384 1081 426; x_wconf 89' lang='lat' dir='ltr'>sit</span> <span class='ocrx_word' id='word_1_27' title='bbox 1111 384 1212 426; x_wconf 88' lang='lat' dir='ltr'>hoc:</span> <span class='ocrx_word' id='word_1_28' title='bbox 1260 384 1410 425; x_wconf 70' lang='lat' dir='ltr'>nobilis</span> <span class='ocrx_word' id='word_1_29' title='bbox 1450 384 1551 439; x_wconf 73' lang='lat' dir='ltr'>quid</span> <span class='ocrx_word' id='word_1_30' title='bbox 1590 385 1669 425; x_wconf 78' lang='lat' dir='ltr'>erit</span> 
     </span>
     <span class='ocr_line' id='line_1_5' title="bbox 77 454 1666 508; baseline -0.001 -12"><span class='ocrx_word' id='word_1_31' title='bbox 77 457 160 497; x_wconf 75' lang='lat' dir='ltr'>nisi</span> <span class='ocrx_word' id='word_1_32' title='bbox 198 455 353 496; x_wconf 73' lang='lat' dir='ltr'>ludus?</span> <span class='ocrx_word' id='word_1_33' title='bbox 396 456 604 497; x_wconf 74' lang='lat' dir='ltr'>Videlicet</span> <span class='ocrx_word' id='word_1_34' title='bbox 642 456 789 506; x_wconf 71' lang='lat' dir='ltr'>„ludus</span> <span class='ocrx_word' id='word_1_35' title='bbox 820 455 887 496; x_wconf 89' lang='lat' dir='ltr'>hic</span> <span class='ocrx_word' id='word_1_36' title='bbox 921 455 1075 496; x_wconf 87' lang='lat' dir='ltr'>dicitur</span> <span class='ocrx_word' id='word_1_37' title='bbox 1106 468 1184 508; x_wconf 91' lang='lat' dir='ltr'>pro</span> <span class='ocrx_word' id='word_1_38' title='bbox 1218 454 1332 495; x_wconf 75' lang='lat' dir='ltr'>ludio</span> <span class='ocrx_word' id='word_1_39' title='bbox 1365 455 1454 496; x_wconf 79' lang='lat' dir='ltr'>sive</span> <span class='ocrx_word' id='word_1_40' title='bbox 1487 454 1666 505; x_wconf 74' lang='lat' dir='ltr'>ludione,</span> 
     </span>
     <span class='ocr_line' id='line_1_6' title="bbox 77 525 1667 582; baseline -0.001 -15"><span class='ocrx_word' id='word_1_41' title='bbox 77 539 161 579; x_wconf 93' lang='lat' dir='ltr'>quo</span> <span class='ocrx_word' id='word_1_42' title='bbox 193 527 365 567; x_wconf 90' lang='lat' dir='ltr'>nomine</span> <span class='ocrx_word' id='word_1_43' title='bbox 398 539 514 579; x_wconf 83' lang='lat' dir='ltr'>saepe</span> <span class='ocrx_word' id='word_1_44' title='bbox 546 528 663 568; x_wconf 74' lang='lat' dir='ltr'>venit</span> <span class='ocrx_word' id='word_1_45' title='bbox 695 527 920 580; x_wconf 80' lang='lat' dir='ltr'>gladiator.</span> <span class='ocrx_word' id='word_1_46' title='bbox 982 526 1041 567; x_wconf 90' lang='lat' dir='ltr'>Ut</span> <span class='ocrx_word' id='word_1_47' title='bbox 1079 526 1147 566; x_wconf 91' lang='lat' dir='ltr'>hic</span> <span class='ocrx_word' id='word_1_48' title='bbox 1181 525 1305 566; x_wconf 72' lang='lat' dir='ltr'>ludus</span> <span class='ocrx_word' id='word_1_49' title='bbox 1335 539 1413 578; x_wconf 90' lang='lat' dir='ltr'>pro</span> <span class='ocrx_word' id='word_1_50' title='bbox 1446 525 1574 575; x_wconf 75' lang='lat' dir='ltr'>ludio,</span> <span class='ocrx_word' id='word_1_51' title='bbox 1607 525 1667 582; x_wconf 85' lang='lat' dir='ltr'>ita</span> 
     </span>
     <span class='ocr_line' id='line_1_7' title="bbox 76 595 1668 651; baseline -0.001 -14"><span class='ocrx_word' id='word_1_52' title='bbox 76 610 207 650; x_wconf 72' lang='lat' dir='ltr'>reyna</span> <span class='ocrx_word' id='word_1_53' title='bbox 237 609 316 649; x_wconf 89' lang='lat' dir='ltr'>pro</span> <span class='ocrx_word' id='word_1_54' title='bbox 348 597 513 651; x_wconf 69' lang='lat' dir='ltr'>reyibus</span> <span class='ocrx_word' id='word_1_55' title='bbox 536 596 603 649; x_wconf 75' lang='lat'>(?),</span> <span class='ocrx_word' id='word_1_56' title='bbox 637 598 697 638; x_wconf 90' lang='lat' dir='ltr'>ita</span> <span class='ocrx_word' id='word_1_57' title='bbox 730 611 845 637; x_wconf 72' lang='lat' dir='ltr'>coena</span> <span class='ocrx_word' id='word_1_58' title='bbox 877 610 955 649; x_wconf 92' lang='lat' dir='ltr'>pro</span> <span class='ocrx_word' id='word_1_59' title='bbox 987 595 1242 637; x_wconf 71' lang='lat' dir='ltr'>coenantibus</span> <span class='ocrx_word' id='word_1_60' title='bbox 1273 597 1312 645; x_wconf 79' lang='lat'>2,</span> <span class='ocrx_word' id='word_1_61' title='bbox 1350 596 1446 646; x_wconf 78' lang='lat'>120,</span> <span class='ocrx_word' id='word_1_62' title='bbox 1480 596 1668 636; x_wconf 74' lang='lat' dir='ltr'>convivia</span> 
     </span>
     <span class='ocr_line' id='line_1_8' title="bbox 76 666 1669 723; baseline -0.001 -16"><span class='ocrx_word' id='word_1_63' title='bbox 76 680 154 720; x_wconf 92' lang='lat' dir='ltr'>pro</span> <span class='ocrx_word' id='word_1_64' title='bbox 186 667 366 708; x_wconf 76' lang='lat' dir='ltr'>convivis</span> <span class='ocrx_word' id='word_1_65' title='bbox 397 667 436 716; x_wconf 83' lang='lat'>5,</span> <span class='ocrx_word' id='word_1_66' title='bbox 478 667 546 716; x_wconf 74' lang='lat'>82,</span> <span class='ocrx_word' id='word_1_67' title='bbox 588 670 631 708; x_wconf 90' lang='lat' dir='ltr'>et</span> <span class='ocrx_word' id='word_1_68' title='bbox 654 681 803 723; x_wconf 70' lang='lat' dir='ltr'>puyna</span> <span class='ocrx_word' id='word_1_69' title='bbox 842 681 919 720; x_wconf 91' lang='lat' dir='ltr'>pro</span> <span class='ocrx_word' id='word_1_70' title='bbox 944 667 1233 722; x_wconf 57' lang='lat' dir='ltr'>permeantibus</span> <span class='ocrx_word' id='word_1_71' title='bbox 1272 680 1403 719; x_wconf 88' lang='lat' dir='ltr'>supra</span> <span class='ocrx_word' id='word_1_72' title='bbox 1434 679 1474 707; x_wconf 81' lang='lat' dir='ltr'>V.</span> <span class='ocrx_word' id='word_1_73' title='bbox 1511 666 1593 707; x_wconf 78' lang='lat'>132</span> <span class='ocrx_word' id='word_1_74' title='bbox 1627 668 1669 707; x_wconf 87' lang='lat' dir='ltr'>et</span> 
     </span>
     <span class='ocr_line' id='line_1_9' title="bbox 78 736 1667 790; baseline 0 -13"><span class='ocrx_word' id='word_1_75' title='bbox 78 737 161 778; x_wconf 90' lang='lat' dir='ltr'>alia</span> <span class='ocrx_word' id='word_1_76' title='bbox 192 737 367 778; x_wconf 90' lang='lat' dir='ltr'>multa.“</span> <span class='ocrx_word' id='word_1_77' title='bbox 435 736 471 778; x_wconf 93' lang='lat' dir='ltr'>O</span> <span class='ocrx_word' id='word_1_78' title='bbox 503 751 707 790; x_wconf 88' lang='lat' dir='ltr'>magnam</span> <span class='ocrx_word' id='word_1_79' title='bbox 751 738 1066 780; x_wconf 87' lang='lat' dir='ltr'>confusionem!</span> <span class='ocrx_word' id='word_1_80' title='bbox 1115 737 1228 788; x_wconf 84' lang='lat' dir='ltr'>Quid</span> <span class='ocrx_word' id='word_1_81' title='bbox 1271 742 1334 778; x_wconf 82' lang='lat' dir='ltr'>est</span> <span class='ocrx_word' id='word_1_82' title='bbox 1380 737 1494 778; x_wconf 89' lang='lat' dir='ltr'>enim</span> <span class='ocrx_word' id='word_1_83' title='bbox 1538 736 1667 787; x_wconf 90' lang='lat' dir='ltr'>aliud,</span> 
     </span>
     <span class='ocr_line' id='line_1_10' title="bbox 77 807 1667 860; baseline 0 -12"><span class='ocrx_word' id='word_1_84' title='bbox 77 820 129 848; x_wconf 80' lang='lat' dir='ltr'>ex</span> <span class='ocrx_word' id='word_1_85' title='bbox 172 820 235 858; x_wconf 91' lang='lat' dir='ltr'>eo,</span> <span class='ocrx_word' id='word_1_86' title='bbox 284 807 399 860; x_wconf 89' lang='lat' dir='ltr'>quod</span> <span class='ocrx_word' id='word_1_87' title='bbox 441 809 672 849; x_wconf 59' lang='lat' dir='ltr'>convivimn</span> <span class='ocrx_word' id='word_1_88' title='bbox 714 809 766 849; x_wconf 92' lang='lat' dir='ltr'>de</span> <span class='ocrx_word' id='word_1_89' title='bbox 807 809 923 850; x_wconf 86' lang='lat' dir='ltr'>omni</span> <span class='ocrx_word' id='word_1_90' title='bbox 962 821 1142 849; x_wconf 90' lang='lat' dir='ltr'>numero</span> <span class='ocrx_word' id='word_1_91' title='bbox 1176 809 1454 849; x_wconf 81' lang='lat' dir='ltr'>convivarum</span> <span class='ocrx_word' id='word_1_92' title='bbox 1487 807 1667 857; x_wconf 87' lang='lat' dir='ltr'>dicatur,</span> 
     </span>
     <span class='ocr_line' id='line_1_11' title="bbox 78 878 1667 933; baseline 0 -15"><span class='ocrx_word' id='word_1_93' title='bbox 78 878 260 927; x_wconf 88' lang='lat' dir='ltr'>efficere,</span> <span class='ocrx_word' id='word_1_94' title='bbox 295 878 377 919; x_wconf 89' lang='lat' dir='ltr'>dici</span> <span class='ocrx_word' id='word_1_95' title='bbox 410 878 562 919; x_wconf 85' lang='lat' dir='ltr'>etiam:</span> <span class='ocrx_word' id='word_1_96' title='bbox 597 892 666 933; x_wconf 68' lang='lat' dir='ltr'>eqo</span> <span class='ocrx_word' id='word_1_97' title='bbox 695 878 749 932; x_wconf 80' lang='lat' dir='ltr'>fio</span> <span class='ocrx_word' id='word_1_98' title='bbox 772 880 1015 929; x_wconf 61' lang='lat' dir='ltr'>convivium,</span> <span class='ocrx_word' id='word_1_99' title='bbox 1048 881 1096 920; x_wconf 87' lang='lat' dir='ltr'>ut</span> <span class='ocrx_word' id='word_1_100' title='bbox 1119 880 1172 920; x_wconf 89' lang='lat' dir='ltr'>sit</span> <span class='ocrx_word' id='word_1_101' title='bbox 1198 879 1381 928; x_wconf 73' lang='lat' dir='ltr'>conviva,</span> <span class='ocrx_word' id='word_1_102' title='bbox 1416 880 1458 919; x_wconf 89' lang='lat' dir='ltr'>et</span> <span class='ocrx_word' id='word_1_103' title='bbox 1479 891 1667 932; x_wconf 57' lang='lat' dir='ltr'>requam«,</span> 
     </span>
     <span class='ocr_line' id='line_1_12' title="bbox 77 947 1669 1002; baseline -0.001 -13"><span class='ocrx_word' id='word_1_104' title='bbox 77 951 126 989; x_wconf 88' lang='lat' dir='ltr'>ut</span> <span class='ocrx_word' id='word_1_105' title='bbox 157 949 211 989; x_wconf 89' lang='lat' dir='ltr'>sit</span> <span class='ocrx_word' id='word_1_106' title='bbox 241 951 344 990; x_wconf 71' lang='lat' dir='ltr'>rex?</span> <span class='ocrx_word' id='word_1_107' title='bbox 383 949 542 990; x_wconf 86' lang='lat' dir='ltr'>Verum</span> <span class='ocrx_word' id='word_1_108' title='bbox 576 962 650 990; x_wconf 91' lang='lat' dir='ltr'>cur</span> <span class='ocrx_word' id='word_1_109' title='bbox 682 950 773 991; x_wconf 83' lang='lat' dir='ltr'>haec</span> <span class='ocrx_word' id='word_1_110' title='bbox 807 963 885 1002; x_wconf 92' lang='lat' dir='ltr'>ego</span> <span class='ocrx_word' id='word_1_111' title='bbox 917 952 1007 990; x_wconf 88' lang='lat' dir='ltr'>tam</span> <span class='ocrx_word' id='word_1_112' title='bbox 1040 950 1185 990; x_wconf 89' lang='lat' dir='ltr'>multis</span> <span class='ocrx_word' id='word_1_113' title='bbox 1219 951 1539 991; x_wconf 77' lang='lat' dir='ltr'>commemoro?</span> <span class='ocrx_word' id='word_1_114' title='bbox 1578 947 1669 989; x_wconf 89' lang='lat' dir='ltr'>Nisi</span> 
     </span>
     <span class='ocr_line' id='line_1_13' title="bbox 78 1019 1668 1073; baseline 0 -13"><span class='ocrx_word' id='word_1_115' title='bbox 78 1019 194 1072; x_wconf 86' lang='lat' dir='ltr'>quod</span> <span class='ocrx_word' id='word_1_116' title='bbox 226 1032 338 1072; x_wconf 82' lang='lat' dir='ltr'>aegre</span> <span class='ocrx_word' id='word_1_117' title='bbox 371 1019 462 1061; x_wconf 90' lang='lat' dir='ltr'>fero</span> <span class='ocrx_word' id='word_1_118' title='bbox 495 1033 567 1061; x_wconf 87' lang='lat' dir='ltr'>eos</span> <span class='ocrx_word' id='word_1_119' title='bbox 600 1021 729 1073; x_wconf 90' lang='lat' dir='ltr'>ipsos,</span> <span class='ocrx_word' id='word_1_120' title='bbox 764 1020 835 1073; x_wconf 87' lang='lat' dir='ltr'>qui</span> <span class='ocrx_word' id='word_1_121' title='bbox 868 1020 1195 1073; x_wconf 83' lang='lat' dir='ltr'>grammaticam</span> <span class='ocrx_word' id='word_1_122' title='bbox 1229 1020 1512 1061; x_wconf 85' lang='lat' dir='ltr'>subtilitatem</span> <span class='ocrx_word' id='word_1_123' title='bbox 1544 1019 1668 1060; x_wconf 84' lang='lat' dir='ltr'>Iuve-</span> 
     </span>
     <span class='ocr_line' id='line_1_14' title="bbox 77 1090 1669 1143; baseline 0.001 -13"><span class='ocrx_word' id='word_1_124' title='bbox 77 1090 163 1130; x_wconf 88' lang='lat' dir='ltr'>nali</span> <span class='ocrx_word' id='word_1_125' title='bbox 195 1090 520 1143; x_wconf 89' lang='lat' dir='ltr'>interpretando</span> <span class='ocrx_word' id='word_1_126' title='bbox 553 1091 760 1132; x_wconf 88' lang='lat' dir='ltr'>adhibere</span> <span class='ocrx_word' id='word_1_127' title='bbox 793 1093 834 1131; x_wconf 89' lang='lat' dir='ltr'>et</span> <span class='ocrx_word' id='word_1_128' title='bbox 876 1090 1144 1143; x_wconf 85' lang='lat' dir='ltr'>superiorum</span> <span class='ocrx_word' id='word_1_129' title='bbox 1185 1091 1395 1131; x_wconf 88' lang='lat' dir='ltr'>rationem</span> <span class='ocrx_word' id='word_1_130' title='bbox 1438 1090 1669 1131; x_wconf 90' lang='lat' dir='ltr'>emendare</span> 
     </span>
     <span class='ocr_line' id='line_1_15' title="bbox 79 1160 1670 1212; baseline 0.001 -12"><span class='ocrx_word' id='word_1_131' title='bbox 79 1163 301 1209; x_wconf 89' lang='lat' dir='ltr'>conantur,</span> <span class='ocrx_word' id='word_1_132' title='bbox 351 1161 407 1201; x_wconf 88' lang='lat' dir='ltr'>ad</span> <span class='ocrx_word' id='word_1_133' title='bbox 451 1161 634 1202; x_wconf 86' lang='lat' dir='ltr'>eandem</span> <span class='ocrx_word' id='word_1_134' title='bbox 677 1162 893 1202; x_wconf 86' lang='lat' dir='ltr'>licentiam</span> <span class='ocrx_word' id='word_1_135' title='bbox 937 1161 1097 1202; x_wconf 78' lang='lat' dir='ltr'>revolvi</span> <span class='ocrx_word' id='word_1_136' title='bbox 1140 1164 1201 1211; x_wconf 92' lang='lat' dir='ltr'>et,</span> <span class='ocrx_word' id='word_1_137' title='bbox 1252 1161 1437 1201; x_wconf 80' lang='lat' dir='ltr'>collectis</span> <span class='ocrx_word' id='word_1_138' title='bbox 1480 1160 1670 1212; x_wconf 83' lang='lat' dir='ltr'>undique</span> 
     </span>
     <span class='ocr_line' id='line_1_16' title="bbox 79 1230 1669 1284; baseline -0.001 -13"><span class='ocrx_word' id='word_1_139' title='bbox 79 1230 473 1281; x_wconf 77' lang='lat' dir='ltr'>observationibus,</span> <span class='ocrx_word' id='word_1_140' title='bbox 528 1232 665 1284; x_wconf 82' lang='lat' dir='ltr'>ipsam</span> <span class='ocrx_word' id='word_1_141' title='bbox 721 1234 920 1272; x_wconf 87' lang='lat' dir='ltr'>naturam</span> <span class='ocrx_word' id='word_1_142' title='bbox 971 1232 1182 1272; x_wconf 86' lang='lat' dir='ltr'>sermonis</span> <span class='ocrx_word' id='word_1_143' title='bbox 1229 1231 1458 1284; x_wconf 80' lang='lat' dir='ltr'>negligere.</span> <span class='ocrx_word' id='word_1_144' title='bbox 1535 1230 1669 1280; x_wconf 88' lang='lat' dir='ltr'>Idem,</span> 
     </span>
     <span class='ocr_line' id='line_1_17' title="bbox 80 1301 1670 1355; baseline 0 -14"><span class='ocrx_word' id='word_1_145' title='bbox 80 1313 208 1353; x_wconf 90' lang='lat' dir='ltr'>quem</span> <span class='ocrx_word' id='word_1_146' title='bbox 256 1301 324 1342; x_wconf 89' lang='lat' dir='ltr'>hic</span> <span class='ocrx_word' id='word_1_147' title='bbox 370 1303 517 1343; x_wconf 84' lang='lat' dir='ltr'>notavi</span> <span class='ocrx_word' id='word_1_148' title='bbox 554 1302 598 1343; x_wconf 92' lang='lat' dir='ltr'>in</span> <span class='ocrx_word' id='word_1_149' title='bbox 641 1304 814 1344; x_wconf 88' lang='lat' dir='ltr'>nomine</span> <span class='ocrx_word' id='word_1_150' title='bbox 853 1303 945 1343; x_wconf 61' lang='lat' dir='ltr'>luda·</span> <span class='ocrx_word' id='word_1_151' title='bbox 981 1302 1235 1355; x_wconf 87' lang='lat' dir='ltr'>gladiatorii,</span> <span class='ocrx_word' id='word_1_152' title='bbox 1271 1315 1388 1343; x_wconf 89' lang='lat' dir='ltr'>error</span> <span class='ocrx_word' id='word_1_153' title='bbox 1435 1301 1491 1341; x_wconf 91' lang='lat' dir='ltr'>ad</span> <span class='ocrx_word' id='word_1_154' title='bbox 1538 1301 1670 1342; x_wconf 88' lang='lat' dir='ltr'>alium</span> 
     </span>
     <span class='ocr_line' id='line_1_18' title="bbox 81 1372 1670 1424; baseline 0 -13"><span class='ocrx_word' id='word_1_155' title='bbox 81 1384 251 1424; x_wconf 88' lang='lat' dir='ltr'>quoque</span> <span class='ocrx_word' id='word_1_156' title='bbox 283 1372 498 1413; x_wconf 86' lang='lat' dir='ltr'>Iuvenalis</span> <span class='ocrx_word' id='word_1_157' title='bbox 536 1373 678 1414; x_wconf 90' lang='lat' dir='ltr'>locum</span> <span class='ocrx_word' id='word_1_158' title='bbox 717 1374 922 1423; x_wconf 79' lang='lat' dir='ltr'>manavit,</span> <span class='ocrx_word' id='word_1_159' title='bbox 971 1376 1051 1414; x_wconf 86' lang='lat' dir='ltr'>sat.</span> <span class='ocrx_word' id='word_1_160' title='bbox 1084 1373 1142 1413; x_wconf 87' lang='lat' dir='ltr'>XI</span> <span class='ocrx_word' id='word_1_161' title='bbox 1172 1386 1212 1412; x_wconf 64' lang='lat' dir='ltr'>r.</span> <span class='ocrx_word' id='word_1_162' title='bbox 1247 1373 1315 1422; x_wconf 76' lang='lat'>20,</span> <span class='ocrx_word' id='word_1_163' title='bbox 1363 1372 1437 1412; x_wconf 87' lang='lat' dir='ltr'>ubi</span> <span class='ocrx_word' id='word_1_164' title='bbox 1474 1372 1670 1412; x_wconf 88' lang='lat' dir='ltr'>homines</span> 
     </span>
     <span class='ocr_line' id='line_1_19' title="bbox 80 1442 1670 1497; baseline 0 -15"><span class='ocrx_word' id='word_1_165' title='bbox 80 1454 267 1494; x_wconf 84' lang='lat' dir='ltr'>nequam</span> <span class='ocrx_word' id='word_1_166' title='bbox 317 1444 360 1482; x_wconf 86' lang='lat' dir='ltr'>et</span> <span class='ocrx_word' id='word_1_167' title='bbox 406 1442 667 1486; x_wconf 79' lang='lat' dir='ltr'>luxuriosos.</span> <span class='ocrx_word' id='word_1_168' title='bbox 716 1446 947 1497; x_wconf 82' lang='lat' dir='ltr'>postquam</span> <span class='ocrx_word' id='word_1_169' title='bbox 995 1444 1109 1484; x_wconf 82' lang='lat' dir='ltr'>bona</span> <span class='ocrx_word' id='word_1_170' title='bbox 1160 1443 1446 1492; x_wconf 85' lang='lat' dir='ltr'>comederint,</span> <span class='ocrx_word' id='word_1_171' title='bbox 1496 1443 1551 1483; x_wconf 87' lang='lat' dir='ltr'>ab</span> <span class='ocrx_word' id='word_1_172' title='bbox 1599 1442 1670 1483; x_wconf 92' lang='lat' dir='ltr'>illa</span> 
     </span>
     <span class='ocr_line' id='line_1_20' title="bbox 83 1513 1670 1567; baseline 0.001 -15"><span class='ocrx_word' id='word_1_173' title='bbox 83 1524 286 1553; x_wconf 91' lang='lat' dir='ltr'>cenarum</span> <span class='ocrx_word' id='word_1_174' title='bbox 319 1513 638 1566; x_wconf 88' lang='lat' dir='ltr'>magnificentia</span> <span class='ocrx_word' id='word_1_175' title='bbox 671 1515 727 1555; x_wconf 87' lang='lat' dir='ltr'>ad</span> <span class='ocrx_word' id='word_1_176' title='bbox 759 1515 884 1555; x_wconf 66' lang='lat' dir='ltr'>vilem</span> <span class='ocrx_word' id='word_1_177' title='bbox 919 1515 1205 1567; x_wconf 81' lang='lat' dir='ltr'>gladiatorum</span> <span class='ocrx_word' id='word_1_178' title='bbox 1235 1517 1372 1555; x_wconf 88' lang='lat' dir='ltr'>artem</span> <span class='ocrx_word' id='word_1_179' title='bbox 1403 1516 1444 1555; x_wconf 91' lang='lat' dir='ltr'>et</span> <span class='ocrx_word' id='word_1_180' title='bbox 1466 1514 1670 1554; x_wconf 87' lang='lat' dir='ltr'>alimenta</span> 
     </span>
     <span class='ocr_line' id='line_1_21' title="bbox 83 1582 1672 1635; baseline 0.001 -12"><span class='ocrx_word' id='word_1_181' title='bbox 83 1582 215 1635; x_wconf 82' lang='lat' dir='ltr'>redigi</span> <span class='ocrx_word' id='word_1_182' title='bbox 251 1583 373 1624; x_wconf 86' lang='lat' dir='ltr'>dicit:</span> <span class='ocrx_word' id='word_1_183' title='bbox 422 1584 480 1624; x_wconf 76' lang='lat' dir='ltr'>sic</span> <span class='ocrx_word' id='word_1_184' title='bbox 517 1586 684 1625; x_wconf 69' lang='lat' dir='ltr'>veniunt</span> <span class='ocrx_word' id='word_1_185' title='bbox 725 1585 781 1626; x_wconf 77' lang='lat' dir='ltr'>ad</span> <span class='ocrx_word' id='word_1_186' title='bbox 820 1586 1083 1625; x_wconf 71' lang='lat' dir='ltr'>miscellanea</span> <span class='ocrx_word' id='word_1_187' title='bbox 1124 1585 1227 1625; x_wconf 64' lang='lat' dir='ltr'>ludes.</span> <span class='ocrx_word' id='word_1_188' title='bbox 1291 1585 1400 1626; x_wconf 89' lang='lat' dir='ltr'>Nam</span> <span class='ocrx_word' id='word_1_189' title='bbox 1435 1584 1672 1625; x_wconf 85' lang='lat' dir='ltr'>Salmasius</span> 
     </span>
     <span class='ocr_line' id='line_1_22' title="bbox 81 1652 1670 1708; baseline 0.003 -14"><span class='ocrx_word' id='word_1_190' title='bbox 81 1652 153 1705; x_wconf 83' lang='lat' dir='ltr'>(ad</span> <span class='ocrx_word' id='word_1_191' title='bbox 188 1653 318 1694; x_wconf 88' lang='lat' dir='ltr'>Treb.</span> <span class='ocrx_word' id='word_1_192' title='bbox 350 1654 553 1696; x_wconf 88' lang='lat' dir='ltr'>Pollionis</span> <span class='ocrx_word' id='word_1_193' title='bbox 587 1655 737 1697; x_wconf 85' lang='lat' dir='ltr'>Claud.</span> <span class='ocrx_word' id='word_1_194' title='bbox 773 1668 806 1695; x_wconf 93' lang='lat' dir='ltr'>c.</span> <span class='ocrx_word' id='word_1_195' title='bbox 841 1656 880 1704; x_wconf 79' lang='lat'>5,</span> <span class='ocrx_word' id='word_1_196' title='bbox 914 1657 1017 1696; x_wconf 86' lang='lat' dir='ltr'>tom.</span> <span class='ocrx_word' id='word_1_197' title='bbox 1042 1656 1077 1695; x_wconf 93' lang='grc' dir='ltr'>Π</span> <span class='ocrx_word' id='word_1_198' title='bbox 1109 1669 1149 1708; x_wconf 88' lang='lat' dir='ltr'>p.</span> <span class='ocrx_word' id='word_1_199' title='bbox 1182 1654 1284 1707; x_wconf 72' lang='lat'>362)</span> <span class='ocrx_word' id='word_1_200' title='bbox 1317 1656 1408 1696; x_wconf 65' lang='lat' dir='ltr'>lude·</span> <span class='ocrx_word' id='word_1_201' title='bbox 1439 1669 1517 1708; x_wconf 91' lang='lat' dir='ltr'>pro</span> <span class='ocrx_word' id='word_1_202' title='bbox 1550 1654 1670 1698; x_wconf 65' lang='lat' dir='ltr'>ludii.</span> 
     </span>
     <span class='ocr_line' id='line_1_23' title="bbox 78 1723 1673 1779; baseline 0.001 -16"><span class='ocrx_word' id='word_1_203' title='bbox 78 1723 345 1765; x_wconf 79' lang='lat' dir='ltr'>nominativo</span> <span class='ocrx_word' id='word_1_204' title='bbox 382 1737 497 1775; x_wconf 86' lang='lat' dir='ltr'>casu,</span> <span class='ocrx_word' id='word_1_205' title='bbox 532 1739 626 1767; x_wconf 85' lang='lat' dir='ltr'>esse</span> <span class='ocrx_word' id='word_1_206' title='bbox 658 1728 795 1779; x_wconf 87' lang='lat' dir='ltr'>putat,</span> <span class='ocrx_word' id='word_1_207' title='bbox 829 1727 1157 1778; x_wconf 80' lang='lat' dir='ltr'>grammaticam</span> <span class='ocrx_word' id='word_1_208' title='bbox 1182 1740 1267 1767; x_wconf 87' lang='lat' dir='ltr'>non</span> <span class='ocrx_word' id='word_1_209' title='bbox 1292 1739 1460 1775; x_wconf 86' lang='lat' dir='ltr'>curans,</span> <span class='ocrx_word' id='word_1_210' title='bbox 1494 1728 1543 1766; x_wconf 91' lang='lat' dir='ltr'>ut</span> <span class='ocrx_word' id='word_1_211' title='bbox 1564 1725 1673 1766; x_wconf 68' lang='lat' dir='ltr'>ludii</span> 
     </span>
     <span class='ocr_line' id='line_1_24' title="bbox 79 1794 1671 1849; baseline 0.002 -15"><span class='ocrx_word' id='word_1_212' title='bbox 79 1794 161 1835; x_wconf 89' lang='lat' dir='ltr'>sint</span> <span class='ocrx_word' id='word_1_213' title='bbox 195 1795 469 1847; x_wconf 85' lang='lat' dir='ltr'>gladiatores,</span> <span class='ocrx_word' id='word_1_214' title='bbox 502 1797 740 1849; x_wconf 85' lang='lat' dir='ltr'>Rupertius</span> <span class='ocrx_word' id='word_1_215' title='bbox 773 1796 864 1836; x_wconf 73' lang='lat' dir='ltr'>lude·</span> <span class='ocrx_word' id='word_1_216' title='bbox 887 1796 990 1837; x_wconf 85' lang='lat' dir='ltr'>item</span> <span class='ocrx_word' id='word_1_217' title='bbox 1017 1810 1094 1849; x_wconf 88' lang='lat' dir='ltr'>pro</span> <span class='ocrx_word' id='word_1_218' title='bbox 1120 1796 1229 1836; x_wconf 68' lang='lat' dir='ltr'>ludii</span> <span class='ocrx_word' id='word_1_219' title='bbox 1252 1797 1419 1849; x_wconf 89' lang='lat' dir='ltr'>accipit,</span> <span class='ocrx_word' id='word_1_220' title='bbox 1453 1797 1526 1837; x_wconf 89' lang='lat' dir='ltr'>sed</span> <span class='ocrx_word' id='word_1_221' title='bbox 1553 1795 1671 1849; x_wconf 90' lang='lat' dir='ltr'>geni-</span> 
     </span>
     <span class='ocr_line' id='line_1_25' title="bbox 77 1864 1671 1920; baseline 0.001 -14"><span class='ocrx_word' id='word_1_222' title='bbox 77 1866 165 1907; x_wconf 71' lang='lat' dir='ltr'>tivo</span> <span class='ocrx_word' id='word_1_223' title='bbox 199 1879 323 1915; x_wconf 76' lang='lat' dir='ltr'>casu3</span> <span class='ocrx_word' id='word_1_224' title='bbox 357 1879 505 1907; x_wconf 83' lang='lat' dir='ltr'>Verum</span> <span class='ocrx_word' id='word_1_225' title='bbox 539 1880 695 1919; x_wconf 93' lang='lat' dir='ltr'>parum</span> <span class='ocrx_word' id='word_1_226' title='bbox 728 1868 829 1919; x_wconf 84' lang='lat' dir='ltr'>apte</span> <span class='ocrx_word' id='word_1_227' title='bbox 862 1867 1094 1908; x_wconf 86' lang='lat' dir='ltr'>diceretur:</span> <span class='ocrx_word' id='word_1_228' title='bbox 1127 1868 1296 1907; x_wconf 66' lang='lat' dir='ltr'>veniunt</span> <span class='ocrx_word' id='word_1_229' title='bbox 1323 1866 1449 1920; x_wconf 89' lang='lat' dir='ltr'>(plur.</span> <span class='ocrx_word' id='word_1_230' title='bbox 1473 1864 1671 1918; x_wconf 89' lang='lat' dir='ltr'>numero)</span> 
     </span>
     <span class='ocr_line' id='line_1_26' title="bbox 81 1936 1671 1991; baseline 0.001 -14"><span class='ocrx_word' id='word_1_231' title='bbox 81 1936 138 1977; x_wconf 89' lang='lat' dir='ltr'>ad</span> <span class='ocrx_word' id='word_1_232' title='bbox 170 1937 447 1978; x_wconf 87' lang='lat' dir='ltr'>miscellanea</span> <span class='ocrx_word' id='word_1_233' title='bbox 478 1937 750 1991; x_wconf 72' lang='lat' dir='ltr'>9ladiatoris;</span> <span class='ocrx_word' id='word_1_234' title='bbox 791 1938 956 1978; x_wconf 58' lang='lat' dir='ltr'>lanista)</span> <span class='ocrx_word' id='word_1_235' title='bbox 987 1940 1102 1978; x_wconf 88' lang='lat' dir='ltr'>recte</span> <span class='ocrx_word' id='word_1_236' title='bbox 1136 1938 1361 1978; x_wconf 84' lang='lat' dir='ltr'>diceretur.</span> <span class='ocrx_word' id='word_1_237' title='bbox 1426 1938 1552 1987; x_wconf 88' lang='lat' dir='ltr'>Tum,</span> <span class='ocrx_word' id='word_1_238' title='bbox 1587 1950 1671 1990; x_wconf 90' lang='lat' dir='ltr'>quo</span> 
     </span>
     <span class='ocr_line' id='line_1_27' title="bbox 77 2008 1670 2061; baseline 0.001 -14"><span class='ocrx_word' id='word_1_239' title='bbox 77 2009 258 2061; x_wconf 86' lang='lat' dir='ltr'>uterque</span> <span class='ocrx_word' id='word_1_240' title='bbox 291 2008 441 2049; x_wconf 90' lang='lat' dir='ltr'>nititur</span> <span class='ocrx_word' id='word_1_241' title='bbox 473 2008 674 2060; x_wconf 88' lang='lat' dir='ltr'>quodque</span> <span class='ocrx_word' id='word_1_242' title='bbox 707 2008 969 2049; x_wconf 86' lang='lat' dir='ltr'>Schmidtius</span> <span class='ocrx_word' id='word_1_243' title='bbox 1003 2009 1131 2049; x_wconf 88' lang='lat' dir='ltr'>etiam</span> <span class='ocrx_word' id='word_1_244' title='bbox 1167 2009 1209 2049; x_wconf 90' lang='lat' dir='ltr'>in</span> <span class='ocrx_word' id='word_1_245' title='bbox 1242 2009 1373 2049; x_wconf 77' lang='lat' dir='ltr'>satira</span> <span class='ocrx_word' id='word_1_246' title='bbox 1399 2010 1551 2049; x_wconf 73' lang='lat' dir='ltr'>octava</span> <span class='ocrx_word' id='word_1_247' title='bbox 1579 2021 1670 2049; x_wconf 90' lang='lat' dir='ltr'>cer-</span> 
     </span>
     <span class='ocr_line' id='line_1_28' title="bbox 78 2078 1673 2132; baseline 0.001 -14"><span class='ocrx_word' id='word_1_248' title='bbox 78 2079 292 2119; x_wconf 87' lang='lat' dir='ltr'>tissimum</span> <span class='ocrx_word' id='word_1_249' title='bbox 335 2081 473 2132; x_wconf 85' lang='lat' dir='ltr'>putat,</span> <span class='ocrx_word' id='word_1_250' title='bbox 522 2079 565 2119; x_wconf 93' lang='lat' dir='ltr'>in</span> <span class='ocrx_word' id='word_1_251' title='bbox 610 2092 659 2119; x_wconf 90' lang='lat' dir='ltr'>eo</span> <span class='ocrx_word' id='word_1_252' title='bbox 702 2078 929 2127; x_wconf 85' lang='lat' dir='ltr'>falluntur;</span> <span class='ocrx_word' id='word_1_253' title='bbox 976 2092 1117 2132; x_wconf 89' lang='lat' dir='ltr'>neque</span> <span class='ocrx_word' id='word_1_254' title='bbox 1161 2079 1275 2119; x_wconf 85' lang='lat' dir='ltr'>enim</span> <span class='ocrx_word' id='word_1_255' title='bbox 1315 2079 1526 2132; x_wconf 85' lang='lat' dir='ltr'>gladiator</span> <span class='ocrx_word' id='word_1_256' title='bbox 1565 2078 1673 2119; x_wconf 65' lang='lat' dir='ltr'>ludii</span> 
     </span>
     <span class='ocr_line' id='line_1_29' title="bbox 78 2149 1671 2202; baseline 0 -12"><span class='ocrx_word' id='word_1_257' title='bbox 78 2150 367 2202; x_wconf 86' lang='lat' dir='ltr'>appellatione</span> <span class='ocrx_word' id='word_1_258' title='bbox 399 2150 572 2202; x_wconf 88' lang='lat' dir='ltr'>proprie</span> <span class='ocrx_word' id='word_1_259' title='bbox 606 2149 834 2202; x_wconf 85' lang='lat' dir='ltr'>significari</span> <span class='ocrx_word' id='word_1_260' title='bbox 867 2151 1049 2202; x_wconf 89' lang='lat' dir='ltr'>poterat,</span> <span class='ocrx_word' id='word_1_261' title='bbox 1084 2163 1215 2202; x_wconf 87' lang='lat' dir='ltr'>quam</span> <span class='ocrx_word' id='word_1_262' title='bbox 1238 2150 1431 2202; x_wconf 89' lang='lat' dir='ltr'>plerique</span> <span class='ocrx_word' id='word_1_263' title='bbox 1453 2149 1671 2190; x_wconf 88' lang='lat' dir='ltr'>histrioni-</span> 
     </span>
     <span class='ocr_line' id='line_1_30' title="bbox 78 2219 1671 2273; baseline 0 -13"><span class='ocrx_word' id='word_1_264' title='bbox 78 2219 159 2260; x_wconf 85' lang='lat' dir='ltr'>bus</span> <span class='ocrx_word' id='word_1_265' title='bbox 191 2220 400 2270; x_wconf 88' lang='lat' dir='ltr'>tribuunt,</span> <span class='ocrx_word' id='word_1_266' title='bbox 434 2220 646 2261; x_wconf 75' lang='lat' dir='ltr'>Iuvenalis</span> <span class='ocrx_word' id='word_1_267' title='bbox 680 2220 813 2260; x_wconf 89' lang='lat' dir='ltr'>semel</span> <span class='ocrx_word' id='word_1_268' title='bbox 845 2233 923 2272; x_wconf 89' lang='lat' dir='ltr'>pro</span> <span class='ocrx_word' id='word_1_269' title='bbox 957 2220 1173 2261; x_wconf 89' lang='lat' dir='ltr'>communi</span> <span class='ocrx_word' id='word_1_270' title='bbox 1206 2221 1372 2273; x_wconf 88' lang='lat' dir='ltr'>generis</span> <span class='ocrx_word' id='word_1_271' title='bbox 1405 2220 1579 2261; x_wconf 89' lang='lat' dir='ltr'>nomine</span> <span class='ocrx_word' id='word_1_272' title='bbox 1612 2221 1671 2260; x_wconf 89' lang='lat' dir='ltr'>sic</span> 
     </span>
     <span class='ocr_line' id='line_1_31' title="bbox 77 2290 1670 2344; baseline 0.001 -13"><span class='ocrx_word' id='word_1_273' title='bbox 77 2290 233 2343; x_wconf 85' lang='lat' dir='ltr'>posuit,</span> <span class='ocrx_word' id='word_1_274' title='bbox 268 2293 314 2332; x_wconf 88' lang='lat' dir='ltr'>ut</span> <span class='ocrx_word' id='word_1_275' title='bbox 345 2291 566 2344; x_wconf 89' lang='lat' dir='ltr'>Hippiam,</span> <span class='ocrx_word' id='word_1_276' title='bbox 609 2290 856 2344; x_wconf 87' lang='lat' dir='ltr'>gladiatoris</span> <span class='ocrx_word' id='word_1_277' title='bbox 891 2304 1037 2332; x_wconf 86' lang='lat' dir='ltr'>amore</span> <span class='ocrx_word' id='word_1_278' title='bbox 1072 2294 1258 2344; x_wconf 89' lang='lat' dir='ltr'>captam,</span> <span class='ocrx_word' id='word_1_279' title='bbox 1300 2291 1462 2332; x_wconf 89' lang='lat' dir='ltr'>ludiam</span> <span class='ocrx_word' id='word_1_280' title='bbox 1497 2291 1670 2332; x_wconf 88' lang='lat' dir='ltr'>diceret.</span> 
     </span>
     <span class='ocr_line' id='line_1_32' title="bbox 79 2360 1671 2415; baseline 0.001 -13"><span class='ocrx_word' id='word_1_281' title='bbox 79 2360 330 2402; x_wconf 89' lang='lat' dir='ltr'>Glossarum</span> <span class='ocrx_word' id='word_1_282' title='bbox 363 2363 611 2411; x_wconf 80' lang='lat' dir='ltr'>auctoritas,</span> <span class='ocrx_word' id='word_1_283' title='bbox 645 2361 741 2402; x_wconf 90' lang='lat' dir='ltr'>usui</span> <span class='ocrx_word' id='word_1_284' title='bbox 774 2361 977 2413; x_wconf 87' lang='lat' dir='ltr'>loquendi</span> <span class='ocrx_word' id='word_1_285' title='bbox 1009 2375 1268 2415; x_wconf 87' lang='lat' dir='ltr'>repugnans,</span> <span class='ocrx_word' id='word_1_286' title='bbox 1303 2362 1421 2403; x_wconf 86' lang='lat' dir='ltr'>nulla</span> <span class='ocrx_word' id='word_1_287' title='bbox 1448 2364 1526 2403; x_wconf 85' lang='lat' dir='ltr'>est.</span> <span class='ocrx_word' id='word_1_288' title='bbox 1575 2362 1671 2404; x_wconf 87' lang='lat' dir='ltr'>Alio</span> 
     </span>
     <span class='ocr_line' id='line_1_33' title="bbox 79 2431 1672 2486; baseline 0.001 -14"><span class='ocrx_word' id='word_1_289' title='bbox 79 2432 209 2473; x_wconf 90' lang='lat' dir='ltr'>modo</span> <span class='ocrx_word' id='word_1_290' title='bbox 241 2432 459 2483; x_wconf 85' lang='lat' dir='ltr'>labuntur,</span> <span class='ocrx_word' id='word_1_291' title='bbox 494 2434 566 2486; x_wconf 89' lang='lat' dir='ltr'>qui</span> <span class='ocrx_word' id='word_1_292' title='bbox 598 2432 717 2473; x_wconf 74' lang='lat' dir='ltr'>ludos</span> <span class='ocrx_word' id='word_1_293' title='bbox 737 2431 951 2473; x_wconf 87' lang='lat' dir='ltr'>miscellos</span> <span class='ocrx_word' id='word_1_294' title='bbox 974 2431 1227 2485; x_wconf 88' lang='lat' dir='ltr'>intelligunt,</span> <span class='ocrx_word' id='word_1_295' title='bbox 1262 2435 1408 2485; x_wconf 89' lang='lat' dir='ltr'>spreta</span> <span class='ocrx_word' id='word_1_296' title='bbox 1430 2433 1672 2474; x_wconf 84' lang='lat' dir='ltr'>scholiastae</span> 
     </span>
     <span class='ocr_line' id='line_1_34' title="bbox 81 2499 1116 2556; baseline 0.001 -14"><span class='ocrx_word' id='word_1_297' title='bbox 81 2503 367 2555; x_wconf 76' lang='lat' dir='ltr'>explicatione</span> <span class='ocrx_word' id='word_1_298' title='bbox 399 2504 528 2553; x_wconf 79' lang='lat' dir='ltr'>vocis,</span> <span class='ocrx_word' id='word_1_299' title='bbox 563 2517 659 2556; x_wconf 84' lang='lat' dir='ltr'>quae</span> <span class='ocrx_word' id='word_1_300' title='bbox 693 2505 758 2544; x_wconf 86' lang='lat' dir='ltr'>est</span> <span class='ocrx_word' id='word_1_301' title='bbox 788 2503 1067 2543; x_wconf 74' lang='lat' dir='ltr'>miscellanea.</span> <span class='ocrx_word' id='word_1_302' title='bbox 1083 2499 1116 2555; x_wconf 88' lang='grc'>1)</span> 
     </span>
    </p>

    <p class='ocr_par' dir='ltr' id='par_1_3' title="bbox 79 2573 1673 2838">
     <span class='ocr_line' id='line_1_35' title="bbox 196 2573 1673 2627; baseline 0 -13"><span class='ocrx_word' id='word_1_303' title='bbox 196 2573 463 2627; x_wconf 86' lang='lat' dir='ltr'>Subiungam</span> <span class='ocrx_word' id='word_1_304' title='bbox 504 2574 668 2623; x_wconf 90' lang='lat' dir='ltr'>locum,</span> <span class='ocrx_word' id='word_1_305' title='bbox 718 2573 836 2613; x_wconf 89' lang='lat' dir='ltr'>cuius</span> <span class='ocrx_word' id='word_1_306' title='bbox 877 2586 1009 2625; x_wconf 91' lang='lat' dir='ltr'>quum</span> <span class='ocrx_word' id='word_1_307' title='bbox 1048 2574 1249 2614; x_wconf 81' lang='lat' dir='ltr'>universa</span> <span class='ocrx_word' id='word_1_308' title='bbox 1288 2575 1501 2615; x_wconf 87' lang='lat' dir='ltr'>sententia</span> <span class='ocrx_word' id='word_1_309' title='bbox 1541 2573 1673 2614; x_wconf 90' lang='lat' dir='ltr'>dubia</span> 
     </span>
     <span class='ocr_line' id='line_1_36' title="bbox 79 2643 1669 2697; baseline 0 -13"><span class='ocrx_word' id='word_1_310' title='bbox 79 2656 171 2684; x_wconf 86' lang='lat' dir='ltr'>esse</span> <span class='ocrx_word' id='word_1_311' title='bbox 217 2648 419 2696; x_wconf 87' lang='lat' dir='ltr'>nequeat,</span> <span class='ocrx_word' id='word_1_312' title='bbox 467 2647 615 2686; x_wconf 90' lang='lat' dir='ltr'>tamen</span> <span class='ocrx_word' id='word_1_313' title='bbox 662 2644 756 2697; x_wconf 88' lang='lat' dir='ltr'>ipsa</span> <span class='ocrx_word' id='word_1_314' title='bbox 803 2643 937 2684; x_wconf 81' lang='lat' dir='ltr'>verba</span> <span class='ocrx_word' id='word_1_315' title='bbox 985 2644 1241 2697; x_wconf 90' lang='lat' dir='ltr'>interpretes</span> <span class='ocrx_word' id='word_1_316' title='bbox 1289 2658 1376 2685; x_wconf 88' lang='lat' dir='ltr'>non</span> <span class='ocrx_word' id='word_1_317' title='bbox 1424 2644 1669 2697; x_wconf 78' lang='lat' dir='ltr'>expediunt,</span> 
     </span>
     <span class='ocr_line' id='line_1_37' title="bbox 79 2713 1670 2768; baseline 0.001 -14"><span class='ocrx_word' id='word_1_318' title='bbox 79 2726 221 2755; x_wconf 88' lang='lat' dir='ltr'>errore</span> <span class='ocrx_word' id='word_1_319' title='bbox 253 2714 478 2756; x_wconf 84' lang='lat' dir='ltr'>locutionis</span> <span class='ocrx_word' id='word_1_320' title='bbox 510 2728 597 2756; x_wconf 92' lang='lat' dir='ltr'>non</span> <span class='ocrx_word' id='word_1_321' title='bbox 629 2713 924 2766; x_wconf 87' lang='lat' dir='ltr'>infrequentis,</span> <span class='ocrx_word' id='word_1_322' title='bbox 958 2714 1035 2755; x_wconf 87' lang='lat' dir='ltr'>sed</span> <span class='ocrx_word' id='word_1_323' title='bbox 1063 2728 1219 2767; x_wconf 89' lang='lat' dir='ltr'>parum</span> <span class='ocrx_word' id='word_1_324' title='bbox 1241 2717 1481 2768; x_wconf 81' lang='lat' dir='ltr'>perspectae</span> <span class='ocrx_word' id='word_1_325' title='bbox 1504 2717 1547 2756; x_wconf 88' lang='lat' dir='ltr'>et</span> <span class='ocrx_word' id='word_1_326' title='bbox 1568 2715 1670 2756; x_wconf 87' lang='lat' dir='ltr'>alibi</span> 
     </span>
     <span class='ocr_line' id='line_1_38' title="bbox 79 2785 1671 2838; baseline 0.001 -13"><span class='ocrx_word' id='word_1_327' title='bbox 79 2797 250 2837; x_wconf 90' lang='lat' dir='ltr'>quoque</span> <span class='ocrx_word' id='word_1_328' title='bbox 282 2786 400 2838; x_wconf 90' lang='lat' dir='ltr'>apud</span> <span class='ocrx_word' id='word_1_329' title='bbox 431 2785 679 2826; x_wconf 79' lang='lat' dir='ltr'>Iuvenalem</span> <span class='ocrx_word' id='word_1_330' title='bbox 710 2798 797 2826; x_wconf 88' lang='lat' dir='ltr'>non</span> <span class='ocrx_word' id='word_1_331' title='bbox 829 2785 1057 2826; x_wconf 80' lang='lat' dir='ltr'>intellectae</span> <span class='ocrx_word' id='word_1_332' title='bbox 1079 2786 1290 2827; x_wconf 84' lang='lat' dir='ltr'>labentes.</span> <span class='ocrx_word' id='word_1_333' title='bbox 1337 2787 1449 2827; x_wconf 89' lang='lat' dir='ltr'>Nam</span> <span class='ocrx_word' id='word_1_334' title='bbox 1472 2787 1515 2826; x_wconf 90' lang='lat' dir='ltr'>in</span> <span class='ocrx_word' id='word_1_335' title='bbox 1538 2785 1671 2827; x_wconf 84' lang='lat' dir='ltr'>satira</span> 
     </span>
    </p>
   </div>
   <div class='ocr_carea' id='block_1_3' title="bbox 119 2934 1415 2981">
    <p class='ocr_par' dir='ltr' id='par_1_4' title="bbox 119 2934 1415 2981">
     <span class='ocr_line' id='line_1_39' title="bbox 119 2934 1415 2981; baseline 0.001 -10"><span class='ocrx_word' id='word_1_336' title='bbox 119 2934 147 2977; x_wconf 83' lang='lat'>¹)</span> <span class='ocrx_word' id='word_1_337' title='bbox 174 2934 242 2979; x_wconf 86' lang='lat' dir='ltr'>[De</span> <span class='ocrx_word' id='word_1_338' title='bbox 267 2937 336 2971; x_wconf 92' lang='lat' dir='ltr'>hoc</span> <span class='ocrx_word' id='word_1_339' title='bbox 361 2937 439 2971; x_wconf 87' lang='lat' dir='ltr'>loco</span> <span class='ocrx_word' id='word_1_340' title='bbox 466 2937 584 2971; x_wconf 85' lang='lat' dir='ltr'>satirae</span> <span class='ocrx_word' id='word_1_341' title='bbox 610 2937 659 2971; x_wconf 89' lang='lat' dir='ltr'>XI</span> <span class='ocrx_word' id='word_1_342' title='bbox 685 2936 915 2972; x_wconf 82' lang='lat' dir='ltr'>Heinriehius</span> <span class='ocrx_word' id='word_1_343' title='bbox 941 2940 1038 2972; x_wconf 89' lang='lat' dir='ltr'>recte</span> <span class='ocrx_word' id='word_1_344' title='bbox 1063 2937 1245 2973; x_wconf 83' lang='lat' dir='ltr'>iudicavit.</span> <span class='ocrx_word' id='word_1_345' title='bbox 1297 2936 1415 2981; x_wconf 70' lang='lat'>1842]</span> 
     </span>
    </p>
   </div>
   <div class='ocr_carea' id='block_1_4' title="bbox 1693 2021 1743 2046">
    <p class='ocr_par' dir='ltr' id='par_1_5' title="bbox 1693 2021 1743 2046">
     <span class='ocr_line' id='line_1_40' title="bbox 1693 2021 1743 2046; baseline -0.02 0"><span class='ocrx_word' id='word_1_346' title='bbox 1693 2021 1743 2046; x_wconf 82' lang='lat'>187</span> 
     </span>
    </p>
   </div>
  </div>
 </body>
</html>
