1915 3235
161 1552 212 1576 144

999 131 1081 171 116

244 259 428 315 quiderm
475 260 535 300 ita
575 259 693 312 (nam
732 261 931 299 accurate
971 258 1287 300 ostendendum
1327 262 1404 307 est,
1452 271 1583 311 quam
1614 258 1832 300 interdum

242 331 284 372 in
331 344 417 372 non
463 330 687 371 intellectis
734 329 990 381 interpretes
1041 326 1333 386 acquiescant)
1388 328 1529 370 minus
1583 329 1631 370 fit
1684 328 1829 371 videre

242 415 372 455 quam
421 401 589 450 audire,
645 402 687 441 et
733 401 815 440 hoc
863 399 1029 451 dicitur,
1079 399 1370 441 confitendum
1418 412 1532 450 esse,
1581 399 1830 441 Ciceronem

241 473 399 522 omnia,
447 472 481 512 si
513 484 599 512 non
639 470 802 520 audire,
831 472 896 529 ‘at
926 470 1073 511 videre
1104 472 1266 518 tamen.
1328 470 1424 512 Non
1456 473 1521 511 est
1552 470 1830 521 intellectum,

240 543 355 596 quod
386 542 579 595 profecto
610 554 697 582 non
729 543 823 582 erat
851 540 1022 582 difficile
1048 541 1297 594 intelligere,
1331 541 1450 582 illum
1475 554 1663 592 sensum,
1698 554 1827 594 quem

239 626 371 666 supra
402 613 600 662 indicavi,
647 611 846 664 negando
885 612 945 653 sic
985 613 1126 653 efferri
1165 612 1337 662 dehere,
1384 615 1433 653 ut
1470 612 1577 654 nihil
1615 612 1828 653 diceretur

240 697 346 733 esse,
386 684 430 724 in
469 683 584 735 quod
621 696 703 723 non
736 682 909 723 caderet
940 682 1058 733 illud,
1102 696 1189 724 non
1220 683 1350 724 modo
1383 683 1532 725 audi-re
1564 682 1826 733 Ciceronem,

237 755 313 796 sed
346 754 476 795 etiam
508 753 667 795 Videre.
730 753 880 806 Itaque
912 766 998 794 non
1031 753 1206 806 singulis
1246 754 1442 807 partibus
1483 755 1713 795 verborum
1756 767 1827 795 ar-

235 827 400 867 tissime
433 838 724 867 connexorum
757 837 840 864 non
877 824 997 865 modo
1038 825 1213 865 <cannam
1246 828 1340 875 cet.,
1388 826 1560 878 negatio
1599 825 1829 866 inserenda

236 901 313 946 est,
362 896 439 937 sed
477 897 527 937 iis
568 896 804 937 coniunctis
848 895 1156 948 praeponenda.
1220 896 1331 937 Vera
1364 900 1428 937 est
1459 897 1586 949 igitur
1616 896 1827 937 hactenus

236 968 430 1009 codicum
463 968 688 1021 scriptura,
738 980 869 1020 quam
910 966 1038 1019 plane
1078 966 1305 1008 confirmat
1336 967 1530 1009 Donatus
1563 966 1619 1008 ad
1652 967 1826 1008 Terent.

234 1039 346 1079 And.
386 1038 460 1088 ΙΙΙ,
505 1039 548 1088 1,
591 1038 665 1087 12ς
718 1051 821 1079 nam
879 1037 995 1089 quod
1049 1038 1107 1078 ibi
1155 1037 1206 1078 in
1254 1038 1512 1079 editionibus
1561 1038 1737 1078 audiam
1784 1041 1826 1079 et

237 1110 397 1150 videam
428 1111 783 1162 transponuntur,
831 1109 888 1149 ad
926 1122 1018 1150 rem
1058 1122 1144 1150 non
1183 1110 1383 1162 pertinet.
1446 1109 1594 1161 Itaque
1634 1110 1677 1150 in
1708 1109 1828 1151 initio

233 1180 458 1223 sententiae
501 1180 692 1221 relativae
735 1179 869 1233 (quod
911 1180 1106 1221 Donatus
1149 1193 1235 1221 non
1269 1178 1387 1232 citat)
1434 1181 1605 1233 negatio
1654 1180 1822 1231 excidit,

233 1265 364 1305 quam
396 1264 483 1293 non
515 1251 685 1292 difficile
719 1253 813 1292 erat
836 1252 1076 1301 restituere,
1112 1251 1327 1304 cogitanti,
1362 1264 1492 1303 quam
1517 1263 1632 1303 saepe
1664 1250 1827 1291 librarii

233 1324 334 1378 quin
364 1336 443 1376 pro
476 1322 654 1363 relativo
687 1324 730 1363 et
760 1322 990 1375 negatione
1022 1322 1211 1375 positum
1244 1322 1288 1363 in
1311 1322 1539 1363 relativum
1566 1323 1822 1363 mutassent.

232 1394 411 1435 Accedit
441 1394 568 1447 igitur
599 1393 667 1434 hic
699 1394 818 1435 locus
851 1393 907 1434 ad
938 1393 1060 1434 Verr.
1095 1393 1162 1444 IV,
1199 1394 1236 1443 1,
1269 1393 1344 1434 ubi
1376 1394 1478 1448 quin
1508 1406 1586 1446 pro
1610 1392 1719 1447 quod
1740 1405 1823 1434 non

232 1465 478 1506 accusativo
512 1477 615 1506 casu
648 1461 862 1517 dicitur.¹)

349 1536 576 1577 Proximus
608 1535 792 1577 occurrit
823 1535 955 1585 locus,
1005 1535 1077 1588 qui
1116 1537 1182 1575 est
1220 1534 1264 1575 in
1303 1534 1456 1576 eadem
1489 1535 1683 1576 oratione
1715 1547 1750 1575 c.
1783 1535 1823 1584 6,

234 1607 301 1657 133
341 1608 432 1649 eius
464 1608 557 1648 haec
590 1609 656 1648 est
687 1607 861 1660 vulgata
894 1607 1126 1660 scriptura:
1171 1606 1271 1658 (22⁶oe
1304 1610 1399 1646 nota
1432 1606 1662 1646 domesticae
1693 1605 1825 1659 turpi-

230 1678 391 1719 tudinis
422 1692 503 1719 uon
536 1679 675 1719 inusta
707 1679 801 1719 vitre
832 1683 914 1719 tuce
946 1678 1031 1719 est?
1061 1678 1169 1733 quod
1184 1678 1457 1731 privatarum
1480 1690 1622 1718 rerum
1645 1675 1821 1717 dedecus

267 1842 297 1885 ¹)
322 1844 399 1878 Vid.
427 1845 582 1888 exempli
609 1855 717 1878 causa
744 1845 787 1877 de
813 1844 903 1888 Rep.
930 1844 955 1884 I,
989 1842 1009 1875 2
1037 1841 1115 1885 (ubi
1141 1842 1255 1877 Maius
1282 1843 1374 1886 quod
1398 1854 1470 1876 non
1492 1840 1662 1886 scripsit).
1712 1841 1827 1876 Plane

324 1903 420 1938 idem
448 1906 501 1938 est
526 1904 700 1937 mendum
726 1903 763 1937 in
790 1903 900 1937 Cicer.
927 1906 1016 1937 orat.
1044 1913 1108 1947 pro
1137 1902 1226 1936 Sest.
1255 1900 1310 1943 14,
1336 1900 1392 1942 33,
1419 1901 1481 1935 ubi
1506 1901 1715 1945 planissime
1741 1912 1822 1936 con-

323 1963 487 2005 trarium,
526 1965 635 2007 atque
666 1963 745 1997 vult
771 1966 902 2004 orator,
943 1962 1091 1996 dicitur:
1131 1963 1164 1995 si
1189 1962 1397 2005 appellanda·
1421 1965 1504 1994 sunt
1529 1963 1698 2005 consules,
1737 1972 1825 2005 quos

323 2034 423 2057 nemo
461 2028 510 2057 est
547 2024 611 2067 qui
644 2034 713 2057 non
751 2024 852 2056 modo
891 2034 933 2056 (τοο
965 2023 1134 2065 historia,
1172 2022 1233 2054 sed
1270 2022 1376 2053 etiam
1413 2031 1456 2053 ωε
1490 2021 1598 2062 fastis
1635 2021 1826 2055 evellendos

318 2087 430 2125 putet.
480 2082 527 2116 Ut
553 2082 642 2115 nihil
668 2082 762 2116 inter
782 2087 916 2125 putare
942 2084 978 2114 et
1004 2092 1074 2115 non
1094 2085 1228 2124 putare
1259 2079 1410 2121 intersit,
1442 2080 1546 2113 fictus
1577 2080 1637 2114 ille
1668 2079 1823 2124 particu-

323 2141 441 2175 larum
468 2152 554 2175 usus
580 2141 788 2181 advocatur,
816 2151 887 2184 quo
914 2150 1084 2174 concesso
1112 2139 1266 2173 efficitur
1291 2138 1471 2172 sententia
1497 2141 1573 2172 tam
1595 2138 1756 2179 ridicula,
1783 2141 1824 2172 ut

325 2200 413 2233 nihil
439 2211 548 2244 supra
573 2211 651 2234 esse
676 2196 793 2244 possit*
816 2198 938 2241 (nemo
965 2202 1029 2239 est,
1064 2198 1126 2242 qui
1151 2201 1255 2242 putet
1279 2200 1424 2231 tantum
1450 2197 1585 2238 abesse,
1612 2201 1653 2231 ut
1678 2208 1723 2231 ex
1748 2208 1821 2231 me-

324 2259 440 2292 moria
471 2259 682 2300 evellantur,
721 2262 761 2293 ut
794 2259 904 2292 etiam
938 2269 982 2292 ex
1013 2258 1115 2291 fastis
1149 2257 1326 2292 evellendi
1357 2255 1453 2297 sint).
1508 2257 1681 2291 viderant
1713 2256 1821 2291 huius

325 2318 511 2362 scripturae
542 2318 817 2362 perversitatem
850 2317 1005 2351 editores
1037 2316 1190 2351 Grutero
1222 2316 1426 2360 superiores
1457 2315 1611 2359 aliquot,
1651 2316 1713 2360 qui
1751 2328 1822 2351 non

318 2382 420 2420 putet
445 2376 675 2420 scripserunt,
703 2388 782 2420 quae
809 2377 986 2421 scriptura
1011 2387 1127 2420 nuper
1152 2386 1173 2409 a
1199 2375 1380 2410 Matthiaeo
1406 2374 1544 2409 adscita
1568 2377 1638 2413 est;
1665 2375 1729 2409 sed
1753 2386 1821 2409 nec

325 2436 488 2469 excidere
515 2435 618 2469 facile
643 2435 703 2469 illo
729 2436 807 2469 loco
833 2436 975 2479 negatio
1001 2435 1131 2479 potuit,
1159 2445 1225 2468 nec
1242 2437 1338 2468 recte
1356 2434 1518 2478 ponitur;
1544 2434 1701 2478 pertinet
1719 2434 1816 2468 enim

324 2495 369 2528 ad
396 2498 510 2528 totam
536 2495 824 2538 complexionem
849 2495 1043 2528 verborum
1072 2506 1141 2528 non
1168 2495 1268 2528 modo
1294 2505 1337 2527 ωε
1361 2495 1405 2531 Ji„
1432 2505 1459 2527 s.
1487 2505 1513 2527 e.
1532 2505 1558 2528 e.
1575 2495 1601 2536 f.
1629 2494 1819 2528 evellendos

318 2559 430 2597 putet.
470 2553 654 2587 Facillima
680 2565 721 2587 ac
746 2553 935 2588 verissima
961 2553 1169 2587 emendatio
1196 2552 1389 2586 Garatonio
1415 2552 1451 2586 in
1477 2556 1638 2586 mentem
1658 2555 1818 2594 venerat,

324 2612 387 2646 sed
413 2612 503 2646 miro
530 2611 660 2645 iudicio
686 2615 807 2655 spreta
833 2616 898 2654 est,
932 2613 993 2656 qui
1024 2612 1110 2654 „nisi
1138 2611 1264 2653 forte“‚
1297 2611 1424 2655 inquit,
1461 2611 1568 2655 „quis'
1585 2611 1698 2653 malit,
1732 2612 1820 2655 quin

323 2682 395 2704 non
420 2672 532 2709 modo,
566 2671 662 2714 quod
688 2671 777 2704 mihi
804 2671 935 2706 durum
961 2670 1138 2705 videtur.“
1191 2670 1377 2705 Mirabitur
1408 2669 1559 2704 fortasse
1593 2670 1733 2714 aliquis,
1766 2672 1820 2704 tot

325 2730 538 2773 interpretes
564 2730 756 2763 discrimen
783 2730 970 2764 sententiae
997 2729 1126 2764 aientis
1160 2733 1195 2763 et
1228 2729 1391 2773 negantis
1416 2729 1595 2763 fefellisse.
1645 2729 1678 2762 Is
1704 2728 1819 2762 multo

325 2789 438 2832 magis
456 2788 656 2829 mirabitur,
683 2788 744 2822 ubi
766 2789 801 2822 in
822 2790 948 2823 eadem
968 2789 1131 2822 oratione
1149 2799 1213 2832 pro
1229 2788 1318 2822 Sest.
1334 2799 1361 2822 c.
1376 2787 1432 2828 20,
1458 2787 1503 2820 46
1523 2798 1649 2822 omnes
1670 2787 1818 2821 omnino

325 2847 479 2881 editores
506 2851 540 2880 et
565 2847 779 2891 interpretes
812 2848 888 2882 sine
920 2848 993 2881 ulla
1027 2848 1232 2891 suspicione
1263 2847 1300 2880 in
1337 2847 1415 2880 loco
1453 2846 1678 2890 apertissimo
1710 2856 1819 2889 nega-

325 2906 461 2939 tionem
487 2906 677 2940 retinuisse
703 2918 767 2950 pro
793 2906 1036 2940 affirmatione
1062 2906 1193 2940 viderit
1225 2904 1348 2950 (quam
1373 2917 1443 2940 non
1470 2907 1505 2939 id
1530 2916 1594 2949 pro
1620 2916 1728 2949 quam
1754 2903 1816 2947 id),

324 2964 395 2998 Res
422 2965 667 2999 admonitione
693 2969 782 3009 eget,
810 2976 882 2999 non
909 2965 1228 3000 demonstratione.
