1915 3235
138 1165 188 1190 355

957 100 1042 141 290

206 233 465 287 impudentia
498 230 585 272 est?
615 230 918 271 molestissime
951 227 1179 269 cumulatis
1212 229 1350 269 tribus
1374 227 1795 280 interrogationibus,

205 317 301 356 quae
334 303 376 344 in
408 303 522 343 idem
555 301 815 343 vocabulum
851 302 1026 348 exeant:
1074 299 1117 339 in
1156 298 1229 339 illa
1267 298 1481 351 scriptura
1520 297 1650 339 etiam
1690 298 1797 340 alte-

205 387 300 415 rum
333 374 572 415 occultatur
614 372 805 425 quodam
838 370 968 412 modo
1008 369 1347 423 pronuntiand03
1397 371 1438 410 et
1485 369 1528 409 in
1561 369 1799 410 omittendo

206 445 338 485 verbo
372 444 647 485 consentiunt
679 443 927 495 Stephanus
961 443 1003 482 et
1034 440 1285 481 Lambinus.

324 514 370 556 C.
406 515 443 563 7,
481 514 534 555 14
566 514 692 566 Vulgo
725 513 1015 554 scribebatur:
1059 511 1235 565 difficile
1276 516 1333 552 est
1365 512 1473 552 enim
1502 510 1627 563 finem
1657 510 1800 563 facere

198 586 350 639 pretio,
398 586 482 625 nisi
522 584 692 625 libidini
720 584 893 637 fecerim
941 584 1017 624 sed
1050 583 1143 624 coll.
1177 582 1348 632 Haun.,-
1385 582 1524 623 Guelf.
1558 583 1584 623 2
1616 582 1799 623 habent:

205 657 243 697 si
274 655 444 696 libidini
472 656 645 708 feceris:
678 655 721 696 id
753 656 795 696 in
830 655 967 696 Guelf.
1005 655 1024 694 1
1061 656 1300 694 correctum
1334 658 1411 703 est,
1445 657 1492 694 ut
1525 656 1652 704 esset,
1687 653 1803 707 quod

207 727 430 780 Zumptius
479 727 631 768 edidit:
679 727 717 767 Si
762 740 845 767 ozon
883 725 1053 766 libidini
1092 724 1257 777 feceris,
1306 724 1579 766 incommode
1626 738 1801 778 prorsus

206 799 433 851 negatione
480 798 715 850 praeposita
763 797 1048 843 substantivo,
1097 795 1213 848 quod
1259 788 1438 849 propter
1484 795 1803 848 oppositionem

206 869 400 922 proxime
435 869 773 910 condicionalem
807 868 1064 921 particulam
1097 867 1218 919 sequi
1241 866 1391 915 debet3
1425 866 1674 908 addendum
1707 880 1802 916 non,

208 940 284 981 sed
317 940 399 981 alio
432 940 537 990 loco,
581 940 656 981 ubi
688 940 967 981 manifestam
1000 938 1056 980 ob
1090 950 1266 979 causam
1300 937 1458 978 excidit
1490 936 1606 995 (po-st
1637 936 1720 990 ni):
1768 938 1806 978 si

207 1011 376 1052 libidini
407 1026 489 1052 non
518 1011 692 1064 feceris;
741 1011 902 1064 optime
936 1008 1184 1063 praepositio
1218 1008 1350 1049 Verbo
1384 1009 1613 1050 adhaerens
1646 1021 1804 1050 novam

209 1082 338 1124 efficit
370 1082 685 1136 oppositionem
720 1081 881 1135 (facere
914 1084 955 1122 et
987 1094 1069 1121 mm
1099 1077 1320 1133 facere).¹)

326 1152 371 1194 C.
391 1154 430 1203 9,
469 1154 520 1194 19
554 1153 831 1195 scribendum
865 1152 966 1194 olim
1000 1152 1086 1192 dixi
1120 1164 1171 1192 ex
1204 1152 1297 1192 coll.
1332 1151 1476 1192 Haun.
1511 1153 1553 1192 et
1585 1151 1651 1192 ed.
1678 1152 1806 1193 Lam-

209 1223 317 1265 bini:
351 1224 453 1278 quid
467 1224 661 1278 putasti?
692 1225 1012 1278 impetuntarima
1035 1223 1100 1264 te?
1129 1223 1354 1275 Zumptius
1384 1235 1436 1263 ex
1459 1221 1807 1276 Guelferbytanis

210 1297 253 1336 01
285 1295 401 1336 Leid.
436 1296 572 1337 dedit:
607 1297 678 1350 qui
702 1296 867 1349 putasti
898 1296 1219 1348 'impetratumm
1255 1293 1321 1333 te?
1365 1293 1413 1333 In
1444 1293 1526 1334 hac
1558 1306 1644 1334 una
1676 1293 1807 1334 inter-

210 1366 431 1419 rogatione
463 1380 703 1419 pronomen
737 1368 931 1407 extremo
964 1365 1056 1406 loco
1089 1366 1190 1417 poni
1222 1378 1308 1406 non
1341 1366 1497 1417 potest,
1546 1364 1590 1405 in
1622 1364 1694 1406 illa
1728 1364 1808 1406 du-

210 1437 308 1490 plici
341 1438 490 1487 debet;
525 1440 567 1478 et
599 1437 781 1478 accessit
813 1437 868 1478 ad
900 1436 1044 1477 Haun.
1078 1435 1326 1476 Vaticanus.
1391 1435 1526 1488 Magis
1558 1434 1808 1487 improban-

211 1508 327 1559 dum,
376 1509 492 1561 quod
532 1508 661 1561 paulo
701 1510 799 1561 post
839 1507 991 1549 eodem
1035 1507 1174 1559 capite
1215 1507 1439 1559 Zumptius
1481 1505 1634 1547 edidit:
1683 1520 1811 1561 quam

210 1580 429 1620 minimmn
461 1580 514 1620 sit
545 1580 631 1620 fillis
662 1579 870 1633 temporis,
905 1592 1003 1631 pro:
1038 1578 1129 1618 dem
1152 1578 1250 1627 illis,
1285 1577 1340 1619 ob
1371 1577 1810 1631 Guelferbytanorum

210 1652 528 1700 auctoritatem:
576 1663 680 1691 nam
732 1663 866 1703 quum
913 1650 957 1690 in
1004 1649 1253 1701 vulgaribus
1302 1648 1356 1689 sit
1405 1648 1511 1698 dem,
1560 1648 1603 1689 in
1646 1649 1819 1701 optimo.

211 1722 327 1774 regio
367 1720 427 1774 (et
464 1722 601 1763 Paris.
643 1720 797 1773 altero)
837 1720 961 1770 idem,
1009 1722 1129 1773 patet
1176 1719 1257 1761 hoc
1297 1719 1563 1760 levissimum
1603 1719 1811 1760 mendum

214 1792 255 1833 in
306 1792 508 1834 inferiore
562 1792 799 1845 propagine
846 1791 1034 1833 melioris
1090 1790 1263 1832 familiae
1322 1791 1404 1832 isto
1460 1790 1589 1832 modo
1644 1803 1811 1832 correc-

212 1865 303 1904 tum
338 1876 446 1904 esse.

331 1934 378 1974 In
411 1947 445 1975 c.
482 1934 548 1983 15,
590 1934 659 1984 34,
700 1934 774 1975 ubi
808 1933 967 1974 editur:
1010 1933 1084 1974 Est
1125 1933 1218 1973 boni
1250 1933 1404 1973 iudicis
1428 1933 1580 1986 parvis
1612 1945 1660 1972 ew
1691 1931 1814 1972 rebus

213 2005 491 2045 coniectmum
521 2004 665 2057 facere
697 2005 1022 2059 uniuscuiusque
1055 2009 1090 2045 et
1129 2003 1374 2057 cupiditatis
1416 2007 1451 2042 et
1490 2003 1812 2053 incontinentioe,

213 2075 449 2116 tollendum
493 2079 608 2117 esset
648 2077 860 2117 bonorum
902 2076 1109 2116 librorum
1159 2075 1415 2116 auctoritate
1464 2075 1583 2127 prius
1631 2079 1678 2123 et,
1729 2088 1813 2127 quo

214 2145 362 2187 addito
394 2146 462 2186 hic
494 2159 580 2187 non
614 2147 755 2188 minus
795 2160 928 2200 prave
963 2147 1201 2187 coniunctae
1244 2146 1429 2187 notionis
1471 2145 1684 2187 vocabula
1727 2145 1814 2186 dis-

214 2218 457 2267 trahuntur,
499 2230 630 2270 quam
664 2217 1018 2259 distrahebantur
1050 2218 1106 2258 ad
1138 2217 1219 2258 hoc
1251 2219 1423 2269 tempus
1466 2216 1620 2257 eodem
1654 2215 1813 2258 mendo

216 2288 357 2328 amari
390 2290 432 2328 et
463 2288 587 2342 diliyi
618 2289 661 2329 in
694 2302 729 2329 c.
763 2289 832 2338 23,
872 2289 941 2338 51,
990 2288 1071 2329 nisi
1109 2287 1315 2341 gravioris
1355 2287 1501 2328 mendi
1541 2288 1728 2340 suspicio
1762 2299 1815 2328 ex

216 2371 266 2399 eo
297 2363 561 2409 nasceretur,
596 2359 712 2412 quod
744 2359 894 2412 optimi
917 2359 1084 2400 codices
1118 2357 1280 2411 (Haun.
1305 2358 1412 2409 coll.,
1448 2357 1585 2399 Guelf.
1612 2357 1656 2410 2)
1689 2358 1814 2398 conti-

215 2430 366 2470 nentioe
397 2429 573 2480 habent,
614 2430 753 2471 Guelf.
790 2432 809 2470 1
845 2432 991 2471 autem
1024 2429 1267 2484 cupiditatis
1306 2430 1579 2470 continentioe.
1642 2428 1814 2479 Vereor,

216 2512 269 2540 ne
302 2500 369 2541 hic
402 2513 572 2554 quoque
606 2502 784 2553 antiqua
816 2501 950 2542 lateat
996 2506 1247 2550 ινιπογραφιίι,
1291 2500 1509 2542 simillima
1541 2500 1645 2549 eius,
1681 2512 1813 2552 quam

217 2583 349 2623 supra
383 2584 434 2612 ex
466 2571 513 2620 V,
557 2572 627 2621 42,
675 2572 755 2613 1Οὸ
800 2572 949 2613 tollere
989 2574 1169 2614 conatus
1210 2584 1319 2621 sum,
1369 2571 1510 2623 sitque
1552 2583 1577 2612 a
1609 2570 1814 2612 Cicerone

256 2756 283 2799 1)
310 2758 423 2792 Paulo
449 2762 533 2792 ante
560 2758 605 2802 (6,
634 2759 692 2801 12)
720 2760 868 2794 retinuit
894 2759 1094 2804 Zumptius,
1134 2759 1230 2803 quod
1262 2769 1307 2792 ne
1340 2758 1377 2792 in
1403 2757 1642 2792 deterioribus
1668 2757 1815 2802 quidem

313 2817 415 2851 codd.
443 2821 507 2858 est,
534 2820 675 2852 vendita
701 2824 794 2852 sunt.
834 2819 912 2852 Non
938 2819 1056 2853 solum
1082 2818 1230 2852 omnino
1258 2817 1488 2851 incommoda
1514 2820 1567 2850 est
1586 2820 1683 2850 recta
1701 2815 1814 2850 oratio

314 2876 433 2910 Verris
460 2877 563 2920 quasi
590 2877 699 2911 verba
725 2878 977 2922 praecipientis,
1005 2878 1068 2912 sed
1094 2881 1173 2912 tum
1191 2887 1263 2911 non
1283 2879 1412 2921 aptum
1430 2878 1503 2910 hoec
1519 2878 1650 2910 omnia.
1691 2875 1815 2919 Itaque

314 2934 524 2969 etiamnunc
551 2946 594 2970 ex
619 2937 761 2970 vendita
788 2938 848 2970 sed
874 2936 1082 2970 faciendum
1108 2939 1195 2980 puto
1221 2937 1363 2970 vendita
1389 2946 1470 2969 esse.
