1915 3235
156 846 205 870 241

985 136 1070 178 596

228 267 339 307 Nam
382 266 618 307 hortamina
661 279 757 307 cum
801 265 1031 307 hortamini
1073 266 1351 308 coniunctum
1393 281 1507 317 esse,
1557 268 1827 321 eandemque

228 338 390 379 habere
422 337 736 378 terminationis
770 337 891 378 mirae
932 339 974 378 et
1006 337 1049 378 in
1083 339 1274 390 cognatis
1306 338 1460 391 linguis
1493 338 1666 380 abolitae
1699 340 1826 392 origi-

227 422 340 459 nem,
377 410 541 449 certum
575 413 653 458 est,
689 408 769 449 etsi
800 407 906 448 illud
937 408 1141 449 secundae
1175 413 1217 449 et
1248 410 1401 459 tertiae,
1442 409 1524 450 hoc
1555 411 1726 450 tantum
1757 423 1826 451 εθ-

228 480 379 521 cundae
412 492 611 532 personae
644 481 710 520 est
743 481 785 520 et
815 479 859 520 in
891 478 1124 520 indicativo
1146 480 1380 532 respondet
1400 480 1605 533 singulari
1626 480 1826 522 hortaris.

227 551 390 592 Eadem
424 563 708 603 personarum
741 549 1011 602 perturbatio
1057 552 1122 591 est
1163 550 1206 591 in
1249 551 1450 601 hortator,
1499 551 1618 592 cuius
1661 551 1827 604 plurale

226 624 397 663 tantum
430 622 568 662 tertiae
601 620 825 673 proprium
860 623 936 671 est,
986 622 1130 674 ipsum
1170 621 1303 662 etiam
1342 622 1578 663 secundam
1611 622 1826 675 complec-

225 693 350 742 titur;
384 694 426 733 et
458 695 606 733 tamen
638 693 772 744 patet,
808 692 1085 733 coniunctum
1117 692 1161 733 id
1194 705 1288 734 esse
1323 706 1420 734 cum
1452 693 1581 744 tertia
1605 692 1825 734 indicativi

225 777 426 817 persona,
460 765 509 803 ut
539 762 710 803 hortare
743 776 841 803 cum
873 763 1066 805 secunda
1099 767 1330 817 cognatum
1354 766 1419 805 θεῖ
1440 764 1508 805 vel
1529 763 1672 816 potius
1694 763 1825 804 idem.

227 835 428 876 Ceterum
462 847 543 875 usu
575 833 745 874 hortare
784 834 1009 886 praesentis
1051 847 1145 875 esse
1184 835 1389 885 dicemus,
1438 835 1640 888 hortator,
1687 835 1828 876 horta-

228 906 352 958 mino,
386 905 605 945 hortantor
636 904 770 945 futuri
803 904 902 958 (hoc
936 907 1000 946 est
1032 905 1201 958 imperii
1231 908 1396 947 certum
1418 908 1591 959 tempus
1615 908 1658 947 et
1680 905 1826 947 condi-

228 976 395 1017 cionem
429 973 702 1028 definientis),
737 975 968 1016 hortamini
1000 979 1043 1017 et
1075 977 1302 1029 praesentis
1327 979 1369 1018 et
1393 976 1537 1018 futuri.
1585 977 1826 1018 Rarissime

226 1049 308 1089 hoc
340 1048 384 1088 in
415 1047 570 1100 linguis
610 1046 670 1096 fit,
718 1049 767 1087 ut
804 1060 1091 1099 personarum
1131 1050 1247 1090 notae
1287 1050 1627 1097 commutentur;
1675 1048 1753 1089 sed
1784 1049 1828 1089 in

228 1131 361 1160 causa
393 1117 474 1159 fuit
505 1118 755 1170 infrequens
788 1118 944 1159 harum
978 1118 1219 1160 formarum
1252 1132 1370 1169 usus,
1404 1132 1501 1172 quae
1534 1119 1623 1160 fere
1656 1120 1699 1160 in
1723 1119 1824 1161 solis

227 1189 558 1242 deponentibus,
592 1202 671 1230 nec
703 1190 746 1230 in
778 1188 828 1230 iis
851 1202 983 1242 saepe,
1017 1189 1321 1231 audiebantur.
1370 1190 1458 1231 Nec
1481 1190 1565 1232 alia
1589 1194 1654 1231 θεῖ
1676 1203 1821 1240 causa,

227 1273 302 1301 cur
330 1259 565 1312 aliquanto,
601 1273 732 1312 quam
765 1262 956 1313 putatur,
999 1261 1158 1313 saepius
1190 1262 1358 1302 veteres
1391 1261 1531 1302 Latini
1562 1261 1607 1302 in
1638 1261 1828 1303 hortator

227 1333 269 1372 et
301 1331 520 1372 hortantor
551 1331 711 1384 passivi
743 1333 893 1372 notam
927 1331 1165 1372 abiecerint
1197 1332 1468 1385 dixerintque
1507 1332 1683 1383 hortato,
1732 1332 1826 1373 hor-

226 1406 353 1452 tahto,
396 1415 447 1443 ex
480 1415 578 1455 quo,
613 1402 647 1443 si
679 1402 854 1455 quando
887 1402 1241 1444 animadversum
1274 1405 1351 1453 est,
1385 1416 1472 1444 non
1504 1405 1620 1445 recte
1654 1403 1826 1445 conclu-

228 1473 355 1523 ditur,
390 1473 521 1514 etiam
553 1473 671 1514 horto
704 1473 882 1514 eosdem
915 1474 1105 1515 dicturos
1138 1473 1292 1523 fuisse3
1331 1487 1473 1527 neque
1505 1475 1620 1515 enim
1651 1475 1735 1516 hoc
1767 1474 1823 1516 ad

226 1544 357 1586 totius
390 1544 524 1595 verbi,
566 1544 644 1585 sed
684 1544 740 1585 ad
779 1544 917 1586 solam
950 1544 1194 1598 imperativi
1228 1544 1414 1586 formam
1446 1545 1646 1598 pertinet.
1719 1544 1827 1586 Utito

226 1615 293 1657 bis
327 1615 434 1657 dixit
466 1615 572 1657 Cato
613 1614 716 1668 (vid.
750 1615 993 1658 Schellerus
1029 1617 1071 1656 et
1102 1615 1366 1657 Ramshorn.
1399 1630 1441 1669 p.
1475 1613 1639 1669 205)1),
1682 1620 1827 1657 manto

228 1689 293 1728 θεῖ
338 1687 382 1728 in
430 1688 576 1728 vetere
623 1687 849 1740 plebiscito
898 1687 951 1728 de
1000 1686 1343 1728 Thermensibus
1383 1701 1424 1739 p.
1461 1687 1542 1728 146
1583 1687 1712 1728 Orell.
1753 1687 1822 1728 In-

227 1757 391 1810 scriptt.
425 1758 518 1799 Lat.
553 1756 614 1811 [p.
649 1758 703 1800 86
737 1757 913 1811 Bruns],
954 1758 1075 1798 nitito
1118 1760 1161 1799 et
1201 1758 1436 1812 campteoeato
1476 1758 1623 1800 Cicero
1656 1758 1827 1812 scripsit

228 1829 416 1882 (Fragm.
461 1829 513 1870 de
556 1829 622 1870 Re
664 1843 706 1882 p.
751 1829 868 1882 apud
910 1829 1165 1870 Diomedem
1210 1843 1251 1882 p.
1286 1829 1384 1879 330,
1433 1843 1512 1883 pro
1554 1829 1721 1871 Cluent.
1754 1829 1824 1880 44,

230 1898 344 1952 124),
378 1899 581 1953 idemque
613 1904 750 1941 taento
784 1904 825 1941 et
849 1901 1047 1954 patianto
1081 1899 1152 1953 (de
1186 1901 1313 1954 Legg.
1347 1901 1414 1951 ΙΙΙ,
1449 1901 1488 1951 3,
1524 1901 1546 1941 7
1583 1902 1624 1941 θῖ
1655 1901 1696 1951 4,
1733 1899 1826 1953 11);

227 1984 305 2023 pro
339 1970 571 2013 arbitrator
604 1972 656 2013 de
690 1972 740 2013 N.
764 1972 813 2013 D.
838 1972 886 2022 II,
920 1971 989 2021 29,
1025 1971 1081 2011 74
1114 1971 1376 2024 optimorum
1410 1971 1605 2013 codicum
1639 1971 1825 2013 auctori-

227 2044 293 2083 tas
326 2042 520 2094 postulat
558 2043 785 2093 arbitratm
833 2043 877 2084 in
915 2043 1009 2095 lege
1050 2042 1189 2083 Acilia
1230 2043 1358 2084 etiam
1400 2047 1584 2084 cemento
1623 2056 1702 2095 pro
1735 2056 1825 2083 oen-

226 2117 364 2153 sentor
396 2114 605 2166 scriptum
638 2116 702 2155 est
735 2112 788 2167 (c.
823 2113 878 2154 23
910 2127 952 2166 p.
977 2114 1031 2154 66
1055 2113 1275 2154 Haubold.
1310 2112 1469 2165 [Bruns
1501 2127 1543 2166 p.
1571 2112 1624 2153 67
1652 2126 1692 2153 V.
1717 2109 1826 2164 77]).

228 2182 427 2238 [Lar-yito
473 2184 517 2225 in
563 2185 656 2237 lege
704 2185 782 2226 col.
826 2184 901 2225 Iul.
941 2185 1071 2237 genit.
1111 2184 1201 2225 tab.
1235 2184 1308 2234 IV,
1351 2197 1385 2225 c.
1419 2184 1445 2225 3
1484 2197 1524 2225 v.
1564 2184 1639 2234 30,
1687 2183 1827 2224 Bruns

227 2268 268 2307 p.
306 2255 402 2295 126.
467 2255 551 2296 Cfr.
591 2255 643 2296 de
683 2257 775 2297 tota
807 2268 852 2296 re
886 2255 1006 2296 Neue
1038 2255 1252 2296 Formenl.
1287 2255 1327 2296 d.
1360 2255 1435 2296 lat.
1469 2255 1563 2308 Spr.
1596 2254 1633 2295 ΙΙ
1664 2268 1706 2307 p.
1740 2254 1825 2295 398

228 2338 321 2377 sqq.
356 2328 398 2366 et
429 2339 471 2378 p.
504 2325 626 2379 400]

265 2487 295 2531 ¹)
321 2488 464 2532 [lmmo,
491 2494 532 2524 ut
558 2490 647 2524 mihi
673 2490 808 2525 indicat
834 2490 1038 2535 Sieshyeus,
1067 2494 1195 2534 quater
1221 2489 1361 2524 codices
1386 2490 1480 2523 hanc
1498 2489 1655 2524 formam
1672 2489 1819 2533 habent,

323 2547 366 2590 ἐξ
393 2548 448 2590 96,
477 2548 554 2590 107,
589 2548 666 2591 123,
700 2549 783 2587 126;
818 2549 934 2584 trihus
960 2550 1039 2584 aliis
1065 2549 1151 2584 locis
1178 2549 1229 2583 sic
1254 2549 1365 2583 edidit
1391 2548 1526 2583 Keilius
1552 2548 1633 2583 sine
1656 2548 1820 2583 codicum

323 2608 554 2648 auctoritate3
575 2610 734 2651 praefato
760 2608 890 2653 legitur
915 2607 936 2651 ξ
963 2608 1044 2650 134,
1065 2611 1271 2652 persequtho
1297 2607 1317 2650 ἓ
1342 2606 1416 2650 49.]
