1915 3235
807 116 891 156 309

56 247 271 289 obiectum
305 247 370 287 est
408 245 493 286 lzoec
531 245 697 298 longius
737 242 1030 297 remotum).¹)
1093 246 1253 287 Verum
1293 247 1416 299 longe
1456 247 1539 288 alia
1578 261 1646 289 res

58 324 135 367 est,
168 316 242 358 ubi
275 316 519 357 accusativo
551 315 745 368 gerundii
777 328 862 357 non
895 315 1091 357 absolute
1125 317 1278 369 posito,
1312 317 1388 358 sed
1422 331 1446 358 a
1478 331 1645 371 praepo-

57 389 209 429 sitione
241 389 358 428 recto
391 387 660 428 accusativus
694 385 984 427 subiiciendus
1018 389 1123 427 erat.
1186 387 1250 428 Ibi
1289 389 1416 438 enim,
1458 391 1499 429 et
1531 389 1648 441 quod

55 459 299 500 necessario
331 457 388 498 ad
409 457 730 498 substantivum
753 457 943 498 tenditur
965 457 1180 509 loquendo
1204 462 1245 499 et
1266 461 1444 511 propter
1465 459 1647 500 similem

59 543 220 578 casum,
268 541 491 581 nunquam
531 527 759 568 distinetur
792 527 1062 580 gerundium,
1112 528 1215 581 quin
1246 529 1519 582 participium
1552 530 1647 579 fiat;

57 613 106 641 ac
138 613 192 641 ne
224 598 545 651 antiquissimos
585 598 758 650 quidem
801 598 1030 650 scriptores
1069 599 1151 640 isto
1189 599 1319 641 modo
1361 600 1517 641 dixisse
1556 614 1648 641 me-

58 670 180 719 mini;
215 670 362 711 Cicero
385 668 558 729 quidem
592 673 634 709 et
656 669 843 721 aequales
868 671 909 710 et
930 670 1204 722 posteriores,
1237 683 1291 711 ne
1313 671 1451 723 poetis
1475 671 1649 723 quidem

59 740 262 794 exceptis,
295 740 423 793 plane
455 739 770 781 abstinuerunt.
834 740 892 780 At
924 740 1123 792 exempla
1155 742 1369 782 contraria
1402 745 1514 782 sunt.
1578 742 1649 782 Vi—

57 811 237 853 deamus
277 810 404 863 igitur
442 810 514 851 illa
556 810 766 862 exempla,
817 823 913 862 quae
960 810 1104 851 multis
1138 811 1325 853 millibus
1359 815 1648 865 opponuntur.

56 883 249 923 Primum
283 881 393 922 Otto·
424 880 484 933 (in
524 880 623 922 edit.
658 881 832 922 Catonis
865 881 963 922 Mai.
1001 881 1113 922 Add.
1147 896 1189 934 p.
1224 882 1340 935 246),
1382 896 1515 935 quum
1555 883 1649 924 reli-

56 966 141 1005 qua
181 952 380 1005 exempla
420 952 699 994 Ciceroniana
748 951 852 1004 (non
891 952 935 992 in
974 953 1297 1004 praepositione,
1347 967 1487 1006 neque
1536 955 1650 995 enim

55 1024 148 1065 haec
181 1023 394 1073 discrevit,
436 1023 512 1064 sed
552 1023 726 1064 omnino
765 1023 999 1064 accusativi
1040 1024 1286 1065 accusativo
1319 1025 1514 1076 gerundii
1546 1025 1649 1066 sub-

56 1093 169 1147 iecti)
203 1095 365 1135 incerta
398 1093 571 1143 diceret,
621 1096 785 1134 certum
829 1096 976 1134 tamen
1015 1094 1196 1146 putavit,
1246 1095 1361 1147 quod
1394 1096 1501 1137 solet
1534 1096 1651 1148 apud

57 1165 285 1218 plerosque
319 1178 474 1217 agmen
514 1164 683 1213 ducere,
733 1167 956 1217 sumptum
1001 1178 1052 1205 ex
1085 1164 1139 1205 ΙΙΙ
1180 1165 1222 1205 in
1266 1165 1358 1206 Cat.
1393 1167 1431 1215 8,
1467 1167 1543 1207 20:
1594 1166 1651 1206 ad

48 1235 309 1290 placandum
338 1235 446 1276 deos.
509 1236 667 1276 Verum
700 1249 786 1277 non
827 1236 966 1277 solum
1007 1235 1103 1276 edd.
1148 1237 1460 1288 antiquissimae
1501 1236 1650 1289 (etiam

55 1320 93 1348 a.
130 1307 242 1347 1472
291 1309 333 1347 et
383 1304 532 1358 1480),
581 1306 658 1347 sed
706 1307 886 1355 codices,
937 1306 989 1347 de
1038 1307 1195 1358 quibus
1243 1307 1417 1359 quidem
1467 1310 1648 1358 constat,

55 1390 204 1418 omnes
246 1377 483 1431 placandos
529 1377 704 1426 habent,
753 1380 801 1417 ut
840 1376 1102 1430 placandum
1150 1378 1254 1417 nihil
1302 1378 1355 1418 sit
1402 1379 1482 1419 nisi
1531 1392 1649 1420 error

57 1448 253 1489 editionis
301 1448 480 1489 alicuius
528 1448 583 1489 ob
631 1448 898 1489 reconditam
947 1447 1107 1488 scilicet
1154 1448 1413 1500 elegantiam
1453 1449 1650 1502 religiose

56 1521 333 1571 propagatus.
397 1518 598 1571 (Orellius
632 1520 761 1560 etiam
805 1520 913 1559 male
945 1519 1129 1559 alterum
1163 1519 1291 1560 scribi
1324 1519 1535 1572 annotat.)
1600 1521 1652 1562 Et

58 1589 179 1630 addit
210 1589 390 1631 Beckius
424 1591 554 1631 etiam
588 1589 896 1639 defensionem,
946 1588 1031 1629 vim
1072 1603 1245 1631 omnem
1279 1604 1372 1631 esse
1405 1591 1447 1631 in
1472 1591 1650 1644 placan-

24 1695 27 1698 .
54 1660 166 1711 dum,
202 1661 318 1713 quod
349 1661 540 1702 studiose
573 1663 774 1714 repetunt
806 1663 849 1701 et
882 1660 964 1709 alii,
1001 1665 1042 1701 et
1065 1661 1136 1713 qui
1160 1661 1518 1711 distinctionibUS,
1554 1675 1650 1714 quae

53 1745 106 1773 ne
140 1732 196 1773 ad
228 1745 361 1772 unum
403 1732 578 1784 quidem
619 1745 670 1772 ex
710 1732 855 1773 multis
898 1732 1038 1773 allatis
1082 1732 1288 1784 exemplis
1332 1732 1650 1773 accommodari

53 1803 219 1856 possint
251 1816 391 1855 neque
424 1803 509 1844 ullo
542 1803 671 1844 modo
705 1816 756 1843 ex
789 1802 991 1855 loquendi
1024 1802 1191 1855 generis
1224 1805 1381 1843 natura
1414 1806 1456 1843 et
1488 1803 1648 1856 origine

55 1874 160 1924 elici,
196 1874 319 1915 valde
354 1874 604 1923 delectatur,
638 1873 970 1914 Ramshornius.
1019 1873 1105 1913 Sed
1137 1886 1224 1914 non
1250 1873 1409 1922 dicunt,
1445 1887 1540 1926 quae
1566 1874 1649 1915 ista

54 1945 108 1985 sit
149 1945 369 1997 praecipua
417 1944 601 1997 dignitas
644 1943 843 1985 vocabuli
887 1956 941 1983 ne
985 1944 1041 1984 ad
1081 1943 1197 1984 aliud
1229 1944 1402 1996 quidem
1437 1944 1650 1986 contrarie

56 2015 191 2065 relati,
226 2018 301 2056 aut
333 2029 430 2067 quae
463 2016 599 2068 possit
632 2028 725 2056 esse
758 2015 933 2055 omnino
967 2014 1009 2053 in
1041 2014 1123 2054 hac
1147 2027 1193 2054 re
1216 2015 1412 2067 gerundii
1435 2015 1650 2068 singulare

56 2091 345 2134 momentum
393 2099 495 2127 nam
539 2087 581 2127 in
624 2086 854 2126 verborum
900 2083 1049 2126 ordine
1081 2085 1123 2125 id
1157 2086 1273 2126 cerni
1304 2086 1528 2138 putabam,
1579 2087 1651 2139 qui

90 2236 118 2280 1>
145 2239 184 2273 L.
211 2239 477 2273 Ramshornius
509 2239 545 2273 in
579 2239 776 2273 Grammat.
811 2238 832 2280 ξ
860 2236 926 2270 169
953 2240 1026 2271 not.
1055 2237 1073 2269 1
1108 2248 1128 2271 a
1161 2237 1255 2278 fecit,
1295 2239 1392 2281 quod
1424 2240 1498 2273 fere
1533 2240 1650 2274 facere

146 2298 248 2339 50101,
276 2301 316 2332 111
341 2299 442 2332 nulla
467 2298 607 2332 ratione
633 2298 767 2332 menda
793 2297 901 2331 unius
928 2297 1121 2330 alteriusve
1149 2296 1280 2331 codicis
1306 2300 1369 2331 aut
1395 2298 1553 2341 vulgaris
1580 2299 1650 2332 edi-

147 2357 254 2391 tionis
287 2361 434 2391 511011υο
467 2357 619 2401 colligat.
678 2357 717 2390 In
749 2357 763 2390 Ι
797 2357 840 2390 de
867 2356 934 2390 Off.
968 2359 1091 2389 tamen
1126 2367 1154 2390 c.
1182 2355 1225 2388 31
1260 2366 1355 2390 unus
1387 2356 1505 2390 honus
1538 2357 1650 2391 codex

146 2416 321 2450 mendum
348 2416 468 2457 habet,
495 2420 615 2450 ortum
642 2427 685 2450 ex
711 2415 928 2460 praecedenti
946 2416 1188 2456 moriundum,
1215 2414 1362 2458 reliquis
1381 2426 1508 2449 verum
1528 2419 1650 2450 1011011-

147 2475 254 2509 tibus.
306 2475 374 2509 Sed
401 2475 476 2509 Cat.
505 2474 559 2516 1⁶2,
597 2474 643 2508 4⁶2
675 2476 873 2509 notandum
905 2476 1036 2517 putavi
1072 2474 1254 2507 libidinem
1292 2477 1328 2507 et
1361 2473 1583 2517 optimorum
1615 2478 1650 2508 et

149 2534 387 2568 mediocrium
419 2534 634 2568 auctoritate
667 2534 808 2578 pridem
841 2533 956 2568 cessit.
1013 2532 1109 2575 Quid
1147 2533 1191 2567 de
1229 2543 1271 2566 eo
1309 2532 1439 2574 dicam,
1478 2533 1575 2577 quod
1607 2545 1651 2568 ex

148 2596 236 2627 orat.
255 2604 320 2637 pro
339 2593 409 2626 Mil.
430 2593 473 2626 19
500 2592 697 2627 testimonii
722 2593 801 2627 loco
827 2591 939 2636 ponit,
967 2602 1041 2626 non
1067 2591 1146 2625 dico
1172 2591 1336 2635 peiorum
1359 2591 1525 2626 codicum
1543 2592 1651 2636 scrip-

148 2655 268 2686 turam
295 2651 437 2696 pridem
463 2663 506 2686 ex
532 2651 678 2696 optimis
712 2654 903 2689 mutatam,
943 2650 1005 2684 sed
1044 2661 1088 2684 ex
1125 2650 1186 2684 illa
1224 2653 1345 2684 ortum
1381 2651 1650 2695 apertissimum

148 2721 307 2744 errorem
334 2711 491 2745 duorum
516 2711 618 2745 codd.
641 2710 913 2751 Oxoniensium,
941 2713 1004 2744 aut
1030 2709 1127 2753 quod
1152 2709 1359 2743 Pacuviano
1385 2721 1492 2744 versu
1519 2714 1553 2744 et
1574 2709 1650 2754 ipso

149 2769 258 2803 dubio
292 2773 467 2814 tanquam
501 2770 681 2805 Ciceronis
714 2768 832 2803 verbis
865 2768 925 2809 (de
950 2768 1068 2803 Divin.
1095 2769 1120 2812 Ι,
1155 2768 1211 2810 57,
1246 2768 1328 2811 131)
1367 2769 1504 2803 utitur?
1542 2769 1650 2813 Apud

148 2828 327 2862 Caesarem
352 2829 392 2863 B.
419 2829 458 2863 G.
485 2829 552 2870 ΙΙΙ,
585 2828 628 2861 14
661 2832 697 2862 01
728 2829 833 2871 longe
866 2828 1013 2871 plurimi
1040 2828 1141 2862 codd.
1169 2831 1204 2862 et
1230 2839 1368 2869 omnes,
1407 2839 1563 2872 quorum
1590 2827 1649 2861 ali-

149 2887 245 2930 quod
271 2891 325 2921 est
351 2888 520 2932 pretium,
547 2890 724 2931 respuunt
743 2885 927 2920 horridam
946 2886 1046 2921 illam
1064 2886 1357 2921 coniunctionem
1375 2887 1651 2929 eoespectandwn

148 2947 304 2980 classem.

1670 895 1721 920 362
