1915 3235
131 1109 183 1134 227

134 1605 185 1631 228

959 120 1042 161 184

199 251 242 290 in
277 251 415 291 curias
450 249 714 299 convenisse,
749 263 835 291 non
867 249 1059 302 negarim
1095 248 1188 302 (cfr.
1222 248 1344 289 Nieb.
1379 248 1414 288 ΙΙ
1447 262 1488 301 p.
1523 246 1639 300 261).
1701 248 1797 289 Iure

201 326 347 362 autem
381 320 640 361 Niebuhrius
674 321 877 362 observat
910 320 975 374 (ΙΙ,
1010 318 1098 372 52),
1146 319 1190 360 in
1230 319 1296 360 his
1335 319 1643 372 antiquissimis
1684 319 1798 361 colo-

201 391 280 432 niis
314 391 491 432 coloniae
523 404 682 432 nomen
714 392 887 444 proprie
919 391 1177 444 pertinuisse
1217 392 1388 431 tantum
1427 390 1483 431 ad
1523 392 1682 430 coetum
1720 390 1800 431 ho-

202 462 366 503 minum
401 461 698 512 deductorum,
733 475 759 503 a
792 462 1009 503 veteribus
1042 461 1190 503 incolis
1223 461 1265 502 in
1298 463 1423 514 parte
1457 461 1546 514 agri
1580 463 1622 502 et
1653 459 1801 514 oppidi

202 532 358 573 relictis
376 537 603 583 secretum,
639 532 768 586 idque
793 536 952 586 praeter
976 533 1247 574 definitiones
1273 532 1539 573 coloniarum
1562 536 1801 584 sequuntur

203 603 332 644 etiam
378 603 650 655 aliquatenus
692 603 882 645 historiae
925 604 1175 657 scriptores,
1225 605 1296 656 qui
1347 616 1597 656 quanquam
1642 602 1802 655 oppida

202 674 400 715 universe
450 675 637 715 colonias
687 675 928 728 appellant,
978 680 1122 715 tamen
1173 675 1332 715 colonos
1379 688 1404 715 a
1453 673 1604 715 ceteris
1653 672 1800 713 incolis

203 758 318 798 saepe
353 745 620 798 distinguunt
654 745 710 798 (v.
745 759 779 787 c.
814 736 990 800 Dionys]
1024 746 1128 796 VIII,
1167 746 1240 786 14:
1279 750 1333 782 ἐπὶ
1361 753 1546 793 Κιρκαίαν
1571 745 1687 787 πόλιν,
1717 747 1755 780 ἐν
1780 740 1803 793 ᾗ

203 821 393 864 κληροῦχοι
414 818 598 865 ‘Parnason‘
618 819 708 862 ἦσαν
727 820 803 867 ἅμα
824 824 895 859 τοῖς
909 822 1115 867 ἐπιχωρίοις
1139 815 1440 869 πολιτευόμενοι),
1474 816 1585 856 Nam
1599 828 1695 868 quae
1708 814 1804 855 HUI-

202 888 264 928 los
298 887 481 928 haberet
513 890 681 929 veteres
714 889 890 939 incolas,
932 889 1042 930 inter
1074 891 1153 930 has
1187 889 1386 941 antiquas
1420 900 1506 928 una
1540 899 1803 927 commemo-

202 963 323 999 ratur
356 958 490 1009 Ostia,
540 960 758 1000 maritima
800 960 871 1013 (de
910 974 994 1012 quo
1035 973 1192 1013 genere
1232 959 1361 1012 paulo
1394 960 1493 1011 post
1526 955 1698 1010 dicam),
1748 957 1803 997 ad

203 1029 370 1070 Ancum
405 1029 615 1071 Marcium
647 1044 734 1072 non
767 1031 1061 1081 deductorem,
1103 1031 1179 1072 sed
1219 1031 1484 1072 conditorem
1525 1029 1662 1069 relata
1696 1027 1802 1081 (Liv.

204 1101 232 1149 I,
269 1101 336 1150 33,
373 1101 458 1142 Cic.
493 1101 545 1141 de
578 1102 630 1142 R.
655 1102 701 1142 P.
737 1102 784 1152 ΙΙ,
822 1103 888 1152 18,
922 1102 1073 1156 Polyb.
1106 1102 1173 1152 VI,
1209 1104 1247 1152 2,
1282 1101 1321 1151 9,
1355 1101 1531 1154 Dionys.
1563 1099 1702 1141 Halic.
1735 1098 1803 1149 ΙΙΙ,

202 1172 272 1221 44,
307 1172 457 1225 Steph.
491 1173 669 1226 Byzant.
705 1172 819 1226 cet.).
883 1174 1032 1226 Itaque
1067 1186 1118 1214 ea
1150 1186 1376 1225 nunquam
1410 1171 1618 1212 defecisse
1650 1183 1804 1211 narra-

203 1248 293 1293 tur3
343 1246 586 1285 ceterarum
628 1247 796 1285 veteres
835 1245 986 1286 incolae
1026 1245 1276 1297 frequenter
1307 1243 1553 1284 libertatem
1587 1241 1806 1282 vindicare

205 1315 346 1355 conati
380 1315 625 1365 traduntur,
675 1317 832 1368 quibus
871 1315 1194 1356 narrationibus
1227 1320 1274 1355 ut
1306 1312 1568 1367 singulatim,
1618 1311 1806 1353 maxime

203 1387 246 1426 in
278 1386 342 1436 iis,
384 1400 479 1439 quae
515 1386 567 1427 de
601 1386 840 1428 (lamerinis
874 1386 1114 1439 ceterisque
1146 1385 1369 1427 Romuleis
1402 1384 1647 1434 traduntur,
1688 1383 1807 1424 nulla

204 1457 312 1498 fides
346 1458 412 1500 sit.
461 1457 662 1497 universa
702 1470 771 1498 res
805 1458 909 1498 satis
944 1459 1010 1498 est
1042 1459 1172 1506 certa,
1224 1456 1473 1509 factumque
1506 1456 1622 1496 idem
1653 1457 1807 1508 postea

205 1529 291 1569 iam
325 1531 493 1569 mutata
528 1527 798 1580 aliquantum
832 1528 972 1569 forma
1012 1541 1172 1569 rerum.
1237 1527 1386 1569 Coloni
1419 1526 1700 1568 eiiciebantur
1733 1527 1808 1566 aut

205 1596 634 1652 interficiebantuffl),
684 1602 731 1640 ut
771 1600 956 1640 multum
998 1601 1160 1649 errent,
1211 1599 1282 1651 qui
1322 1600 1401 1640 hos
1441 1600 1558 1652 ipsos
1600 1596 1808 1638 defecisse

301 1778 470 1812 videntur
496 1778 617 1818 fuisse,
657 1778 785 1811 missos
818 1777 951 1817 scribit,
991 1781 1026 1811 et
1052 1788 1083 1810 a.
1110 1776 1177 1809 384
1211 1776 1392 1809 Satricum
1425 1775 1496 1809 duo
1523 1775 1637 1808 millia
1662 1774 1806 1814 civium,

305 1837 365 1881 qui
398 1848 573 1871 numerus
606 1840 732 1881 postea
759 1843 803 1879 (a.
833 1836 913 1878 183)
947 1835 1207 1870 Mutinensium
1240 1839 1276 1869 et
1309 1834 1565 1868 Parmensium
1597 1834 1809 1868 colonorum

302 1897 436 1931 civium
464 1897 540 1930 fuit.
593 1896 663 1930 Sed
690 1896 765 1929 haec
793 1896 837 1929 ad
864 1896 925 1929 illa
951 1899 1118 1939 tempora
1143 1905 1216 1928 non
1249 1894 1442 1938 pertinent,
1476 1893 1607 1937 quibus
1640 1892 1810 1936 vigebant

303 1956 421 1996 curi-ee,
456 1959 490 1990 et
523 1956 567 1989 ad
595 1955 703 1989 aliam
731 1955 887 1989 formam
914 1955 1139 1989 coloniarum
1166 1956 1341 1997 spectant.
1393 1951 1588 1993 Plutarchi,
1622 1951 1683 1995 qui
1708 1951 1809 1985 Fide-

302 2027 367 2049 nas
395 2026 415 2048 a
433 2015 590 2049 Romulo
609 2015 710 2048 MMD
738 2014 885 2048 colonos
911 2014 1040 2048 missos
1066 2013 1190 2047 scribit
1216 2011 1334 2054 (Rom.
1364 2024 1391 2046 c.
1419 2010 1490 2053 23),
1519 2011 1596 2045 iure
1623 2010 1714 2044 ratio
1734 2021 1807 2044 non

303 2075 467 2108 habetur.

245 2132 274 2174 ¹)
300 2133 481 2167 Camerini
507 2133 715 2167 deficientes
746 2130 823 2168 τούς
847 2132 914 2177 μὲν
939 2130 1148 2164 ἀπέκτειναν
1186 2133 1256 2163 τῶν
1281 2130 1443 2169 ἐποίκων,
1476 2127 1554 2165 τούς
1585 2126 1624 2160 0²
1650 2127 1812 2170 ἐξέβαλον

303 2192 465 2236 (Dionys.
494 2192 541 2232 ΙΙ,
581 2191 651 2234 54).
709 2193 836 2236 Itaque
868 2192 1047 2226 Romulus
1080 2191 1184 2225 victis
1216 2194 1347 2235 praeter
1378 2189 1529 2223 tertiam
1562 2191 1704 2233 partem
1737 2187 1812 2232 agri

305 2255 388 2284 ante
421 2251 631 2295 ademptam
665 2252 819 2285 alteram
851 2251 997 2285 tertiam
1030 2254 1173 2295 partem
1214 2249 1349 2284 ademit
1388 2247 1465 2291 (cfr.
1494 2248 1588 2282 Plut.
1621 2248 1726 2281 Rom.
1753 2246 1810 2289 24,

305 2309 377 2353 qui,
417 2321 529 2353 quum
562 2310 635 2344 iam
669 2310 749 2344 duae
781 2314 902 2354 partes
935 2311 1010 2354 agri
1046 2311 1257 2344 colonorum
1290 2310 1421 2345 essent,
1460 2309 1530 2338 τῶν
1564 2303 1812 2350 ὖπομενόντων

305 2372 501 2413 Καμερίιω]
527 2368 732 2405 διπλασίους
758 2368 796 2402 ἐκ
820 2366 957 2414 Ῥώμης
977 2370 1249 2408 κατοικισθῆναι
1275 2366 1423 2408 narrat).
1463 2366 1631 2400 Veientes
1650 2363 1810 2409 (Dionys.

306 2429 347 2470 II,
375 2428 433 2470 54)
461 2440 481 2461 a
506 2429 664 2462 Romulo
690 2428 889 2472 postulant,
916 2433 956 2462 ut
982 2428 1126 2462 Fidenis
1152 2426 1362 2471 praesidium
1388 2422 1465 2468 (τήν
1483 2421 1660 2469 φρουράν)
1681 2424 1812 2458 educat

307 2499 506 2531 agrumque
539 2488 719 2531 prioribus
752 2488 908 2521 dominis
940 2489 1079 2522 reddat.
1131 2486 1215 2530 (Cfr.
1248 2485 1364 2519 simile
1398 2484 1656 2518 Auruncorum
1690 2487 1811 2527 postu-

307 2548 421 2581 latum
461 2547 557 2590 apud
596 2547 699 2580 Dion.
739 2547 803 2587 VI,
847 2545 918 2589 32.)
981 2547 1124 2581 Fidenae
1170 2546 1215 2579 ab
1259 2544 1418 2579 Etruscis
1464 2546 1578 2587 captae
1616 2545 1811 2576 narrantur

307 2603 568 2638 στασιασάντων
593 2602 680 2649 πρὸς
705 2602 877 2645 ἀλλήλους
903 2607 972 2638 τῶν
997 2605 1036 2637 ἒν
1062 2602 1146 2650 αὐτῇ
1172 2603 1292 2646 (Dion.
1311 2604 1370 2644 III,
1398 2601 1467 2645 57),
1495 2613 1539 2636 ex
1566 2602 1697 2645 quibus
1723 2611 1811 2635 non-

307 2666 396 2700 nulli
424 2668 527 2699 erant
553 2664 685 2696 ἔποικοι
712 2663 770 2695 καὶ
797 2667 951 2708 φρουροί
975 2663 1061 2705 (ibd.
1088 2663 1132 2696 58
1159 2662 1273 2704 extr.)
1325 2662 1455 2696 Postea
1481 2660 1671 2705 aliquoties
1698 2663 1812 2704 captae

308 2727 513 2763 narrantur,
541 2724 642 2757 nulla
667 2723 809 2757 adiecta
835 2724 984 2757 coloniae
1002 2723 1205 2760 mentione;
1234 2721 1363 2755 deinde
1382 2720 1522 2754 colonia
1540 2730 1634 2753 nova
1655 2719 1806 2753 deducta

308 2784 463 2818 traditur
496 2782 550 2825 (V,
584 2781 654 2825 43).
705 2783 838 2817 Iisdem
877 2782 1021 2816 Fidenis
1058 2784 1185 2826 postea
1223 2780 1267 2823 (a.
1294 2778 1388 2821 428),
1427 2790 1542 2823 quum
1579 2778 1688 2822 paulo
1726 2780 1811 2811 ante

308 2846 390 2887 post
416 2841 668 2883 defectionem,
695 2841 731 2875 in
759 2853 831 2885 qua
858 2842 965 2885 legati
983 2839 1141 2875 Romani
1166 2839 1347 2874 interfecti
1373 2841 1486 2879 erant,
1513 2837 1672 2872 subactae
1690 2839 1811 2871 essent

308 2902 384 2936 Liv.
403 2902 460 2943 IV,
488 2899 556 2943 17),
583 2911 787 2945 parumque
814 2900 856 2934 iis
875 2900 1092 2940 crederetur,
1120 2900 1323 2933 colonorum
1350 2899 1496 2931 additus
1520 2906 1691 2930 numerus
1709 2906 1811 2939 ωρον-

310 2973 374 3005 que
403 2963 447 2994 ils
480 2961 564 2994 bello
599 2961 892 3002 interemptor-mn
924 2961 1133 3001 assimitatus
1166 2957 1255 2999 (Liv.
1282 2956 1340 2998 IV,
1372 2954 1442 2998 30).
1492 2955 1593 2989 Idem
1625 2954 1811 2989 accidebat
