1915 3235
931 123 1014 163 268

175 257 230 297 4⁴3
264 258 310 296 ut
342 254 445 296 nihil
479 253 737 294 mutandum
770 252 897 293 fuerit
931 254 1080 294 contra
1113 252 1250 298 codd„
1300 252 1541 305 praesertim
1580 253 1623 294 in
1655 253 1769 294 inso—

175 327 278 367 lenti
312 327 527 366 structura
561 323 778 374 orationis⁷
812 326 960 364 tamen
992 326 1161 365 tantum
1196 323 1360 372 aberat,
1394 325 1442 364 ut
1471 323 1652 364 dubium
1677 336 1770 365 esse

104 408 155 433 330
176 397 366 445 deberet,
402 396 504 448 quin
538 395 661 436 aliter
693 396 816 435 vetus
851 399 1074 435 enarrator
1098 394 1283 447 legisset,
1318 395 1437 435 cuius
1463 407 1612 435 veram
1637 395 1770 447 scrip-

176 470 319 509 turam
353 466 565 520 (0›·at250m'‚
614 467 662 506 ut
695 468 760 506 est
799 465 842 506 in
876 465 941 506 ed.
974 465 1003 515 I7
1053 478 1140 506 non
1172 465 1375 506 orationis
1406 464 1592 514 inm'clioe,
1641 467 1689 506 ut
1721 478 1772 506 ex

176 538 391 581 Ciceronis
433 539 635 578 contextu
674 534 1006 589 interpolarunt)
1056 535 1248 577 Graevius
1297 549 1349 576 ex
1396 547 1474 577 suo
1523 535 1772 588 apographo

177 608 413 657 annotavit,
463 610 509 648 ut
548 621 626 660 pro
660 606 897 648 certissimo
930 607 1181 660 ponendum
1215 609 1340 656 esset,
1390 606 1772 659 grammaticorum

175 683 371 721 veterum
415 681 544 720 aetate
592 678 719 731 Vulgo
767 678 808 718 in
858 677 1076 718 codicibus
1125 678 1255 719 fuisse
1304 678 1499 719 orationi.
1563 677 1675 718 Nam
1715 676 1773 718 sic

176 754 334 805 praeter
366 751 566 799 Nonium7
602 762 730 802 quem
764 748 834 789 alii
868 748 1013 798 citant,
1048 749 1272 802 Zumptius
1298 748 1484 802 negligit,
1518 747 1619 801 legit
1643 748 1773 789 etiam

176 824 417 864 Arusianus
450 822 616 862 Messus
650 818 708 873 (p.
736 820 820 860 259
854 820 1047 860 Lindem.
1083 818 1175 872 [VII
1207 833 1249 872 p.
1275 820 1357 861 507
1385 818 1534 872 Keil.];
1567 818 1774 860 mendose

177 894 396 936 scribitur:
432 893 593 934 Poteris
626 892 683 932 eis
714 891 901 931 oratione
933 890 1084 941 ..sethim7
1119 890 1196 931 sed
1228 890 1388 931 lemnia
1422 892 1505 931 est:
1550 889 1679 931 Subeo
1711 890 1777 930 illi

177 963 271 1018 rei).
335 964 398 1005 Ac
431 963 568 1011 video,
619 962 721 1015 quid
761 962 843 1002 dici
883 962 1038 1015 possit3
1086 961 1294 1002 invidiam
1332 962 1536 1002 orationis
1576 959 1641 1013 (ut
1674 960 1776 1002 alibi

174 1036 351 1089 foederis
384 1033 655 1086 Numantini)
697 1046 790 1074 esse
831 1046 941 1083 eam,
991 1046 1088 1085 quae
1137 1045 1187 1073 ex
1235 1033 1429 1074 oratione
1475 1031 1686 1073 invidiosa
1730 1032 1775 1074 in

178 1107 321 1160 ipsum
355 1108 572 1147 oratorem
607 1105 836 1153 excitetur;
886 1117 983 1145 eain
1022 1103 1161 1144 subire
1201 1116 1295 1144 esse
1336 1103 1496 1144 audere
1536 1103 1579 1144 id
1620 1103 1774 1151 dicere,

179 1178 293 1231 quod
326 1177 533 1218 invidiam
566 1176 740 1225 lrabeat7
776 1175 891 1227 quod
923 1174 966 1215 in
998 1174 1113 1215 hunc
1145 1175 1285 1215 locum
1314 1188 1400 1216 non
1426 1175 1554 1215 cadit.
1603 1174 1777 1215 Dicetur

179 1251 341 1298 contra,
390 1248 651 1289 locutionem
693 1259 787 1288 esse
827 1245 1098 1299 ambiguani;
1148 1246 1453 1298 grammaticos
1487 1244 1583 1298 (nec
1616 1244 1659 1285 id
1691 1257 1778 1286 non

178 1320 281 1361 alibi
315 1318 526 1371 fecerunt)
561 1332 612 1359 ex
645 1318 727 1359 levi
760 1317 931 1367 mendo,
967 1316 1199 1357 omissione
1225 1317 1377 1357 litterae
1410 1331 1429 1357 5·
1461 1318 1562 1358 ante
1595 1316 1775 1357 alteram

178 1406 209 1440 s,
244 1391 420 1432 inducta
453 1390 563 1431 falsa
596 1388 942 1441 interpunctione
974 1388 1157 1440 figuram
1191 1387 1475 1441 syntacticain
1508 1387 1695 1428 finxisse.

297 1462 448 1503 Altera
496 1463 560 1501 est
609 1462 650 1501 et
697 1459 825 1500 latius
874 1461 1027 1511 patens
1074 1472 1099 1499 a
1141 1458 1340 1511 Zumptio
1388 1458 1441 1499 de
1485 1457 1777 1510 compluribus

179 1534 282 1574 locis
316 1531 597 1574 dissentiendi
631 1544 774 1581 causa,
825 1530 940 1583 quod
972 1530 1006 1571 is
1040 1530 1151 1570 inter
1184 1529 1350 1571 codices
1384 1528 1571 1570 melioris
1605 1528 1778 1570 familiae

275 1722 410 1756 cultate
448 1732 520 1755 non
560 1721 646 1755 satis
680 1720 934 1754 animadversa
968 1730 1033 1753 nec
1067 1718 1101 1752 vi
1136 1718 1330 1751 verborum
1357 1720 1554 1761 perspecta.
1606 1719 1778 1761 Lapidem

277 1783 407 1815 eoedere
433 1791 506 1814 non
533 1791 611 1814 esse
644 1779 802 1824 lapidem
836 1782 995 1813 veterem
1027 1778 1105 1811 loco
1144 1778 1347 1811 detractum
1385 1777 1512 1811 leviter
1550 1777 1708 1820 expolire
1747 1780 1781 1811 et

276 1851 462 1884 reponere,
491 1840 648 1873 ostendit
675 1850 762 1873 sane
789 1849 876 1872 usus
902 1837 1074 1881 loquendi
1101 1840 1136 1870 et
1163 1837 1365 1880 lapicidinae
1391 1836 1626 1874 vocabulum
1662 1847 1727 1870 nec
1752 1836 1781 1869 is

276 1899 379 1943 lapis,
406 1898 467 1942 qui
494 1898 567 1932 iam
595 1898 631 1932 in
657 1898 735 1931 loco
762 1901 850 1939 erat,
877 1898 1138 1941 apportandus,
1172 1896 1232 1929 sed
1261 1895 1491 1940 reponendus
1518 1898 1604 1929 erat.
1656 1895 1782 1938 Itaque

276 1969 424 2002 prorsus
451 1957 673 1991 contrarium
701 1957 840 1998 dicitur,
881 1968 921 1990 ac
958 1956 1027 1990 dici
1053 1956 1171 1995 debet,
1210 1957 1424 1998 rectumque
1450 1957 1554 1995 esset,
1593 1954 1622 1988 si
1648 1954 1782 1988 ironice

277 2017 441 2052 dixisset:
480 2018 596 2061 Lapis
635 2018 785 2061 aliquis,
824 2018 926 2049 eredo
965 2018 1049 2056 cet.‚
1089 2025 1162 2048 non
1200 2013 1362 2048 subiecto
1401 2025 1496 2047 nam.
1568 2013 1688 2058 Atque
1720 2017 1782 2048 aut

277 2076 484 2111 huiusmodi
518 2076 737 2110 sententiam
771 2075 946 2109 ironicam
979 2077 1042 2108 aut
1079 2073 1412 2117 interrogationem,
1451 2073 1607 2107 fueritne
1645 2072 1780 2116 aliquid

277 2137 353 2170 veri
385 2136 503 2180 operis
537 2136 754 2175 faciendum,
788 2136 912 2178 aperte
945 2133 1130 2177 postulant
1163 2132 1283 2176 priora
1315 2143 1358 2166 ex
1390 2132 1467 2166 cod.
1495 2131 1668 2166 Vaticano
1700 2142 1782 2175 sup-

278 2196 391 2239 pleta:
419 2196 494 2230 Hoc·
519 2206 609 2238 opas
635 2195 764 2228 bonum
790 2204 853 2227 suo
880 2195 1004 2236 «viique
1028 2194 1149 2235 facito.
1200 2193 1293 2234 Quid
1318 2197 1368 2225 est
1393 2203 1457 2225 suo
1484 2193 1634 2235 cuique?
1666 2190 1782 2224 Nemi-

278 2265 363 2288 nem
391 2254 487 2288 enim
515 2254 590 2287 fore
617 2253 755 2297 opinor,
783 2252 844 2295 qui
871 2252 946 2285 haec
974 2254 1145 2295 quattuor
1171 2251 1280 2285 verba
1306 2250 1498 2284 subditicia
1524 2252 1628 2294 putet
1648 2260 1690 2283 ac
1710 2260 1782 2283 non

278 2314 398 2357 potius
436 2312 640 2346 necessaria
678 2323 721 2346 ex
760 2310 941 2345 Ciceronis
980 2321 1080 2344 more
1120 2310 1238 2344 verbis
1283 2310 1484 2344 edictorum
1528 2308 1783 2342 tabularumve

279 2372 488 2407 huiusmodi
520 2370 766 2415 particulatim
798 2369 990 2414 propositis
1029 2369 1349 2413 interrogationem
1387 2369 1431 2403 de
1470 2379 1578 2402 sensu
1617 2367 1782 2401 observa-

279 2431 489 2474 tionemque
522 2430 683 2474 aliquam
716 2429 933 2464 annectendi
944 2442 951 2469 ;
991 2440 1054 2462 cur
1081 2428 1279 2462 exciderint
1311 2428 1347 2461 in
1373 2426 1521 2471 reliquis
1555 2426 1657 2460 codd.
1695 2424 1783 2467 (me-

279 2490 385 2524 liores
412 2490 479 2523 hoc
505 2489 583 2522 loco
612 2488 784 2523 deficiunt
810 2486 962 2530 omnes),
988 2490 1098 2532 patet.
1139 2487 1209 2521 Sed
1231 2486 1384 2520 Ernestii
1411 2485 1502 2520 ratio
1529 2484 1614 2519 ferri
1640 2484 1781 2528 nequit;

280 2549 402 2583 Orellii
437 2548 618 2582 distinctio
653 2551 761 2581 antea
787 2547 878 2581 dura
904 2547 1112 2583 videbatur;
1152 2556 1260 2587 nunc,
1300 2545 1441 2589 cognita
1479 2544 1643 2578 Vaticani
1677 2543 1783 2587 scrip-

280 2612 372 2649 tura,
399 2609 566 2641 machina
593 2619 660 2641 sua
686 2608 723 2641 in
749 2607 811 2640 illa
837 2605 1067 2640 distinctione
1094 2604 1252 2639 ablativo
1280 2615 1366 2638 casu
1393 2603 1538 2648 accipio,
1567 2606 1607 2637 ut
1634 2602 1784 2637 ridicule

279 2667 543 2711 respondeatur
581 2666 631 2700 illi
669 2665 952 2709 interrogationi,
992 2664 1079 2708 quid
1117 2666 1162 2697 sit
1200 2675 1264 2698 suo
1299 2666 1434 2707 cuique.
1490 2662 1583 2697 Illud
1621 2662 1783 2696 Vaticani

281 2726 413 2761 codicis
439 2725 737 2770 supplementum
763 2736 874 2768 quam
901 2727 995 2758 esset
1021 2723 1216 2767 egregium,
1243 2722 1432 2767 Zumptius
1459 2732 1532 2756 non
1558 2721 1645 2755 satis
1671 2724 1784 2755 atten-

281 2786 350 2827 dit3
377 2785 503 2819 similis
522 2784 750 2828 praestantiae,
778 2784 875 2827 quod
893 2782 1083 2826 Zumptius
1102 2781 1201 2823 vidit,
1228 2785 1264 2816 et
1282 2782 1328 2815 ad
1346 2781 1518 2815 orationis
1539 2780 1783 2824 integritatem

281 2843 505 2879 necessitatis
537 2843 693 2877 alterum
725 2842 836 2876 habet
861 2842 921 2883 ΙΙΙ,
954 2840 1010 2883 29,
1046 2841 1106 2874 70:
1148 2842 1190 2875 Si
1214 2843 1408 2875 damnatus
1440 2841 1522 2883 eris,
1562 2844 1666 2883 atque
1698 2840 1784 2873 adeo

281 2915 391 2948 quum
417 2905 611 2937 damnatus
649 2903 721 2935 eris
759 2899 857 2943 (nam
895 2902 1069 2935 dubitatio
1107 2901 1351 2935 damnationis
1376 2900 1449 2933 illis
1474 2898 1784 2942 recuperatoribus

284 2974 364 3006 quoe
383 2966 528 3006 poterat
553 2959 675 3001 esse?).
727 2959 796 2994 cfr.
823 2971 888 3004 pro
915 2960 1019 2994 Rosc.
1047 2959 1168 2994 Amer.
1195 2958 1252 3000 35,
1280 2957 1357 2991 100.
