1915 3235
833 135 912 177 151

25 252 27 255 ¹
84 270 287 320 torquent
318 278 363 307 se
395 265 474 306 viri
506 265 798 317 docti.·quum
828 266 976 305 tamen
1008 277 1059 306 ex
1091 264 1188 306 edd.
1220 266 1323 306 vett.
1356 264 1540 319 (quando
1572 266 1666 307 bar-

87 334 218 390 batos)
255 349 425 378 summa
463 336 517 376 sit
555 335 759 388 suspicio,
807 335 851 376 in
898 334 1113 376 codicibus
1159 348 1333 389 prorsus
1373 335 1489 377 aliud
1526 333 1667 390 legi.¹)

87 409 198 459 Alia,
232 420 327 461 quae
359 406 493 447 levius
525 405 816 455 offendebant,
849 405 1117 458 praetermisi.
1164 405 1253 447 Nec
1282 407 1431 447 tamen
1462 406 1506 447 in
1528 407 1668 460 prima

89 480 235 522 statim
266 478 459 520 oratione
491 489 525 517 c.
559 476 599 526 2,
631 476 660 516 4
689 488 760 516 me
791 475 982 526 offendit,
1023 476 1139 529 quod
1170 478 1333 518 ceteros
1365 489 1489 530 paene
1520 490 1669 519 omnes

92 550 296 592 editores:
343 561 443 588 num
480 560 610 587 unum
641 545 751 586 diem
774 551 920 601 postea
952 545 1004 587 L.
1037 545 1315 587 Saturninum
1344 546 1557 588 tribunum
1581 548 1670 602 ple-

90 620 152 662 bis
184 624 219 660 et
243 618 288 660 C.
311 617 535 659 Servilium
558 621 785 671 praetorem
815 630 927 658 mors
959 631 1008 658 ac
1038 616 1294 671 reipublicae
1309 630 1438 671 ρωποι
1460 623 1672 659 remorata

88 690 176 732 est?
220 703 316 743 quae
354 688 487 729 verba
530 687 726 728 codicum
765 701 974 729 consensu
1016 687 1303 730 munitissima
1341 701 1393 729 ex
1424 701 1508 741 quo
1540 689 1673 730 semel

91 763 216 803 erant
259 760 304 802 in
349 759 636 812 suspicionem
683 758 889 809 adducta,
939 758 1133 800 certatim
1182 759 1392 812 corrigere
1437 761 1672 810 tentarunt,

91 831 194 885 quid
224 830 265 872 in
298 830 348 871 iis
382 832 493 871 esset
534 829 689 880 vitiosi⁷
737 843 892 883 parum
932 829 1291 871 demonstrantes.
1361 829 1559 872 Graviter
1596 831 1673 873 ho-

91 903 229 944 mines
261 901 493 943 sceleratos
525 900 647 954 quasi
688 902 959 954 exspectasse
998 901 1084 942 iam
1125 900 1252 942 nimis
1291 899 1363 941 diu
1402 903 1587 943 mortem
1626 915 1675 944 ac

91 986 268 1027 poenam
299 974 443 1014 orator
475 971 588 1021 dicit,
624 984 720 1024 quae
752 971 916 1024 pridem
952 971 1099 1013 debita
1131 984 1203 1013 eos
1236 972 1359 1024 quasi
1385 972 1511 1013 tarda
1533 985 1675 1014 remo-

92 1046 290 1093 raretur„
321 1056 405 1096 quo
443 1043 584 1084 minus
633 1055 695 1092 eo.
746 1055 830 1095 quo
876 1044 1062 1093 ruerent,
1110 1042 1384 1095 pervenirent
1431 1042 1675 1096 aliquando.

92 1114 278 1156 Rectum
311 1116 375 1155 est
405 1114 532 1167 igitur
564 1113 809 1154 remorandi
841 1113 1035 1154 verbum.
1099 1112 1228 1153 Poena
1266 1113 1329 1153 rei
1363 1112 1544 1167 publicae
1576 1113 1679 1166 quin

93 1185 331 1226 rectissime
353 1184 520 1226 dicatur
541 1197 671 1238 poena
695 1185 755 1225 rei
776 1184 960 1237 publicae
992 1185 1165 1225 nomine
1196 1183 1251 1225 ob
1285 1183 1374 1224 eius
1398 1183 1573 1225 iniurias
1598 1185 1678 1225 im·

93 1256 247 1309 posita,
295 1255 481 1296 dubitari
522 1268 608 1297 non
649 1255 792 1296 sinunt
833 1254 1047 1296 Ciceronis
1087 1253 1179 1304 loci,
1228 1267 1334 1307 quos
1374 1255 1417 1295 in
1457 1255 1589 1308 Epist.
1623 1255 1679 1296 ad

98 1325 227 1367 Orell.
259 1339 301 1378 p.
337 1326 420 1366 122
453 1325 614 1378 collegi.
628 1321 662 1377 Ξ)

213 1396 371 1438 Contra
404 1383 511 1445 (3.2,
546 1396 571 1436 6
606 1395 832 1436 ferendum
864 1409 950 1437 non
981 1395 1212 1449 putabam:
1245 1396 1366 1448 vives,
1400 1400 1436 1436 et
1468 1396 1575 1436 rives
1606 1396 1679 1448 ita)

95 1471 142 1508 ut
172 1480 281 1507 nunc
312 1467 429 1519 vivis,
462 1466 604 1507 multis
634 1467 735 1507 meis
759 1471 795 1507 et
815 1465 952 1519 firmis
967 1466 1187 1520 praesidiis
1210 1465 1404 1519 obsessus,
1438 1479 1487 1506 oze
1511 1479 1680 1507 commo-

100 1549 193 1578 vere
214 1542 250 1578 te
271 1542 414 1577 contra
446 1551 530 1577 rem
552 1536 763 1590 publicam
787 1537 944 1591 possi&
976 1550 1079 1578 nam
1110 1538 1219 1578 vives
1242 1542 1277 1577 et
1299 1538 1407 1578 vives
1430 1537 1488 1578 sic
1515 1537 1680 1587 dicitur⁷

95 1621 177 1649 usu
219 1608 421 1661 loquendi
463 1607 688 1660 frequenti.
737 1609 945 1661 tanquam
988 1607 1224 1649 adscendat
1265 1609 1402 1649 oratio
1444 1609 1486 1649 in
1530 1608 1682 1650 eadem

97 1679 311 1720 sententia
343 1681 636 1731 augeaturque
669 1678 939 1719 beneficium.
1002 1678 1150 1732 Itaque
1192 1678 1434 1720 necessario
1472 1679 1553 1720 hoc
1590 1679 1683 1721 loco

99 1749 357 1803 duplicanda
390 1750 531 1791 littera
564 1752 627 1791 est
661 1752 703 1791 et
740 1763 818 1802 pro
850 1750 995 1789 viveset
1037 1749 1312 1790 scribendum
1352 1750 1520 1790 &deesset
1558 1748 1684 1802 (rives

96 1816 246 1873 sed).3)
295 1820 437 1862 Genus
478 1820 632 1862 erroris
672 1821 739 1861 vel
771 1820 815 1861 in
845 1821 927 1861 hac
959 1820 1053 1873 ipsa
1084 1832 1188 1862 voce
1221 1820 1396 1862 minime
1420 1819 1681 1874 infrequens.

136 2019 166 2063 ¹)
191 2020 309 2064 [Hanc
335 2024 458 2055 tamen
485 2020 727 2065 suspicionem
753 2021 893 2055 codices
919 2024 1043 2064 postea
1070 2021 1188 2055 collati
1216 2032 1287 2055 non
1314 2020 1602 2064 confirmarunt]

136 2077 167 2122 ²)
191 2080 339 2114 Addidit
366 2080 453 2114 alios
480 2080 742 2114 Steinmetzius.

137 2136 165 2181 3)
194 2137 335 2182 [Locus,
363 2139 424 2183 qui
450 2143 503 2173 est
530 2140 566 2173 in
592 2139 690 2173 Verr.
717 2139 777 2179 ΙΙΙ,
803 2137 859 2179 82,
887 2137 965 2179 190,
999 2149 1071 2172 11011
1097 2138 1334 2182 opponendus
1361 2142 1437 2172 erat
1463 2140 1685 2181 correctioni,

194 2198 257 2232 sed
285 2198 412 2232 eodem
439 2198 546 2232 modo
575 2195 833 2242 corrigendus]
884 2197 1070 2231 Contrario
1102 2198 1233 2231 mendo
1266 2197 1302 2231 in
1335 2198 1463 2231 eadem
1495 2209 1581 2232 voce
1613 2209 1686 2232 cor-

195 2260 301 2301 rupta
327 2260 380 2291 est
405 2257 584 2291 sententia
617 2260 652 2291 et
688 2256 841 2291 elocutio
872 2256 908 2289 in
942 2256 1011 2290 Cic.
1039 2256 1140 2300 epist.
1173 2256 1218 2290 ad
1250 2256 1375 2290 Famil.
1402 2257 1493 2298 XIII,
1534 2256 1570 2290 6:
1610 2269 1688 2301 quoe

197 2321 369 2360 quantum
395 2318 433 2349 in
452 2318 645 2359 provincia
670 2317 820 2358 valeant,
845 2316 963 2349 vellem
981 2321 1147 2358 expertus
1164 2327 1264 2349 esses.
1305 2316 1374 2349 Sed
1391 2321 1508 2349 tamen
1526 2318 1688 2359 suspicor

196 2376 315 2418 ipsum
353 2376 539 2418 hominem,
578 2387 676 2419 quem
715 2376 780 2409 tibi
817 2375 1026 2417 commendo,
1058 2376 1277 2418 perdignum
1313 2385 1384 2408 esse
1421 2380 1485 2409 tua
1515 2377 1685 2409 amicitia.

197 2434 273 2467 Non
308 2434 432 2476 solum,
470 2436 554 2478 quia
587 2436 675 2468 mihi
709 2435 864 2478 Cuspius
895 2436 990 2477 dicit,
1029 2435 1130 2468 credo
1167 2437 1233 2468 cet.
1291 2433 1454 2468 Ridicule
1486 2433 1607 2468 Cicero
1641 2433 1689 2468 lo-

197 2492 319 2536 quitur
344 2492 387 2526 de
413 2503 451 2526 se
477 2496 652 2537 tanquam
686 2496 843 2537 experto,
883 2493 970 2537 quid
1002 2492 1038 2526 in
1070 2492 1255 2536 provincia
1286 2492 1447 2537 praesidis
1480 2492 1593 2536 possit
1625 2492 1689 2527 hu-

196 2550 363 2592 manitas,
402 2551 445 2584 de
471 2551 612 2585 Valerio
646 2554 821 2595 tanquam
853 2562 925 2585 non
958 2554 1116 2595 experto,
1155 2562 1268 2595 quum
1294 2551 1370 2595 ipse
1396 2562 1584 2596 nunquam
1611 2562 1689 2595 pro-

196 2609 353 2643 vinciam
391 2610 522 2643 rexerit
560 2609 843 2651 (adolescentem
881 2613 1096 2654 quaestorem
1135 2609 1261 2651 fuisse,
1299 2620 1373 2643 non
1410 2621 1492 2644 sum
1530 2608 1688 2652 oblitus),

197 2668 360 2702 Valerius
392 2679 504 2711 quum
538 2669 694 2703 maxime
726 2672 835 2713 regat.
885 2668 978 2702 Tum
1015 2667 1126 2713 (quod
1163 2668 1224 2702 alii
1261 2666 1466 2710 senserunt)
1503 2667 1690 2711 perinepte

199 2726 294 2768 dicit,
333 2728 515 2770 suspicari
551 2738 599 2768 se,
639 2738 747 2772 quem
780 2728 1019 2769 commendet,
1056 2727 1194 2761 bonum
1230 2726 1349 2761 virum
1387 2737 1476 2768 esse,
1513 2729 1688 2770 tanquam

199 2789 324 2819 contra
355 2796 432 2819 esse
457 2785 639 2823 videatur;
679 2790 713 2820 et
746 2786 869 2820 statim
901 2786 1003 2830 ponit
1033 2786 1069 2820 id
1100 2797 1138 2820 se
1171 2787 1321 2820 credere.
1371 2785 1464 2819 Tum
1497 2790 1615 2819 tamen
1639 2784 1690 2818 in-

200 2844 431 2878 commodum
458 2848 521 2879 est.
573 2845 778 2879 Pronomen
815 2847 933 2889 ipsum
971 2847 1137 2889 apertum
1175 2847 1229 2878 est
1267 2844 1441 2878 indicium
1479 2855 1581 2878 novae
1613 2854 1690 2877 sen-

200 2903 321 2936 tentiae
347 2906 382 2937 et
408 2903 580 2938 orationis
606 2904 651 2938 ab
677 2904 755 2938 aliis
781 2904 888 2938 rebus
913 2903 950 2938 in
975 2904 1043 2937 hoc
1071 2903 1247 2937 vocabulo
1273 2903 1319 2937 ad
1345 2903 1530 2937 hominem
1557 2906 1690 2937 transe-

201 2961 308 2995 untis.
347 2961 533 2996 Postremo
559 2962 756 2996 Lambinus
783 2961 905 3003 sensit,
930 2972 1076 3006 prorsus
1102 2961 1236 3006 requiri
1259 2961 1440 2997 obiectum
1458 2961 1569 3002 verbi,
1596 2961 1691 3004 quod

1704 1827 1754 1853 187
