1915 3235
859 120 940 162 611

106 246 384 301 consultus.¹)
446 249 536 290 Iam
570 252 719 291 contra
757 249 1072 303 magistratum,
1121 250 1193 304 qui
1236 250 1407 304 publice
1449 265 1501 294 ex
1543 252 1694 294 aerario

103 320 147 361 id
180 333 238 361 aes
270 319 455 361 militare
486 322 748 370 numeraret,
797 320 891 373 quis
924 320 1072 361 credat
1103 320 1226 362 militi
1257 323 1453 375 gregario
1484 323 1694 376 pignoris-

105 390 329 443 capionem
370 389 537 439 datam,
585 389 630 430 id
669 392 754 440 est,
804 393 953 432 contra
992 391 1193 434 aerarium
1234 394 1277 432 et
1314 405 1406 433 rem
1444 393 1693 446 publicam?

104 463 179 502 aut
210 461 355 514 qualia
386 472 437 502 ea
469 460 649 513 pignora
680 462 885 513 putamus
925 461 1070 512 fuisse,
1119 475 1216 514 quae
1260 463 1320 503 sic
1363 463 1419 504 ab
1458 464 1524 505 his
1564 477 1693 517 cape-

101 534 262 581 rentur,
303 533 351 572 ut
381 533 534 584 postea
565 531 750 584 pecunia
780 532 1031 573 luerentur‘?
1077 532 1335 574 Publicasne
1367 535 1694 586 possessiones?

101 602 159 643 At
191 614 287 654 quae
318 601 427 642 tales
460 604 595 651 erant,
643 604 692 643 ut
732 615 758 643 a
799 602 933 643 milite
975 615 1053 655 pro
1097 603 1274 656 pignore
1314 604 1409 657 capi
1447 605 1694 658 auferrique

101 674 305 726 possent?
344 672 414 713 An
435 673 650 725 privatam
672 672 843 714 illorum
874 673 1098 714 hominum
1122 674 1459 726 supellectilem?
1497 675 1694 728 Apparet

102 756 153 784 ex
185 744 279 796 ipsa
310 744 393 784 hac
424 742 809 795 pignoriscapione‚
845 743 928 785 alio
961 744 1150 796 quodam
1182 745 1312 788 modo
1337 758 1424 795 eos,
1459 758 1565 798 quos
1591 758 1692 786 con-

99 817 167 855 tra
200 814 302 855 data
335 816 461 863 esset,
494 814 725 866 pecuniam
757 814 947 864 solvisse,
983 817 1031 855 ut
1063 815 1153 856 eius
1186 816 1342 868 privati
1375 816 1591 857 debitores
1625 829 1692 857 es-

100 887 208 926 sent.
271 884 420 936 Itaque
467 884 773 937 percommode
820 885 876 926 ad
922 898 1014 927 rem
1061 886 1383 939 intelligendam
1431 886 1597 937 accidit,
1645 889 1694 928 ut

101 955 232 996 Gaius
275 955 403 996 simul
446 955 864 1008 pignoriscapionem
907 958 1084 1008 propter
1127 970 1186 997 aes
1229 959 1427 1010 equestre
1459 959 1502 998 et
1533 957 1691 998 horde—

100 1026 239 1067 arium
272 1026 419 1067 datam
452 1025 627 1067 scribat.
691 1025 802 1066 Nam
835 1039 894 1066 aes
926 1025 1205 1068 hordearium
1244 1028 1442 1068 novimus
1481 1027 1691 1080 antiquis-

99 1096 208 1138 simo
240 1098 436 1149 tempore
467 1109 555 1137 non
587 1109 638 1137 ex
661 1096 814 1137 aerario
836 1109 914 1149 per
935 1096 1130 1149 publicos
1152 1098 1371 1139 ministros
1398 1101 1689 1150 numeratum,

99 1167 175 1208 sed
206 1166 398 1219 privatos
430 1167 640 1216 homines,
682 1167 754 1219 qui
786 1167 828 1208 id
861 1180 969 1208 onus
1001 1167 1062 1208 rei
1094 1168 1279 1220 puhlieae
1312 1168 1533 1219 deberent,
1567 1169 1690 1210 attri-

98 1237 239 1287 butos,
283 1250 309 1278 a
341 1238 496 1290 quibus
529 1237 634 1278 illud
665 1238 831 1290 equites
864 1238 1121 1291 acciperent,
1165 1238 1331 1289 viduas,
1376 1240 1505 1281 orbos
1538 1241 1689 1282 orbas-

99 1321 195 1361 que.
209 1304 243 1360 2)
305 1307 363 1348 Hi
394 1307 522 1360 igitur
554 1308 589 1349 si
621 1321 708 1350 non
740 1308 972 1358 solverant,
1014 1309 1129 1361 quod
1162 1309 1396 1360 debebant,
1445 1311 1600 1363 pignus
1633 1310 1689 1352 ab

96 1377 147 1419 iis
194 1391 348 1431 capere
397 1378 528 1430 equiti
576 1379 745 1420 licebat.
823 1379 966 1432 Atque
1017 1380 1170 1420 eodem
1217 1381 1346 1422 modo
1394 1381 1582 1422 solutum
1630 1395 1689 1423 aes

98 1452 311 1502 equestre,
345 1449 460 1502 quod
492 1449 636 1490 Livius
669 1462 721 1490 ex
753 1450 925 1503 publico
955 1450 1105 1491 datum
1129 1450 1243 1499 dicit,
1276 1463 1389 1492 nunc
1412 1452 1688 1505 perspicitur3

97 1523 267 1562 tantum
300 1520 495 1569 fortasse,
530 1520 646 1572 quod
676 1521 815 1562 maior
837 1534 1008 1562 summa
1032 1524 1136 1569 erat,
1170 1521 1315 1574 plures
1339 1523 1690 1564 attribuebantur

96 1590 170 1632 uni
203 1591 348 1643 equiti.
411 1590 746 1632 Transferamus
790 1591 884 1632 haec
927 1591 983 1632 ad
1025 1605 1084 1632 aes
1126 1592 1309 1633 militare
1349 1592 1543 1645 peditum
1577 1593 1688 1634 anti-

97 1660 290 1714 quissimi
322 1662 542 1714 temporis.
605 1661 701 1702 Non
734 1674 786 1702 ex
818 1661 970 1703 aerario
1002 1675 1081 1703 nec
1120 1675 1196 1715 per
1236 1665 1472 1715 quaestores
1512 1663 1688 1717 singulis

96 1732 303 1774 militibus
335 1732 539 1785 gregariis
572 1732 836 1785 stipendium
868 1733 1194 1783 numerabatur,
1228 1733 1305 1776 sed
1337 1734 1689 1775 attribuebantur

95 1803 145 1845 iis
177 1802 333 1856 privati
365 1802 575 1853 homines,
609 1816 634 1844 a
667 1803 824 1855 quibus
857 1803 1113 1856 acciperent,
1155 1804 1228 1856 qui
1259 1805 1295 1845 si
1326 1817 1413 1846 non
1445 1804 1686 1856 solvissent,

95 1874 275 1927 pignora
307 1874 363 1914 ab
397 1874 457 1914 eis
490 1886 645 1926 capere
676 1873 837 1914 liceret.
900 1874 985 1926 Ipsi
1017 1876 1164 1915 autem
1196 1875 1239 1915 hi
1271 1875 1468 1916 homines
1501 1877 1577 1916 aut
1607 1888 1688 1916 nu-

95 1948 309 1986 meratam
355 1945 583 1996 pecuniam
633 1957 685 1985 ex
731 1944 884 1986 aerario
931 1946 1150 1998 accepisse
1195 1946 1339 1998 putari
1385 1948 1568 1998 possunt
1613 1948 1690 1987 aut

95 2015 319 2065 tributum,
369 2015 484 2068 quod
515 2014 716 2068 stipendii
749 2028 880 2057 causa
913 2016 1077 2057 civibus
1109 2016 1359 2069 impositum
1393 2018 1499 2067 erat,
1548 2016 1629 2069 ipsi
1662 2029 1688 2058 a

97 2087 214 2127 certo
245 2098 426 2127 numero
459 2086 614 2126 civium
656 2087 844 2139 coegisse
887 2088 930 2127 et
971 2087 1127 2128 deinde
1168 2087 1376 2129 militibus
1417 2099 1686 2128 numerasse.

95 2156 238 2210 Atque
269 2157 351 2197 hoc
383 2169 461 2209 ego
493 2156 628 2198 multo
660 2156 802 2197 verius
829 2159 948 2209 puto.
1010 2157 1123 2198 Nam
1162 2157 1222 2198 sic
1261 2158 1356 2210 ipsa
1397 2170 1528 2198 causa
1559 2156 1687 2198 huius

95 2226 226 2268 totius
258 2226 440 2268 instituti
472 2227 733 2280 intelligitur,
783 2227 898 2279 quod
938 2240 1006 2268 res
1045 2227 1219 2280 publica
1259 2227 1504 2269 molestiam
1535 2227 1687 2269 tributi

128 2413 156 2457 ¹)
181 2414 338 2450 lnstitut.
357 2415 419 2449 lib.
438 2415 496 2455 IV,
523 2413 584 2447 27:
612 2415 824 2448 Introdueta
849 2419 899 2448 est
925 2414 1216 2459 (pignoriscapio)
1243 2416 1402 2449 moribus
1427 2416 1482 2448 rei
1503 2415 1685 2448 militaris.

185 2474 281 2508 Nam
312 2479 465 2518 propter
501 2474 718 2517 stipendium
756 2474 879 2507 licebat
915 2474 1023 2506 militi
1059 2475 1110 2508 ab
1147 2485 1208 2515 eo,
1247 2476 1323 2518 qui
1359 2474 1684 2514 distribuebat,

183 2534 259 2567 nisi
287 2534 400 2575 daret,
431 2534 570 2576 pignus
595 2543 738 2576 capere;
774 2532 959 2566 dicebatur
993 2537 1110 2565 autem
1142 2543 1183 2566 ea
1208 2534 1375 2576 pecunia,
1414 2543 1494 2576 quoe
1517 2533 1688 2575 stipendii

184 2592 325 2625 nomine
349 2593 516 2635 dabatur,
555 2603 603 2625 ces
634 2592 800 2625 militare.
851 2592 940 2624 Item
959 2595 1111 2634 propter
1143 2602 1221 2624 eam
1239 2593 1434 2634 pecuniam
1457 2591 1583 2624 licebat
1605 2591 1685 2633 pig]-

186 2661 256 2684 nus
293 2661 434 2695 capere,
472 2662 515 2685 ex
552 2662 624 2695 qua
664 2652 763 2694 equis
793 2651 959 2683 emendus
990 2655 1084 2693 erat,
1123 2661 1202 2694 quae
1232 2652 1388 2693 pecunia
1420 2650 1604 2683 dicebatur
1636 2659 1686 2681 oes

187 2714 354 2753 equestre,
391 2711 474 2744 item
492 2715 644 2754 propter
670 2720 748 2743 eam
766 2710 970 2752 pecuniam,
1008 2720 1051 2742 ex
1076 2720 1148 2752 qua
1173 2709 1345 2742 hordeum
1369 2710 1468 2752 equis
1493 2712 1571 2741 erat
1596 2718 1683 2741 com-

182 2769 406 2811 parandum,
432 2780 511 2812 quoe
529 2769 686 2812 pecunia
711 2768 895 2801 dicebatur
919 2778 968 2801 oes
992 2768 1234 2801 hordearium.

133 2824 162 2868 ²)
188 2826 263 2860 Liv.
288 2826 313 2867 I,
339 2825 401 2865 43;
429 2827 490 2862 cfr.
518 2827 587 2861 Cic.
615 2827 659 2861 de
683 2826 737 2860 Re
762 2837 796 2870 p.
822 2826 867 2867 Il,
892 2825 949 2867 20,
975 2825 1037 2869 qui
1063 2825 1330 2860 Corinthiorum
1357 2824 1563 2858 institutum
1589 2833 1685 2857 com·

191 2885 352 2928 parando
377 2885 473 2920 idem
500 2886 544 2920 de
569 2884 745 2920 Romanis
776 2884 963 2929 significat.
1012 2883 1134 2918 Livius
1165 2884 1259 2918 solas
1292 2883 1419 2917 viduas
1450 2882 1615 2917 nominat
1645 2880 1683 2915 in

191 2944 260 2978 hac
284 2955 333 2978 re.

1337 2998 1401 3033 39*

1709 1250 1761 1276 260
