1915 3235
155 1350 187 1374 87

155 2764 189 2789 88

967 983 1047 1043 lV.

341 1096 422 1156 De
462 1096 516 1155 L.
546 1096 693 1156 Attii
733 1096 1127 1156 Didascalicis
1168 1096 1670 1163 commentati0.ยน)

330 1287 430 1368 Qui
469 1323 627 1365 artium
671 1329 714 1364 et
752 1324 991 1364 litterarum
1032 1324 1075 1364 in
1115 1323 1293 1365 diversis
1333 1323 1502 1377 populis
1541 1323 1725 1376 origines
1765 1325 1807 1364 et

208 1408 460 1448 progressus
493 1396 553 1435 ita
584 1394 696 1435 inter
728 1408 773 1435 se
807 1397 1085 1448 componunt,
1120 1400 1168 1436 ut
1199 1408 1287 1437 non
1318 1396 1362 1436 in
1395 1395 1532 1437 altera
1556 1396 1679 1448 parte
1712 1394 1805 1435 lau-

209 1466 373 1515 danda,
423 1466 560 1507 altera
608 1465 967 1518 reprehendenda
1015 1466 1272 1516 consistant,
1327 1467 1371 1508 in
1419 1480 1503 1520 quo
1551 1467 1804 1519 plerumque

208 1537 410 1589 iniquitas
442 1550 529 1578 non
561 1538 790 1578 mediocris
825 1541 902 1586 est,
936 1537 1013 1578 sed
1045 1538 1265 1578 naturales
1291 1543 1333 1578 et
1360 1538 1628 1578 necessarios
1654 1535 1805 1578 modos

208 1621 465 1661 cognoscere
497 1608 715 1658 studeant,
757 1608 914 1660 quibus
947 1608 1207 1660 populorum
1239 1609 1411 1662 ingenia
1445 1608 1708 1657 excolantur,
1742 1606 1805 1656 iis,

208 1692 341 1731 quum
383 1692 409 1719 a
442 1679 690 1720 Graecorum
732 1679 884 1720 litteris
925 1680 981 1720 ad
1028 1680 1204 1721 Latinas
1252 1680 1530 1729 transierunt,
1579 1677 1807 1731 singularis

207 1750 341 1791 videri
375 1750 505 1791 debet
539 1750 735 1791 celeritas
779 1750 980 1803 quaedam
1022 1763 1171 1791 cursus
1213 1753 1267 1800 et,
1316 1755 1363 1791 ut
1402 1751 1462 1791 ita
1502 1750 1657 1800 dicam,
1707 1751 1807 1790 ante

207 1824 391 1873 tempus,
440 1834 527 1862 non
566 1821 772 1873 perfecta,
822 1821 899 1862 sed
939 1821 1023 1862 alio
1062 1822 1253 1874 quodam
1293 1821 1423 1863 modo
1462 1821 1611 1862 adulta
1651 1820 1804 1862 forma.

207 1891 351 1942 Quum
385 1893 499 1932 enim
532 1892 733 1941 Romani,
775 1892 969 1933 nondum
1003 1892 1236 1945 quicquam
1268 1893 1494 1942 habentes,
1535 1892 1651 1945 quod
1682 1903 1807 1944 pere-

207 1963 426 2016 grinorum
474 1962 625 2004 litteris
665 1965 890 2016 aequarent
932 1966 1008 2004 aut
1046 1964 1199 2004 saltem
1248 1977 1347 2005 cum
1394 1963 1443 2004 iis
1492 1964 1806 2024 compararent,

207 2047 293 2075 non
340 2035 670 2075 incitamentum
718 2034 894 2086 aliquod
938 2034 1113 2076 aliunde
1155 2035 1212 2076 ad
1252 2048 1315 2083 ea,
1365 2048 1462 2088 quae
1494 2034 1682 2087 propria,
1730 2033 1808 2074 sed

208 2105 332 2146 rudia
350 2109 506 2154 essent,
534 2104 791 2157 expolienda
815 2106 1097 2158 accepissent,
1123 2106 1201 2147 sed
1225 2105 1474 2146 incidissent
1498 2106 1540 2146 in
1559 2105 1807 2146 Graecorum

208 2178 322 2217 artes
356 2178 550 2217 maturas
583 2176 669 2216 iam
711 2180 754 2217 et
792 2189 928 2229 prope
960 2181 1235 2218 senescentes
1275 2189 1435 2229 easque
1473 2176 1709 2217 transferre
1751 2175 1808 2216 ad

208 2259 253 2287 se
291 2246 529 2295 studerent,
578 2247 637 2287 ita
686 2249 834 2288 tamen
881 2250 930 2288 ut
969 2249 1219 2300 ceteroquin
1265 2248 1308 2288 in
1355 2247 1603 2289 Graecorum
1650 2246 1808 2300 ingenii

208 2318 393 2369 vitaeque
426 2318 640 2358 rationem
672 2331 760 2359 non
794 2318 1038 2369 transirent,
1072 2320 1235 2372 primos
1267 2319 1361 2360 illos
1395 2319 1513 2359 nisus
1546 2321 1589 2358 et
1613 2319 1805 2366 conatus,

207 2389 394 2441 primam
428 2387 614 2440 denique
646 2388 818 2430 illarum
852 2389 1095 2430 litterarum
1127 2390 1326 2439 formam,
1363 2402 1470 2441 quas
1495 2401 1547 2429 ex
1571 2389 1636 2429 sui
1660 2387 1807 2441 populi

208 2459 377 2512 ingenio
415 2461 644 2500 nascentes
684 2461 931 2512 sensimque
970 2460 1067 2501 laete
1108 2462 1150 2501 et
1190 2472 1288 2501 cum
1326 2459 1495 2500 luxuria
1535 2459 1725 2512 quadam
1764 2459 1808 2499 in

208 2530 335 2570 altius
369 2534 612 2571 crescentes
644 2530 885 2582 primitivas
919 2531 1244 2584 appellaverim,
1279 2531 1468 2584 quodam
1502 2530 1632 2571 modo
1664 2532 1806 2571 trans-

208 2600 416 2641 silierunt.
465 2600 592 2650 Quod
614 2600 729 2641 enim
753 2601 1101 2654 antiquissimam
1135 2602 1324 2654 aliquam
1351 2601 1482 2641 fuisse
1506 2601 1806 2642 Romanorum

208 2671 359 2724 poesin
407 2684 591 2723 eamque
639 2672 695 2712 ab
736 2671 873 2713 Ennio
915 2673 1096 2726 aliisque
1135 2673 1338 2714 obrutam
1386 2685 1480 2713 esse
1527 2671 1697 2724 putavit
1742 2672 1807 2712 vir

209 2742 417 2794 egregius,
451 2742 524 2794 qui
555 2755 695 2794 nuper
727 2755 750 2783 e
780 2744 904 2784 terris
930 2744 1139 2794 discessit,
1171 2743 1446 2793 Niebuhrius,
1480 2755 1621 2795 neque
1645 2741 1805 2795 apertis

247 2915 275 2959 ยน)
300 2917 536 2961 Programma
561 2917 597 2952 in
625 2917 716 2952 festo
743 2918 913 2953 natalicio
939 2919 1032 2963 regis
1059 2931 1090 2954 a.
1118 2919 1221 2954 1831.
