1915 3235
883 92 941 133 44

1859 119 1863 123 ’
1863 99 1867 113 -
1858 0 1871 90 ⁶3:2⁷2

120 226 280 270 oerariess,
331 224 433 265 illud
473 226 587 264 certe
631 222 879 269 concedent,
929 220 1179 263 addendum
1213 233 1320 269 esse,
1370 219 1489 260 cuius
1523 220 1618 272 quis
1649 220 1711 260 rei
1771 217 1775 220 ⁴
1864 252 1869 262 .

120 297 281 337 villicus
314 296 381 336 sit.
439 295 593 335 Verum
628 293 803 334 omnino
835 286 1048 332 Iuvenalis
1080 294 1277 344 tempore
1309 290 1390 332 hoc
1422 302 1581 331 nomen
1613 302 1712 342 per-

119 366 285 407 tinebat
318 365 373 406 ad
395 377 575 405 servum
610 363 719 404 villae
754 365 796 404 et
827 364 961 404 servis
994 363 1162 404 rusticis
1195 362 1492 415 praepositum.
1540 360 1598 401 At
1630 362 1710 401 sat.

119 438 184 487 IV,
227 438 271 477 77
306 437 509 488 Pegasus,
551 434 781 487 praefectus
814 433 946 483 urbis,
989 434 1174 474 attonitae
1205 433 1368 486 positus
1399 432 1519 473 modo
1550 432 1714 472 villicus

119 508 214 548 urbi
246 508 413 548 dicitur.
476 506 625 557 Itaque
658 505 831 546 additur
863 505 1051 557 primum
1084 503 1200 552 urbi3
1241 504 1396 545 deinde
1440 503 1543 556 quid
1575 503 1712 555 magis

119 579 155 619 ei
188 578 425 626 sententiae,
471 590 549 629 pro
582 589 667 628 qua
698 576 780 616 hoc
813 576 1013 623 afferunt,
1060 575 1321 616 contrarium
1357 587 1487 627 quam
1520 575 1612 626 ipse
1644 573 1714 614 ille

119 649 266 689 locus?
314 649 375 689 lbi
409 648 522 688 enim
555 647 759 699 Pegasus,
804 648 851 687 ut
882 647 987 686 urbs
1020 647 1180 686 servire
1212 646 1488 698 intelligatur,
1537 644 1714 685 ridicule

118 720 236 759 urbis
269 718 525 771 appellatur,
559 721 769 770 tanquam
802 718 936 758 servis
969 717 1240 769 praepositus,
1283 716 1565 768 additurque:
1607 728 1714 755 anne

119 789 239 830 aliud
270 793 366 829 tunc
389 788 616 842 prcefecti?
660 789 745 830 Isto
779 788 908 829 modo
942 801 994 828 ex
1027 787 1112 829 Cic.
1146 789 1189 828 in
1221 788 1340 828 Verr.
1374 787 1441 835 III,
1476 787 1532 827 50
1565 785 1715 827 confici

117 854 264 913 possit,
315 860 444 900 etiam
484 862 773 913 propraetores
812 859 1112 900 Romanorum
1154 859 1404 911 simpliciter
1442 858 1604 899 villicos
1637 870 1715 909 ap-

117 930 267 982 pellari
314 931 520 982 potuisse.
584 930 747 971 Vellem
794 933 1019 983 praeterea,
1069 930 1160 989 qui>
1189 930 1358 970 aedilem
1406 929 1718 982 praefectumve

116 1002 236 1041 urbis
275 1001 529 1054 intelligunt,
579 1001 799 1051 dixissent,
848 1003 1108 1054 putarentne
1149 1002 1227 1042 hos
1270 1001 1538 1053 privatorum
1581 999 1717 1041 aedifi-

118 1072 280 1112 ciorum
314 1071 643 1113 reficiendorum
689 1086 837 1113 curam
871 1073 1092 1121 habuisse,
1143 1073 1275 1112 rimas
1319 1072 1573 1119 contexisse,
1621 1072 1716 1111 tum

117 1155 290 1183 securos
331 1142 518 1183 dormire
562 1143 792 1195 inquilinos
833 1144 1020 1183 iussisse.
1085 1143 1377 1196 Intelligamus
1426 1143 1553 1195 igitur
1600 1141 1719 1194 apud

117 1213 376 1263 Iuvenalem,
412 1214 483 1266 qui
516 1215 764 1255 nominatus
798 1217 875 1263 est,
915 1227 1087 1255 servum
1121 1214 1231 1255 villae
1266 1216 1524 1254 curatorem.
1588 1213 1717 1254 Com-

116 1284 341 1336 paratione
374 1285 508 1325 utitur
541 1285 597 1325 ad
630 1285 906 1337 fragilitatem
935 1286 1052 1326 illam
1081 1286 1360 1326 aedificiorum
1386 1284 1716 1332 ostendendam,

64 1363 79 1385 5
118 1354 195 1394 sed
235 1367 331 1395 eam
372 1355 559 1396 invertit.
636 1355 779 1406 Quum
821 1357 932 1397 enim
978 1356 1209 1397 dicendum
1249 1358 1380 1404 esset,
1430 1356 1583 1396 urbem
1631 1368 1717 1396 non

118 1425 241 1465 aliter
284 1425 542 1467 aedificatam
597 1439 712 1475 esse,
769 1439 899 1479 quam
949 1427 1166 1480 quomodo
1214 1428 1323 1468 villae
1373 1428 1505 1468 rimas
1553 1426 1717 1467 villicus

118 1496 355 1537 incuriosus
388 1499 517 1549 tegat,
567 1510 653 1538 non
693 1498 869 1545 reficiat,
917 1498 999 1539 hoc
1032 1498 1156 1539 dixit:
1206 1498 1316 1539 Nam
1350 1498 1541 1557 sic⁴(isto
1574 1498 1717 1557 niodo,

119 1580 202 1619 quo
235 1568 278 1607 in
310 1568 418 1608 urbe
450 1568 643 1609 firmitati
679 1569 885 1610 domuum
921 1569 1234 1622 hominumque
1274 1570 1403 1611 saluti
1439 1568 1716 1623 prospicitur)

118 1637 280 1678 villicus
313 1639 531 1691 negligens
564 1639 675 1680 villae
709 1640 932 1681 consulere
965 1637 1134 1691 solet.¹)
1198 1640 1360 1681 Eodem
1400 1641 1530 1682 modo
1564 1641 1719 1682 dicitur

119 1708 215 1748 Non
246 1710 305 1749 sice
336 1709 424 1757 XII,
461 1706 577 1762 78²)

236 1779 449 1829 Quoniam
484 1782 605 1822 varia
637 1782 809 1822 errandi
842 1794 1001 1834 genera
1033 1783 1183 1834 positis
1218 1783 1426 1835 exemplis
1457 1784 1716 1827 notavimus

118 1864 203 1891 non
237 1851 486 1892 omittemus
518 1865 605 1892 non
638 1852 887 1905 infrequens
922 1853 1077 1893 erroris
1111 1866 1258 1906 genus,
1292 1854 1482 1906 positum
1507 1855 1551 1894 in
1575 1855 1718 1895 verbis

118 1922 260 1962 minus
300 1925 415 1962 recte
447 1935 526 1963 nec
558 1925 706 1964 tamen
740 1926 887 1964 contra
922 1924 1036 1975 leges
1069 1925 1376 1976 grammaticas
1411 1925 1718 1980 coniungendis

119 1995 160 2033 et
193 1993 461 2044 separandis.
509 1993 650 2034 Huius
684 1995 744 2034 rei
777 1995 965 2047 primum
999 1995 1092 2035 leve
1120 1996 1176 2036 sit
1200 1996 1460 2048 exemplum,
1495 1998 1718 2049 sumptum

118 2076 203 2104 non
252 2076 303 2103 ex
343 2064 429 2104 late
467 2067 706 2118 propagato
748 2078 904 2115 errore,
946 2066 1021 2106 sed
1062 2079 1113 2106 ex
1160 2067 1286 2107 unius
1320 2068 1533 2108 sententia
1580 2080 1719 2120 nuper

118 2136 353 2187 proposita.
417 2136 463 2176 In
496 2138 577 2176 sat.
613 2137 726 2176 enim
760 2136 776 2177 I
808 2150 847 2177 V.
883 2137 937 2177 28
970 2137 1064 2177 haec
1097 2137 1150 2178 de
1184 2137 1379 2190 Crispino
1422 2139 1562 2190 posita
1596 2141 1716 2180 sunt:

119 2303 123 2306 l
159 2273 186 2317 ')
212 2276 318 2310 Error
344 2279 398 2310 est
430 2277 589 2320 alioquin
624 2288 696 2311 non
729 2278 1016 2319 recentissimus;
1054 2278 1091 2312 in
1124 2278 1261 2312 scholio
1294 2278 1390 2312 enim
1424 2279 1469 2312 ad
1500 2279 1558 2319 IV,
1599 2278 1641 2312 77
1674 2279 1718 2313 de

215 2335 333 2368 villico
359 2335 511 2376 urbano,
555 2336 590 2370 id
617 2340 681 2377 est,
722 2340 762 2370 ut
794 2336 946 2378 videtur,
980 2338 1024 2371 de
1050 2338 1231 2381 praefecto,
1265 2337 1478 2381 intelligitur
1510 2338 1568 2372 hic
1600 2339 1717 2373 locus:

216 2394 278 2428 sed
305 2405 347 2427 ea
374 2394 500 2428 scholii
526 2405 609 2438 pars
636 2406 709 2429 non
737 2400 790 2430 est
822 2396 858 2430 in
885 2398 962 2431 cod.
990 2397 1146 2441 sangall.
1198 2398 1248 2431 De
1284 2397 1471 2431 Heineckii
1506 2401 1541 2431 et
1574 2397 1718 2432 Weberi
1748 2432 1750 2436 ,

215 2464 346 2494 errore,
374 2453 462 2487 illud
489 2455 550 2493 sic,
589 2449 705 2495 οὕτως,
745 2456 842 2498 quod
869 2468 952 2490 cum
979 2460 1190 2501 contemptu
1217 2457 1261 2491 de
1288 2467 1325 2490 re
1363 2456 1433 2490 levi
1467 2460 1501 2490 et
1528 2457 1605 2490 sine
1632 2468 1719 2491 cura

216 2515 296 2546 acta
329 2512 469 2550 dicitur,
509 2513 580 2546 huc
612 2514 833 2556 vocantium,
872 2516 961 2550 nihil
994 2516 1123 2550 dicam.
1174 2515 1392 2550 Huiusmodi
1425 2516 1598 2550 orationis
1630 2511 1720 2557 ἦθος

216 2572 260 2606 ab
295 2572 363 2606 hoc
394 2573 472 2606 loco
506 2571 768 2607 alienissimum
802 2578 866 2615 est,
905 2575 967 2609 ubi
1000 2587 1085 2609 nam
1117 2578 1168 2609 sic
1199 2575 1354 2609 refertur
1385 2574 1431 2608 ad
1462 2575 1651 2619 superiora
1683 2579 1719 2609 et

216 2642 365 2664 causam
391 2630 518 2665 reddit.
569 2631 641 2665 Nec
666 2634 717 2665 sie
743 2643 807 2676 per
833 2644 870 2667 se
897 2637 950 2667 est
976 2635 1106 2677 leviter,
1133 2635 1357 2678 neyliyenter,
1391 2637 1431 2668 ut
1457 2637 1507 2668 sic
1533 2636 1648 2669 obstat
1673 2635 1719 2669 sit

217 2692 431 2733 neyliyenter
456 2691 581 2724 obstat.

164 2747 193 2790 ²)
219 2747 417 2792 [Quoniam
457 2749 596 2782 villicus
634 2749 764 2783 dicitur
800 2750 910 2784 etiam
948 2762 1073 2785 servus
1110 2752 1247 2796 praedii'
1266 2751 1398 2786 urbani
1429 2755 1574 2786 curator
1605 2751 1716 2795 (Suet.

217 2808 341 2842 Claud.
368 2807 438 2851 38),
471 2807 670 2852 simplicius
703 2808 771 2842 hoc
797 2810 905 2854 modo
931 2810 1201 2845 enarrabimus:
1239 2810 1330 2844 Nam
1356 2810 1407 2844 sic
1433 2808 1487 2852 (ut
1512 2811 1614 2845 tenui
1639 2811 1718 2845 tibi—

217 2866 295 2901 cine
322 2866 422 2901 fultae
447 2870 544 2901 stent
564 2867 688 2902 multae
710 2866 853 2910 domus)
874 2868 982 2902 villici
1003 2869 1221 2913 praediorum
1241 2869 1417 2904 rimarum
1437 2869 1558 2903 hiatus
1579 2873 1716 2913 tegunt,

218 2926 331 2959 ruinae
356 2926 559 2969 periculum
585 2925 822 2970 relinquunt]
