1915 3235
775 144 859 186 275

21 278 90 324 45,
124 277 199 318 99:
246 276 362 317 illius
397 275 497 328 femi
529 275 740 326 antistitae,
789 273 967 313 auctiores
998 278 1114 324 natu,
1155 271 1347 325 probata)
1379 285 1427 311 ac
1458 270 1613 311 nobiles·

22 349 226 389 mulieres.
289 346 375 387 Sed
407 346 449 386 in
480 346 636 386 horum
667 346 820 385 neutro
860 344 942 384 tria
981 345 1078 384 sunt
1118 342 1337 390 membra3
1385 343 1428 383 in
1470 341 1610 394 priore

23 419 113 460 voci
146 417 346 458 occultum
378 415 625 468 adiungitur
657 416 792 456 altera
824 415 955 463 notio,
989 413 1101 455 sedis
1136 415 1177 454 et
1206 412 1286 454 loci
1310 413 1408 457 odii.
1443 412 1611 453 duobus

22 487 242 530 vocabulis
291 487 602 539 comprehensa
650 485 903 538 (intestinum
950 499 998 525 ac
1036 481 1339 535 domestieum);
1387 483 1429 523 in
1478 482 1613 523 altero

22 558 300 600 manifestum
324 559 401 606 est,
436 557 542 598 duos
567 557 689 609 quasi
717 556 875 609 gradus
902 569 1017 604 esse;
1050 556 1240 607 primum
1264 552 1465 594 mulieres
1492 554 1611 593 erant

24 630 202 670 madores
233 633 349 677 natu,
398 628 552 668 deinde
590 640 643 668 ne
676 628 743 668 hae
777 627 950 679 quidem
983 627 1074 667 sine
1107 625 1364 673 discrimine,
1414 623 1488 664 sed
1515 636 1614 676 pro-

25 699 130 740 bate&
162 713 210 739 ac
241 698 395 739 nobiles
437 697 606 751 (aeltere
651 697 820 748 Frauetg
865 711 939 737 von
986 701 1120 750 glutem
1162 694 1276 748 Rufe
1312 694 1401 735 med
1440 693 1614 734 anselm-

24 770 152 810 Ziclzer
185 768 396 821 Familie).
459 768 717 809 Huiusmodi
750 769 941 809 locorum
975 767 1030 808 ab
1068 766 1139 807 illo
1179 778 1334 819 genere
1378 765 1613 805 alienorum

27 853 76 882 ac
122 841 264 893 specie
310 842 481 880 tantum
523 839 723 880 similium
769 839 1015 891 exemplum
1054 838 1178 890 posui
1210 837 1253 877 in
1286 835 1472 888 append.
1507 834 1615 886 disp.

27 911 80 952 de
111 911 268 952 Ascon.
302 924 343 963 p.
378 910 402 951 8
436 910 622 951 Divinat.
656 911 699 950 in
732 910 841 951 Caec.
876 910 944 958 22,
989 909 1056 957 72,
1105 907 1180 948 ubi
1218 907 1292 947 uni
1324 906 1486 947 notioni
1519 905 1617 945 rhe-

28 982 159 1022 torice
205 981 343 1022 tribus
390 980 532 1022 verbis
588 981 679 1021 sine
728 981 1026 1022 coniunctione
1081 990 1295 1030 expressae
1343 975 1617 1029 (conservare,

28 1053 149 1104 tueri,
182 1049 447 1104 confirmare)
479 1052 713 1104 respondet
752 1052 888 1092 altera
929 1064 1015 1091 uno
1055 1048 1366 1101 comprehensa
1406 1045 1472 1098 (ac
1506 1059 1618 1086 recu-

21 1121 208 1177 perare).
271 1122 397 1163 Addo
430 1122 483 1163 de
516 1122 635 1163 Orat.
669 1123 717 1171 II,
758 1122 827 1170 38,
871 1122 967 1171 159,
1008 1121 1082 1162 ubi
1114 1120 1157 1160 in
1189 1119 1255 1160 his
1287 1120 1451 1160 Verbis:
1502 1118 1618 1169 eoeile,

28 1193 210 1245 aridem,
245 1194 450 1234 concisum
483 1207 531 1233 (tc
562 1194 781 1242 minutum,
815 1192 1026 1246 particula
1060 1191 1167 1232 duas
1200 1192 1369 1231 tantum
1404 1192 1619 1231 extremas

27 1277 152 1305 voces
184 1277 316 1305 unam
348 1265 566 1305 notionem
607 1277 632 1304 a
664 1265 878 1316 prioribus
922 1264 1137 1304 diversam
1181 1262 1427 1314 complexas
1471 1260 1618 1312 iungit.

28 1334 185 1376 Similis
219 1338 295 1384 est,
337 1348 465 1388 quem
498 1335 696 1376 Handius
730 1336 844 1382 citat,
886 1335 1003 1375 locus
1036 1335 1079 1374 in
1110 1333 1323 1374 Paradox.
1356 1332 1423 1373 VI.
1464 1332 1503 1374 3
1544 1330 1619 1371 49:

28 1407 162 1460 siymc,
196 1405 373 1458 tabulas,
407 1406 698 1460 supellectilem
731 1410 766 1446 et
801 1410 941 1445 vestem
978 1404 1138 1458 infinite
1169 1403 1486 1457 concupiscente}
1521 1414 1621 1442 con-

29 1476 166 1518 iunxit
210 1479 419 1529 tanquam
462 1490 487 1517 a
525 1476 831 1529 superioribus.
881 1490 976 1529 quae
1025 1476 1128 1517 artis
1177 1479 1313 1523 erant,
1363 1473 1533 1513 diversa
1582 1476 1621 1512 et

28 1547 154 1588 unius
201 1548 380 1600 generis,
431 1561 526 1600 quae
575 1547 631 1588 ad
678 1547 776 1588 vitae
825 1547 1073 1588 domesticae
1117 1559 1243 1587 usum
1285 1547 1325 1586 et
1366 1543 1623 1596 elegantiam

29 1615 346 1672 spectabant.¹)
395 1618 593 1665 Omnino,
627 1618 701 1658 ubi
727 1620 931 1670 quattuor
955 1620 1054 1658 sunt
1080 1618 1290 1665 membra,
1324 1627 1440 1667 saepe
1458 1612 1624 1666 singula

29 1690 150 1742 paria
182 1702 259 1742 per
291 1702 336 1730 se
369 1690 585 1730 contraria
618 1689 867 1737 efferuntur,
909 1688 1025 1729 Velut
1066 1688 1182 1740 apud
1215 1687 1416 1728 Tacitum
1449 1685 1560 1725 Ann.
1594 1683 1623 1733 I,

31 1760 105 1801 21:
151 1760 369 1812 invidiam,
403 1759 751 1812 miserieordessam,
792 1763 941 1799 metim?
977 1763 1011 1799 et
1043 1760 1148 1799 iras.
1212 1757 1325 1798 Satis
1358 1756 1498 1809 igitur,
1532 1753 1624 1806 opi—>

30 1844 120 1880 nor,
170 1833 350 1881 constat,
399 1833 444 1872 ut
483 1831 569 1872 iam
611 1830 666 1871 ad
698 1830 976 1871 Verrinarum
1018 1829 1208 1871 codicem
1246 1827 1490 1875 redeamUS,
1539 1837 1625 1865 non

31 1903 251 1954 scripsisse
285 1902 534 1943 Ciceronem
566 1902 610 1942 in
643 1914 692 1942 eo
725 1901 831 1950 loco,
866 1914 889 1941 a
922 1913 1006 1952 quo
1037 1900 1214 1953 digressi
1237 1911 1400 1941 sumus.
1437 1896 1625 1947 vastavit,

32 1973 193 2012 veoeamsst
225 1977 346 2027 (etque
370 1972 576 2027 perdidit.
638 1972 701 2012 Ac
734 1971 881 2012 videor
912 1971 1042 2012 etiam
1076 1983 1251 2011 causam
1284 1966 1625 2020 interpolationis

34 2042 390 2095 deprehendisse3
438 2057 539 2084 nam
587 2043 732 2084 nescio
780 2055 864 2094 quo
912 2042 1042 2083 modo
1082 2040 1320 2082 notabilem
1358 2040 1496 2079 visam
1530 2049 1623 2078 esse

34 2114 247 2154 nonnullis
294 2114 375 2156 hoc
423 2115 515 2155 loco
562 2113 743 2154 'termule'
782 2126 931 2154 vocem
974 2125 1070 2153 cum
1097 2110 1306 2165 perdendi
1339 2110 1625 2157 coniunctam,

35 2196 85 2224 ex
123 2184 309 2226 Asconio
350 2187 532 2226 constat.
596 2184 643 2225 Ei
691 2184 818 2236 igitur
866 2183 1132 2236 adscriptum
1182 2184 1246 2222 est
1293 2180 1397 2221 illud
1435 2179 1627 2219 ›vastat-aff.

35 2254 176 2307 Atque
207 2256 299 2296 haec
332 2255 508 2308 propria
541 2257 664 2296 erant
697 2254 852 2296 codicis
887 2252 1212 2306 Guelferbytani
1244 2251 1397 2304 prioris
1431 2254 1504 2291 aut
1531 2262 1627 2290 cum

35 2337 118 2366 uno
151 2325 277 2366 simili
310 2326 576 2374 communia;
625 2325 708 2366 alia
741 2327 854 2373 sunt,
904 2326 946 2365 in
986 2325 1142 2377 quibus
1182 2336 1278 2364 cum
1320 2321 1530 2362 deteriore
1564 2320 1628 2360 fa-

37 2395 152 2437 milia
185 2397 379 2438 codicum
412 2409 438 2437 a
470 2396 643 2449 reliquis
676 2396 926 2437 melioribus
967 2395 1167 2437 addendo
1208 2392 1401 2434 discedit.
1465 2391 1512 2431 In
1545 2403 1629 2442 quo

74 2557 101 2601 1)
127 2558 285 2603 [Similes
311 2562 419 2603 locos,
459 2561 521 2595 ubi
554 2564 757 2595 extremum
793 2560 999 2594 membrum
1033 2563 1068 2593 et
1100 2570 1166 2593 sua
1198 2561 1328 2592 natura
1361 2559 1395 2590 et
1429 2555 1630 2590 adiectione

130 2619 252 2663 aliqua
278 2621 473 2654 verborum
500 2631 520 2653 a
546 2619 725 2664 prioribus
752 2622 942 2662 separatur
969 2621 1005 2652 et
1031 2620 1132 2652 extra
1157 2617 1321 2651 ordinem
1348 2615 1507 2659 ponitur,
1541 2613 1631 2647 Sies-

132 2678 243 2722 byeus
269 2679 334 2713 hos
361 2679 518 2723 collegit:
545 2679 624 2712 Div.
651 2678 687 2712 in
714 2678 802 2711 Caec.
824 2677 878 2717 14,
905 2677 951 2710 46
977 2676 1100 2721 (quum
1127 2677 1381 2716 eoomnz‘serare',
1409 2675 1577 2717 conqueri
1601 2678 1632 2705 et

131 2748 174 2770 eoe
199 2738 299 2771 illius
327 2739 462 2771 invidia
488 2739 681 2772 deonerare
707 2738 847 2780 aliquid
875 2742 906 2770 et
931 2738 967 2769 in
995 2741 1026 2770 te
1051 2737 1216 2769 traiicere
1248 2731 1417 2777 eoepere't),
1450 2743 1514 2776 pro
1541 2732 1630 2765 Sest.

133 2795 165 2837 9,
191 2795 247 2837 21,
273 2796 363 2830 Phil.
390 2796 465 2836 XII,
492 2795 525 2836 4,
553 2795 608 2836 10,
635 2795 679 2829 de
706 2796 803 2830 Orat.
831 2796 890 2836 ΙΙΙ,
916 2794 972 2835 29,
1009 2794 1086 2835 113,
1120 2794 1165 2827 ad
1192 2793 1290 2827 Fam.
1317 2793 1408 2833 XVI,
1437 2791 1491 2832 11,
1519 2791 1551 2832 2,
1587 2790 1631 2824 ad

133 2854 199 2897 Qu.
226 2855 281 2889 Fr.
309 2855 334 2896 I,
362 2854 392 2895 1,
421 2854 476 2898 12,
507 2853 564 2895 36,
597 2854 701 2888 Tusc.
729 2854 787 2894 III,
822 2852 854 2895 2,
889 2853 920 2895 3,
954 2854 994 2894 V,
1033 2852 1064 2893 5,
1104 2852 1158 2886 12.
1220 2852 1437 2886 Universam
1476 2850 1633 2893 disputa-

134 2913 280 2955 tionem,
313 2914 409 2958 quod
443 2914 489 2947 ad
515 2913 725 2948 Ciceronem
758 2913 898 2952 attinet,
935 2911 1099 2956 supplevi
1132 2911 1175 2945 ad
1203 2910 1272 2945 Cic.
1300 2910 1344 2944 de
1370 2909 1471 2943 Finn.
1498 2909 1555 2948 IV,
1590 2906 1633 2940 56

136 2983 168 3015 p.
196 2971 263 3005 562
289 2984 366 3017 sqq.
394 2972 448 3007 ed.
475 2970 523 3014 3.]

1288 3026 1351 3059 18*

1646 2050 1698 2076 339
