1915 3235
149 1591 199 1615 149

980 99 1063 140 120

230 227 403 281 quidem
437 232 574 268 tamen
613 240 751 268 omnes
798 230 947 270 contra
994 228 1152 270 multos
1200 228 1367 270 codices
1413 228 1660 282 recipienda
1698 233 1815 284 puto,

227 311 324 351 quae
349 298 525 339 minime
550 299 797 340 necessaria
824 301 937 340 sunt.
985 299 1129 351 Atque
1151 299 1278 340 huius
1306 300 1474 352 generis
1503 301 1815 352 annotationes,

226 368 383 422 quibus
416 368 632 410 Ciceronis
665 370 880 410 sententia
911 369 1041 422 paulo
1074 370 1199 411 aliter
1230 369 1499 412 conformata
1532 373 1574 412 et
1606 372 1817 425 explicata

226 441 508 493 repeteretur,
558 440 602 479 in
643 441 810 480 textum
851 440 1067 481 nonnullis
1111 441 1213 482 locis
1257 454 1352 483 esse
1392 444 1603 494 receptas,
1652 456 1719 484 res
1753 446 1817 485 est

226 511 329 552 satis
363 512 501 558 certa;
535 509 654 550 cuius
679 510 846 562 generis
879 510 1162 553 memorabile
1187 514 1252 553 est
1285 512 1531 565 exemplum
1559 513 1603 554 in
1625 515 1817 556 oratione

224 595 303 634 pro
325 580 477 622 Flacco
501 593 535 621 c.
560 580 628 630 20,
662 580 732 630 46,
765 581 840 622 ubi
873 594 969 634 quae
1002 583 1044 623 in
1078 582 1223 624 codice
1246 583 1409 636 optimo
1431 583 1638 626 Vaticano
1661 584 1818 626 desunt

226 654 269 693 et
301 651 356 692 ab
389 651 545 692 Ursino
579 652 622 692 et
653 651 747 692 aliis
781 652 990 694 damnata
1022 655 1135 703 sunt,
1185 666 1236 695 ea
1274 653 1369 707 ipsa
1408 667 1495 696 non
1533 655 1672 696 solum
1703 655 1817 697 Aru-

226 723 373 764 sianus
413 722 579 763 Messus
621 721 680 775 (p.
714 722 799 763 373
832 723 933 765 edit.
966 724 1093 766 Rom.
1127 737 1309 778 operum
1347 723 1524 777 Front.),
1574 726 1713 767 citatis
1752 726 1815 777 iis,

224 806 322 845 quae
353 792 605 845 praecedunt
634 795 676 834 et
699 797 952 846 sequuntur,
986 795 1156 845 omittit,
1190 795 1267 837 sed
1290 796 1501 849 interpres
1525 799 1663 847 vetus,
1698 797 1816 839 cuius

224 863 387 904 scholia
408 863 461 904 A.
486 863 624 905 Maius
659 877 681 905 e
715 865 807 906 cod.
831 865 966 906 Vatic.
999 865 1282 919 palimpsesto
1315 866 1448 908 edidit
1472 866 1615 920 (Auct.
1641 867 1815 910 Classic.

222 935 350 976 Rom.
387 934 498 975 1828
532 934 622 976 Vol.
655 935 692 975 Π
722 950 764 988 p.
797 936 865 985 28,
900 936 1028 978 Orell.
1060 937 1108 987 V,
1143 938 1169 977 2
1200 951 1241 990 p.
1271 936 1387 990 242),
1421 951 1500 991 pro
1533 939 1815 991 explicatione

223 1005 358 1058 ponit.
428 1005 576 1057 anue
624 1007 867 1059 corruptela
914 1008 1130 1049 interdum
1178 1009 1234 1049 ad
1281 1008 1602 1061 antiquissimos
1650 1009 1815 1051 codices

223 1076 422 1130 pertinet.
485 1077 635 1129 Itaque
676 1090 809 1130 quum
848 1079 929 1119 hoc
970 1081 1176 1129 tenerem,
1225 1091 1312 1120 non
1351 1079 1489 1121 solum
1530 1080 1601 1122 illa
1641 1081 1814 1130 exclusi,

223 1161 319 1200 quae
351 1148 395 1188 in
426 1147 609 1200 Philipp.
635 1148 683 1198 ΙΙ,
719 1149 787 1197 26,
822 1149 878 1190 64
910 1149 1102 1202 plerique
1137 1162 1159 1190 e
1192 1150 1284 1191 cod.
1310 1150 1518 1192 Vaticano
1544 1151 1814 1201 addiderant,

223 1219 307 1260 Vim
355 1219 593 1269 sententiae,
642 1232 739 1271 quae
785 1221 921 1261 haeret
968 1221 1011 1261 in
1058 1220 1138 1261 illis
1185 1220 1304 1262 iuxta
1350 1222 1500 1274 positis
1547 1221 1817 1263 servientibus

222 1290 377 1330 animis·
405 1290 583 1343 yemltus
606 1289 710 1330 liber
730 1290 829 1343 fuit,
864 1295 1190 1344 corrumpentes
1203 1288 1249 1344 1),
1283 1292 1362 1332 sed
1385 1292 1428 1332 in
1452 1294 1560 1334 orat.
1586 1305 1664 1345 pro
1688 1292 1815 1334 Deio-

219 1362 314 1400 taro
347 1373 382 1400 c.
417 1360 455 1409 3,
491 1360 515 1401 8
549 1361 694 1402 verbis
727 1361 808 1402 illis
841 1366 954 1417 teque
986 1376 1111 1417 quum
1143 1363 1239 1403 huic
1270 1363 1442 1415 iratum,
1482 1367 1569 1403 tum
1599 1362 1680 1403 sibi
1712 1364 1815 1403 ami-

220 1444 313 1471 cum
366 1437 639 1486 coynoverant
695 1432 985 1475 coniecturam
1042 1436 1216 1475 secutus
1270 1436 1419 1475 notam
1473 1434 1815 1487 interpolationis

221 1503 416 1555 apposui.
480 1502 576 1543 Non
608 1505 779 1555 poterat
813 1504 973 1555 Cicero,
1009 1518 1156 1557 quum,
1199 1505 1355 1557 quibus
1388 1504 1517 1546 rebus
1551 1505 1816 1547 confiderent

221 1575 494 1614 accusatores
527 1573 731 1624 Deiotari,
774 1578 1050 1616 enumeraret
1083 1578 1125 1617 et
1157 1576 1451 1629 distingueret,
1496 1578 1538 1617 et
1569 1576 1690 1618 initio
1722 1577 1814 1618 dix-

219 1645 344 1686 isset:
394 1643 561 1685 Iratum
603 1650 639 1685 te
678 1646 768 1700 reyi
807 1646 1008 1687 Deiotaro
1045 1646 1178 1699 fuisse
1220 1661 1302 1688 non
1349 1652 1469 1688 erant
1500 1648 1640 1697 nescii,
1689 1648 1815 1689 tertio

219 1715 312 1756 loco
344 1728 526 1768 ponere:
576 1720 691 1771 teque
730 1716 825 1757 huic
865 1718 1025 1758 iratum
1064 1723 1358 1772 coqnoverant3
1405 1732 1485 1759 nec
1527 1718 1701 1760 omnino
1734 1718 1816 1760 dici

219 1786 300 1827 hoc
331 1788 503 1839 poterat
536 1788 591 1828 ab
626 1801 689 1838 eo,
724 1789 796 1841 qui
828 1791 918 1830 toto
950 1789 1032 1830 hoc
1064 1789 1157 1830 loco
1184 1789 1265 1831 hoc
1291 1790 1390 1842 agit,
1423 1792 1471 1830 ut
1495 1790 1669 1831 credere
1695 1789 1814 1830 vide—

219 1860 328 1907 atur,
363 1857 496 1899 fuisse
530 1858 760 1909 Caesarem,
796 1860 1164 1912 quemadmodum
1197 1860 1338 1913 primo
1370 1861 1462 1902 loco
1487 1860 1652 1910 dicitur,
1687 1860 1814 1902 Deio-

218 1931 313 1969 taro
346 1929 518 1979 iratum,
567 1943 654 1970 non
687 1943 802 1980 esse;
850 1931 1009 1984 itaque,
1060 1932 1132 1983 qui
1170 1931 1251 1973 hoc
1283 1931 1596 1981 intellexerant,
1646 1936 1814 1972 veteres

220 1999 406 2041 editores
440 2000 616 2052 quidam
647 2000 780 2053 fuisse
812 2002 1135 2055 suppleverunt,
1185 2002 1301 2055 quod
1341 2016 1428 2043 non
1461 2002 1659 2044 convenit
1691 2002 1814 2043 alteri

218 2071 330 2123 parti
363 2076 447 2111 tum
480 2071 560 2111 sibi
593 2073 793 2122 amicum:
834 2074 910 2114 sed
942 2086 997 2114 ne
1028 2073 1110 2114 hoc
1142 2073 1315 2125 quidem
1348 2075 1463 2114 recte
1496 2073 1597 2126 poni
1629 2076 1812 2126 poterat,

218 2155 353 2194 quum
401 2145 443 2183 et
490 2143 802 2186 abiectissimos
842 2147 885 2185 et
922 2158 948 2185 a
988 2144 1170 2185 Caesaris
1219 2143 1407 2185 amicitia
1454 2144 1578 2197 longe
1625 2146 1813 2186 remotos

221 2213 450 2263 describat,
498 2227 578 2254 nec
616 2228 804 2268 usquam
842 2214 1063 2268 significet,
1114 2215 1308 2273 favorem
1340 2227 1412 2256 eos
1445 2214 1627 2256 Caesaris
1661 2228 1812 2256 conse—

221 2287 342 2326 cutos
382 2298 489 2326 esse.
552 2286 616 2326 Ne
664 2285 869 2327 orationis
917 2286 1091 2339 quidem
1139 2285 1280 2327 forma
1319 2287 1437 2326 recta
1477 2288 1562 2335 est;
1609 2299 1711 2327 nam
1760 2286 1813 2327 de

220 2355 421 2397 Deiotaro
455 2356 635 2397 absente
667 2370 753 2398 non
784 2357 892 2407 huic,
926 2357 1003 2398 sed
1034 2357 1100 2397 illi
1124 2359 1211 2406 aut,
1245 2358 1449 2409 quoniam
1472 2358 1554 2398 hoc
1578 2357 1812 2410 praecessit,

255 2517 284 2562 ¹)
312 2518 530 2563 [Defendere
557 2524 679 2555 tamen
706 2522 817 2555 verba
843 2532 862 2555 e
888 2521 1062 2555 Vaticano
1095 2520 1217 2555 codice
1242 2520 1365 2555 addita
1397 2521 1540 2556 videtur
1564 2521 1718 2556 imitatio
1745 2517 1813 2556 Ha-

311 2580 390 2614 terii
418 2580 572 2614 rhetoris
598 2581 696 2623 apud
721 2581 765 2614 M.
785 2581 960 2614 Senecam
986 2592 1020 2625 p.
1045 2579 1114 2613 218
1140 2579 1217 2625 Bip.
1244 2579 1427 2621 (Controv.
1447 2580 1522 2622 VII,
1547 2579 1580 2622 2,
1607 2580 1629 2614 5
1655 2579 1812 2623 Kiessl.):

313 2640 502 2682 Proposito
528 2641 567 2672 in
592 2641 722 2674 rostris
756 2642 869 2683 capite
907 2641 1098 2680 Ciceronis,
1131 2641 1293 2683 quamvis
1325 2641 1443 2673 omnia
1475 2644 1570 2673 metu
1600 2645 1813 2683 tenerentur,

310 2699 462 2741 gemitus
490 2703 607 2731 tamen
626 2700 756 2742 populi
780 2699 868 2732 liber
892 2700 974 2741 fuit.
1032 2698 1251 2742 Quanquam
1278 2696 1307 2730 is
1334 2708 1376 2731 ea
1402 2689 1513 2732 rerba
1537 2709 1602 2742 pro
1629 2709 1682 2740 eo,
1717 2699 1823 2742 quod·

312 2756 408 2800 apud
448 2756 659 2791 Ciceronem
697 2760 771 2791 est:
810 2758 1044 2791 servientibus
1082 2758 1225 2797 animis,
1265 2755 1493 2790 substituisse
1531 2757 1645 2791 videri
1683 2760 1811 2801 potest.

313 2815 383 2849 Sed
409 2826 540 2859 parum
559 2816 746 2860 probabile
765 2819 829 2858 est,
859 2816 1054 2860 quicquam
1081 2826 1124 2849 ex
1151 2815 1296 2849 Senecae
1321 2825 1430 2859 opere
1456 2815 1492 2849 in
1518 2815 1813 2860 antiquissimum

312 2874 492 2909 Ciceronis
519 2874 691 2916 codicem,
719 2886 738 2909 e
763 2886 834 2918 quo
852 2874 1049 2909 Vaticanus
1076 2874 1152 2919 ipse
1169 2873 1407 2918 perantiquus
1425 2877 1525 2908 ortus
1543 2874 1600 2916 sit,
1628 2874 1811 2919 migrasse.

313 2931 431 2976 1834]
