1915 3235
811 107 897 148 345

59 237 297 291 periculum
321 236 468 278 Cicero
491 236 593 285 vult,
625 236 701 277 sed
722 236 864 288 potius
889 248 1060 288 augere.
1109 235 1194 276 Sed
1216 234 1489 275 attendentes
1513 235 1569 276 ad
1592 235 1647 285 id,

61 309 176 361 quod
223 307 309 348 dixi
356 307 556 360 quodque
605 307 743 347 elucet
789 305 1059 359 apertissime
1108 318 1159 346 ex
1206 305 1374 345 callium
1425 306 1648 353 vocabulo,

61 378 289 432 significari
335 378 526 418 locorum
580 379 884 418 montanorum
939 376 1295 427 desertorumque
1350 375 1559 416 incertam
1610 381 1649 416 et
1671 386 1723 411 445

60 449 306 490 instabilem
339 447 674 501 percursionem,
725 460 809 499 qua
843 446 1026 487 Catilina
1064 445 1253 486 latebras
1293 450 1472 498 captans
1504 459 1652 499 perse-

61 521 327 572 quentesque
361 517 539 558 eludens
571 517 633 558 uti
665 520 824 570 posset,
857 530 944 558 non
977 515 1205 557 difficulter
1238 528 1290 556 ex
1314 515 1385 557 illa
1411 518 1654 570 corruptela

62 602 209 630 veram
241 589 498 641 scripturam
534 601 748 637 eruemus,
790 600 886 639 quae
918 589 1011 628 haec
1043 589 1127 627 est:
1177 585 1318 627 Italioe
1357 588 1481 628 calles
1514 592 1549 628 et
1572 602 1654 641 pa-

61 665 218 701 storum
250 658 415 700 stabula
439 671 678 712 pera-arare
710 659 904 712 caepisset.
967 657 1055 698 Nec
1097 659 1201 707 erat,
1244 670 1317 697 cur
1350 657 1531 698 Orellius
1563 659 1654 698 hae-

62 733 175 771 reret
206 730 249 771 in
283 729 424 770 Italiae
457 728 680 770 vocabulo.
744 730 849 770 Late
883 732 925 769 et
957 728 1047 768 sine
1080 728 1164 769 fine
1203 731 1437 780 vagaturus
1470 728 1654 769 Catilina

62 803 166 842 erat.
229 801 317 841 Nec
350 799 405 841 ad
437 800 516 840 hos
549 798 765 840 Ciceronis
798 799 1006 840 oratorios
1047 799 1210 839 colores
1251 798 1480 851 quicquam
1520 798 1653 851 perti-

61 873 146 921 net‚
195 871 415 923 quodnam
463 869 591 910 fuerit
638 869 830 910 Catilinae
871 882 1020 910 verum
1062 869 1285 910 consilium
1326 872 1400 910 aut
1442 869 1595 910 saltem
1629 883 1655 910 a

22 995 25 997 -
63 941 263 982 Sallustio
295 941 516 981 traditum.
578 940 736 992 Ipsum,
779 940 894 993 quod
933 939 1137 992 sequitur7
1179 940 1302 980 totius
1335 939 1475 980 Italae
1515 939 1655 992 suspi—

63 1012 205 1053 ciones
238 1012 472 1064 reprimere
505 1011 708 1052 debebat.

181 1082 225 1123 C.
259 1083 298 1131 6,
341 1082 393 1122 13
433 1081 591 1122 editur:
641 1081 711 1121 Aa
758 1080 1030 1133 trc'bzmatnm,
1079 1082 1176 1135 qaia
1227 1081 1311 1133 ipse
1353 1080 1410 1120 ad
1448 1094 1532 1120 sese
1571 1081 1657 1120 lam>

63 1153 223 1193 (ludam
260 1157 373 1193 cocat
405 1175 472 1202 —,
508 1156 689 1192 contento
723 1151 859 1192 studio
892 1165 1095 1205 cursuque
1130 1152 1355 1191 veniamus.
1405 1151 1490 1191 Sed
1521 1151 1656 1192 mole-

64 1224 297 1265 stissimam
329 1223 586 1275 particulam
620 1224 732 1277 quia,
773 1235 859 1275 qua
890 1221 1031 1274 posita
1066 1221 1213 1262 Cicero
1246 1221 1373 1262 nimis
1405 1221 1553 1274 putide
1586 1234 1656 1261 ra-

64 1295 221 1335 tionem
251 1296 293 1334 et
318 1307 493 1340 causam
519 1293 672 1342 reddit,
707 1292 980 1333 incommodo
1007 1293 1137 1333 etiam
1163 1293 1475 1332 sententiarum
1494 1291 1655 1341 ordine,

63 1364 174 1406 tollit
204 1364 414 1417 praeclara
447 1363 603 1404 codicis
629 1364 883 1404 Parisiensis
917 1363 1150 1415 scriptura:
1185 1363 1257 1402 Aa
1281 1362 1554 1415 tribmzatum,
1589 1362 1659 1416 qui

67 1436 150 1489 ipse
191 1434 248 1475 ad
284 1448 368 1475 sese
407 1437 486 1475 cet.
550 1434 752 1486 Sequitur
785 1447 819 1475 c.
853 1435 893 1484 6,
939 1434 992 1474 14
1033 1434 1150 1474 locus
1189 1434 1376 1486 graviter
1418 1434 1656 1484 corruptus,

66 1518 195 1558 quem
227 1505 270 1546 in
301 1505 516 1546 nonnullis
550 1504 768 1546 codicibus
808 1505 984 1545 alterius
1017 1504 1192 1544 familiae
1224 1503 1531 1556 interpolatum
1566 1515 1659 1543 esse

66 1589 197 1628 supra
230 1576 421 1624 ostendi3
454 1575 488 1616 is
521 1576 564 1616 in
596 1575 770 1628 reliquis
794 1575 1012 1616 codicibus
1035 1574 1168 1628 (quod
1191 1575 1363 1628 quidem
1388 1574 1444 1615 ad
1466 1575 1660 1614 nostram

69 1647 352 1699 quaestionem
385 1644 554 1697 attinet)
596 1645 654 1687 ita
687 1646 905 1686 scribitur:
947 1645 1013 1686 De
1045 1660 1122 1700 quo
1155 1646 1320 1701 quidem
1352 1645 1570 1686 tribunatu
1602 1645 1659 1684 ita

69 1716 223 1769 (lictum
258 1721 315 1757 est
347 1730 373 1756 a
408 1717 453 1767 Q.
481 1717 719 1770 Hortensio,
753 1722 798 1757 ‘at
831 1718 917 1757 eius
949 1717 1083 1757 oratio
1117 1730 1197 1756 non
1229 1716 1507 1768 defensionem
1543 1714 1661 1754 modo

72 1787 279 1828 m'deretur
325 1788 551 1828 criminum]
589 1789 808 1840 continere,
857 1787 929 1828 sed
976 1788 1101 1827 etiam
1147 1787 1348 1826 memoria
1387 1786 1561 1840 (liquam
1600 1786 1662 1825 uti

70 1858 147 1911 (sic
180 1859 272 1899 cod.
305 1859 403 1899 Par.
438 1861 492 1907 et,
527 1859 607 1900 hoc
640 1859 732 1899 loco
765 1871 904 1907 verus,
938 1856 1102 1905 Ursini;
1151 1857 1278 1897 Bern.
1311 1857 1427 1909 prior
1459 1856 1662 1898 memoria

70 1929 200 1983 (liqna
236 1930 306 1970 ati.
339 1929 421 1970 nisi
453 1929 556 1981 quid
589 1931 779 1970 erratum
813 1931 897 1977 est3
930 1941 1033 1968 nam
1065 1927 1108 1967 in
1133 1928 1269 1968 altero
1302 1930 1385 1968 est:
1422 1927 1664 1967 memoriam

71 2000 243 2054 (liquam
275 2001 320 2040 in
359 2014 404 2040 -ν6
427 1998 618 2054 publica)
660 2000 720 2039 rei
750 1998 932 2052 publica)
971 1997 1232 2051 capessendoe
1273 1998 1561 2038 (calamitatem
1601 1997 1664 2036 di>-

70 2072 368 2126 sciplinamque
392 2069 681 2124 praescribere.
744 2070 940 2121 Apparet
972 2069 1173 2109 universa
1213 2068 1293 2108 loci
1326 2068 1467 2109 forma
1499 2066 1663 2120 (memo-

73 2143 141 2182 ria
173 2142 345 2196 diynam
378 2142 440 2182 rei
465 2140 646 2194 publica>
686 2139 947 2193 capessenda>
989 2140 1276 2179 auctoritatem
1318 2138 1666 2192 disciplinamque

64 2210 370 2266 proescribere),
406 2225 537 2264 quam
570 2211 737 2264 pridem
772 2209 1003 2250 Turnebus
1036 2209 1162 2257 vidit;
1195 2210 1257 2250 uti
1289 2209 1546 2250 mendosum
1573 2221 1667 2249 esse

72 2285 205 2336 patet,
245 2296 323 2336 pro
363 2296 448 2335 quo
481 2282 678 2330 Orelfius,
727 2282 899 2321 secutus
933 2280 1253 2332 apertissimum
1287 2293 1475 2321 errorem
1510 2279 1666 2320 codicis

73 2353 302 2394 Bernensis
351 2353 540 2403 alterius,
589 2366 615 2393 a
661 2353 803 2405 priore
851 2351 1138 2400 desciscentis,
1187 2350 1357 2403 scripsit
1405 2351 1448 2390 in
1495 2348 1558 2401 (re
1587 2347 1667 2402 μ),

75 2424 233 2465 soloeca
265 2421 517 2475 oratione.1)
581 2423 667 2464 Sed
699 2422 986 2463 animadverti
1027 2421 1169 2471 debet,
1218 2434 1305 2462 non
1344 2420 1439 2469 diei,
1489 2419 1666 2472 quibus-

74 2508 175 2537 nam
208 2497 291 2536 ista
322 2495 575 2548 praescripta
615 2494 711 2543 sint,
761 2493 876 2545 quod
915 2492 1055 2533 omitti
1093 2505 1181 2532 non
1223 2493 1406 2544 poterat.
1470 2490 1530 2531 Eo
1569 2502 1669 2542 per-

114 2633 143 2678 1>
170 2636 272 2680 Saepe
297 2636 394 2680 apud
420 2635 629 2670 Ciceronem
655 2633 725 2678 legi
751 2635 999 2667 auctoritatem
1026 2635 1063 2666 in
1089 2643 1210 2675 causa,
1237 2633 1276 2664 in
1293 2632 1486 2671 suadendo,
1515 2629 1599 2663 dicit
1618 2629 1671 2662 vir

172 2694 408 2731 clarissimus;
447 2704 574 2727 verum
613 2692 742 2727 dicitur
779 2703 949 2735 maynam
984 2693 1021 2725 in
1052 2692 1176 2734 aliqua
1206 2701 1246 2723 re
1271 2691 1519 2724 auctoritatem
1545 2689 1672 2722 habere

172 2757 207 2787 et
244 2753 390 2790 similia;
430 2754 677 2788 auctoritatem
713 2751 765 2792 (id
803 2754 867 2791 est,
907 2750 1069 2794 regulam
1102 2749 1316 2784 auctoritate
1349 2746 1614 2788 confirmatam)
1641 2752 1672 2780 et

172 2813 400 2855 disciplinam
419 2812 656 2855 praescribere
687 2812 724 2843 in
756 2811 920 2852 faciendo
951 2820 1016 2853 pro
1048 2819 1102 2856 6ο,
1141 2809 1238 2852 quod
1270 2811 1324 2842 est
1353 2808 1522 2849 faciendi,
1563 2815 1671 2839 nemo

172 2881 259 2904 sane
285 2870 384 2904 dixit.
424 2870 597 2904 Similiter
622 2869 732 2913 paulo
750 2871 832 2912 post
850 2878 878 2901 c.
898 2867 930 2908 6,
957 2867 1001 2901 15
1026 2867 1063 2901 in
1089 2867 1214 2902 multis
1241 2867 1342 2901 codd.
1369 2866 1499 2910 legitur
1525 2866 1563 2898 in
1581 2875 1618 2897 re
1633 2875 1670 2907 p.

171 2930 419 2972 naufrayium.

1688 2438 1738 2462 446
