1915 3235
1009 87 1094 128 660

263 219 369 262 nihil
401 219 610 261 Klotzium
642 217 787 268 movit,
821 215 892 270 qui
923 217 1016 258 haec
1048 216 1101 257 de
1133 217 1214 258 1100
1245 216 1337 258 1000
1367 215 1536 268 scripsit
1560 213 1699 270 (praef.
1724 216 1805 257 vol.
1830 217 1847 257 I

265 305 307 345 p.
349 287 514 342 LXIV):
569 287 687 339 „Wir
724 292 919 329 mussten
957 287 1171 328 natiirlich
1203 285 1250 340 (Σ)
1284 287 1351 328 die
1390 287 1541 328 Lesart
1581 286 1658 328 der
1696 286 1847 328 Hand-

266 361 470 404 schriften
502 360 613 401 ohne
644 358 989 412 Verdachtigung
1019 358 1310 399 beibehalten.
1373 357 1509 407 Denn,
1542 358 1643 398 weit
1675 357 1847 410 gefehlt,

266 433 367 474 dass
400 432 467 473 die
499 430 726 484 folgenden
756 429 926 471 Worte:
973 430 1169 485 quoniam
1207 428 1373 484 quidem
1403 428 1525 469 semel
1562 429 1732 482 suscepi,
1782 428 1849 469 die

267 505 409 546 ersten
450 501 773 554 verdachtigen,
821 501 991 542 konnen
1038 500 1099 541 sie
1144 500 1191 554 ja
1230 498 1277 553 (Σ)
1316 499 1392 540 der
1434 499 1637 540 friiheren
1678 499 1849 540 Worte:

267 575 460 630 quoniam
495 572 660 627 quidem
691 572 861 626 suscepi,
895 571 957 613 als
989 572 1104 613 ihres
1137 570 1420 624 eigentlichen
1446 569 1748 622 Stiitzpunctes
1776 583 1852 623 gar

266 644 385 687 nicht
431 643 706 685 entbehren.“
773 641 906 695 (Bene
951 642 1020 683 hic
1067 641 1287 692 intellexit,
1336 654 1422 694 quo
1468 640 1704 682 referretur
1750 641 1850 681 hoc:

268 715 464 772 quoniam
495 714 659 769 quidem
690 714 811 754 semel
842 712 1032 767 suscepi.)
1100 713 1216 763 „Wir
1254 712 1434 753 Wsirden
1472 724 1661 753 unseren
1692 712 1853 752 Lesern

269 799 321 828 zu
352 785 491 838 wenig
522 785 767 834 zumuthen,
806 784 979 825 wollten
1016 785 1094 825 wir
1126 784 1193 825 die
1227 784 1365 825 Sache
1397 783 1508 824 noch
1540 781 1854 824 ausfiihrlicher

270 856 558 899 auseinander
589 856 770 896 setzen.“
822 855 921 908 Ipsa
952 855 1086 896 verba
1117 855 1254 908 posui,
1290 857 1346 905 ut,
1381 855 1454 908 qui
1486 853 1700 906 legissent,
1734 852 1854 905 igno-

271 929 441 970 scerent
471 926 576 968 mihi
606 928 745 967 totum
777 926 858 967 1100
897 939 1029 978 genus
1076 925 1369 967 acerbioribus
1417 924 1558 966 verbis
1607 924 1855 977 exagitanti.

271 998 435 1041 Eodem
467 997 581 1039 enim
612 996 742 1038 modo
772 996 918 1038 omnia
956 998 1209 1047 tractantur,
1251 999 1310 1046 ut,
1353 1009 1486 1049 quum
1525 995 1569 1036 in
1608 995 1710 1036 10015
1743 994 1855 1035 diffi-

272 1069 423 1111 cilibus
455 1070 530 1110 aut
560 1069 664 1109 nota
693 1069 738 1108 et
758 1067 963 1120 vulgaria,
998 1080 1094 1120 quae
1125 1080 1216 1108 rem
1247 1080 1334 1109 non
1366 1066 1595 1119 attingunt,
1629 1065 1858 1106 tradantur

271 1142 350 1182 aut
380 1152 595 1193 perversa,
643 1137 748 1180 nihil
779 1138 846 1189 sit,
895 1138 1011 1190 quod
1041 1151 1126 1180 non
1158 1138 1360 1191 expediat
1392 1140 1643 1189 ceterosque
1675 1130 1871 1189 gloriose

274 1211 441 1253 doceat.
503 1210 645 1262 Atque
683 1209 777 1251 haec
809 1209 1066 1251 confidentia
1099 1222 1196 1250 cum
1227 1209 1311 1260 illa,
1344 1222 1476 1262 quam
1509 1206 1856 1262 commemoravi,

275 1281 490 1335 religionis
522 1280 663 1333 specie
697 1280 924 1322 coniuncta
964 1279 1130 1321 animos
1161 1293 1248 1321 non
1285 1292 1522 1333 paucorum
1563 1279 1698 1319 movit
1729 1280 1859 1330 atque

206 1364 259 1390 325
277 1349 450 1406 cepit.¹)
526 1352 622 1393 Non
668 1351 851 1392 multum
899 1351 954 1392 ab
1002 1351 1084 1392 1100
1129 1351 1293 1392 ratione
1341 1350 1578 1392 Soldanum
1625 1348 1858 1397 discedere,

277 1425 558 1477 cognoscetur
600 1435 652 1463 ex
693 1421 930 1474 Ligarianae
972 1420 996 1473 ἓ
1028 1421 1102 1472 30,
1150 1421 1225 1462 ubi
1272 1421 1385 1462 hanc
1432 1421 1710 1473 scripturam:
1761 1419 1861 1459 bello

279 1507 508 1549 oppressus,
558 1494 602 1533 in
640 1506 682 1553 60
714 1494 802 1547 ipso
833 1506 914 1534 77077
953 1492 1125 1533 acerbus
1152 1491 1250 1545 fuit,
1296 1492 1459 1533 tametsi
1497 1495 1602 1532 totus
1641 1491 1781 1531 animo
1814 1503 1863 1530 076

279 1565 415 1607 studio
447 1569 552 1613 tuus,
586 1577 717 1617 quam
750 1565 880 1605 etiam
913 1563 1103 1605 Klotzius
1133 1563 1279 1613 habet,
1318 1563 1378 1603 ita
1410 1562 1601 1603 defendit
1624 1561 1860 1602 vertendo:

287 1635 468 1689 „gerade
500 1635 542 1675 in
574 1634 737 1675 diesem
767 1634 866 1675 kein
899 1634 1143 1675 erbitterter
1180 1633 1334 1683 Feind3
1379 1632 1578 1674 Wiewohl
1617 1630 1722 1684 (scil.
1763 1630 1863 1686 quid

282 1706 454 1762 loquor?
483 1705 692 1747 acerbus?
725 1705 795 1746 ein
827 1704 1071 1746 erbitterter
1097 1703 1230 1745 Feind
1241 1702 1277 1756 P)
1310 1701 1551 1757 (vielmehr)
1578 1715 1662 1743 von
1685 1714 1862 1755 ganzem

283 1777 452 1819 Herzen
483 1776 557 1818 Dir
595 1777 845 1829 zugethan.“
912 1775 1037 1825 Scite,
1079 1774 1358 1824 mehercules,
1398 1773 1721 1826 parenthesium
1761 1773 1864 1813 arti-

284 1848 379 1890 ficio
412 1850 464 1889 ex
495 1848 657 1888 tametsi
688 1847 789 1888 fecit
820 1860 869 1887 ae
893 1846 1045 1900 potius,
1089 1848 1131 1887 et
1175 1857 1226 1886 ex
1266 1844 1490 1886 notissimo
1530 1857 1625 1893 usu,
1673 1856 1757 1896 quo
1789 1856 1865 1896 per

285 1919 448 1961 tametsi
479 1917 725 1971 adiungitur
764 1930 877 1959 nova
917 1916 1131 1958 sententia
1173 1915 1229 1957 ad
1270 1915 1491 1968 superiora
1533 1914 1783 1967 corrigenda
1825 1916 1867 1955 et

286 1990 399 2031 intra
429 2002 552 2030 veros
591 1988 700 2030 fines
738 1987 976 2030 coercenda
1012 1987 1243 2040 pertinens,
1292 1985 1474 2039 augendi
1515 1985 1866 2038 significationem

287 2060 412 2102 nobis
445 2059 598 2101 elicuit.
646 2059 707 2100 Ea
739 2061 898 2108 autem,
932 2071 1029 2111 quae
1061 2057 1192 2107 addit,
1226 2061 1373 2098 narrat
1403 2056 1531 2097 etiam
1555 2055 1866 2096 Germanorum

288 2130 597 2173 consuetudine
628 2143 756 2182 posse
789 2128 940 2178 omitti,
974 2130 1022 2169 ut
1051 2127 1138 2169 iam
1169 2127 1371 2177 nesciam,
1414 2139 1488 2167 cur
1517 2139 1604 2167 non
1636 2126 1696 2167 sic
1727 2128 1866 2167 verte-

290 2202 364 2243 rit:
397 2201 493 2241 kein
524 2200 753 2241 erbitterter
787 2199 934 2249 Feind,
966 2197 1147 2240 wiewohl
1178 2210 1256 2238 0077
1284 2210 1458 2252 9077706777
1491 2196 1659 2238 Herzen
1682 2196 1769 2238 Dz'r
1798 2210 1867 2237 zu·
1909 2248 1911 2251 ι

289 2272 454 2327 96117077.
516 2271 685 2312 Scilicet
730 2270 810 2312 etsi
856 2270 992 2311 multa
1037 2269 1081 2310 in
1125 2269 1191 2309 his
1237 2267 1662 2320 interpretationibus
1708 2267 1869 2320 patitur

292 2355 434 2384 sermo
466 2342 758 2391 Germanicus,
799 2344 947 2382 tamen
978 2353 1064 2381 non
1095 2349 1269 2392 prorsus
1300 2340 1391 2379 10111
1423 2338 1590 2390 patiens
1623 2339 1704 2397 est,⁴
1736 2350 1868 2390 quam

294 2413 493 2454 Latinum
540 2425 633 2453 esse
678 2410 839 2453 volunt.
922 2410 1034 2461 Quid
1081 2423 1132 2451 ex
1179 2408 1371 2450 codicum
1419 2408 1629 2461 scriptura
1683 2406 1869 2461 (sublato
1913 2447 1915 2449 ,

391 2562 493 2607 quasi
517 2564 732 2606 praecederet
759 2562 965 2598 huiusmodi
997 2561 1148 2605 aliquid:
1185 2562 1314 2595 deesset
1342 2562 1506 2603 fortasse,
1544 2561 1577 2594 si
1606 2560 1671 2594 alii
1701 2561 1870 2603 suscepis-
1911 2565 1915 2607 j

391 2626 487 2662 sent,·
511 2623 680 2665 quoniam
704 2634 763 2665 eqo
789 2624 936 2666 suscepi,
962 2632 1033 2655 77077
1056 2622 1160 2654 deest.
1913 2660 1915 2663 .

338 2679 367 2722 ¹)
390 2680 459 2715 Pro
483 2680 587 2714 Rosc.
614 2680 693 2718 Am.
720 2680 741 2723 ᾖ
760 2680 827 2714 150
843 2679 1000 2714 Klotzius
1025 2678 1171 2712 retinuit
1197 2678 1289 2712 hanc
1314 2677 1545 2721 scripturam:
1570 2678 1644 2711 nisi
1667 2678 1773 2711 etiam
1792 2688 1871 2710 erun
1912 2680 1915 2722 ζ

394 2740 533 2774 delitate
557 2740 745 2783 sanquinis
763 2740 918 2782 perlitus
942 2740 998 2779 sit,
1025 2748 1104 2781 quae
1136 2747 1246 2780 quam
1279 2740 1372 2770 esset
1402 2746 1572 2780 perversa
1596 2746 1740 2779 quoque
1766 2735 1871 2769 modo
1907 2734 1915 2787 j

397 2796 632 2838 emendanda,
663 2796 823 2831 dixeram
853 2797 891 2831 in
915 2796 1097 2841 superiore
1122 2794 1279 2830 editione
1309 2794 1454 2839 (Opusc.
1479 2805 1514 2838 p.
1542 2793 1633 2836 127).
1680 2794 1722 2828 In
1747 2793 1872 2838 praefa-
1899 2790 1915 2818 -J

397 2856 494 2890 tione
519 2855 587 2889 vol.
614 2855 629 2888 I
654 2866 686 2899 p.
713 2854 819 2889 XCV1
844 2866 963 2889 meam
989 2853 1277 2889 emendationem
1302 2853 1441 2898 probat,
1473 2852 1651 2897 adscripto
1675 2853 1754 2887 loco
1779 2851 1871 2887 Cice·
1902 2882 1915 2906 ..a

399 2915 495 2950 ronis
520 2914 564 2948 de
589 2912 628 2948 N.
654 2913 696 2947 D.
721 2913 770 2947 III
794 2911 815 2955 ὅ
840 2912 895 2947 80.
1908 2906 1915 2916 ⁴
