1915 3235
160 1829 194 1853 46

967 51 1020 91 36

201 189 312 229 Aiax
360 198 511 240 poenas
567 184 727 236 exigat;
783 182 966 221 mortem
1017 178 1211 219 Brutidio
1269 177 1519 230 impendere
1567 177 1791 230 significat,

203 272 374 312 poenam
424 255 586 308 frigidae
632 250 1033 293 declamatiunculae
1076 249 1315 290 immissam
1365 249 1420 313 ab
1468 249 1600 289 Aiace
1650 249 1792 302 inepte

203 330 393 370 defenso.

321 399 388 439 Ab
437 398 500 445 iis,
549 408 645 447 quae
683 395 813 446 poeta
855 393 966 432 tecte
1010 393 1085 431 aut
1124 390 1378 443 significavit
1417 394 1491 431 aut
1531 391 1795 443 significasse

205 470 390 511 creditus
424 471 500 508 est.
535 466 591 506 ad
623 465 729 505 duos
762 463 876 504 locos
903 462 1239 514 disputationem
1264 461 1538 511 transferam,
1572 462 1617 502 in
1640 462 1796 515 quibus

205 539 600 582 commemorantur
633 537 780 587 aperte
813 546 881 574 res
922 532 991 573 illo
1031 534 1226 585 tempore
1266 532 1393 585 vulgo
1431 534 1558 581 notae,
1608 532 1686 573 sed
1724 533 1796 582 ita,

205 614 252 650 ut
306 610 534 650 obscurum
591 619 684 646 esse
743 607 919 657 propter
973 603 1162 644 historiae
1217 604 1531 656 ignorationem
1586 603 1797 652 videatur,

206 680 354 733 quales
388 679 558 719 fuerint.
622 677 669 716 ln
702 688 884 728 quorum
919 674 1054 714 altero
1087 674 1447 726 reprehendenda
1489 677 1554 715 est
1592 675 1634 716 in
1673 688 1800 716 enar-

206 751 435 796 ratoribus,
480 761 567 789 non
599 751 645 787 ut
679 747 821 795 antea,
871 746 1124 798 suspicionis
1158 745 1354 795 audacia,
1403 745 1492 789 sed.
1541 746 1658 798 quod
1689 760 1800 799 prae-

206 825 325 862 terea
358 821 507 860 vitium
541 819 660 859 initio
692 818 852 864 notavi,
902 817 1028 857 nimis
1062 817 1190 857 anxia
1223 815 1449 865 dubitatio,
1498 829 1585 858 non
1622 817 1804 858 firmiter

208 905 259 932 ea
299 891 491 943 vestigia,
541 902 637 942 quae
679 902 703 929 a
742 890 871 941 poeta
911 888 1052 940 posita
1091 891 1203 936 sunt,
1253 888 1507 928 tenentium.
1578 888 1624 928 In
1663 889 1802 930 tertiae

207 963 322 1003 enim
354 962 498 1002 satirae
531 974 570 1000 V.
600 960 678 1000 117
715 964 757 999 et
794 959 874 1000 118
909 961 1052 1011 poeta,
1086 961 1319 1011 postquam
1351 958 1582 1011 Egnatium
1608 959 1801 1001 Celerem

207 1033 391 1074 Baream
433 1031 646 1072 Soranum
688 1030 875 1071 amicum
916 1029 1131 1070 delatione
1180 1042 1259 1070 sua
1299 1030 1504 1070 evertisse
1545 1030 1669 1079 dixit,
1719 1044 1804 1083 quo

211 1105 300 1146 loco
326 1104 531 1156 Egnatius
557 1102 743 1142 nutritus
766 1103 892 1149 esset,
921 1113 999 1153 per
1023 1100 1102 1140 has
1130 1101 1337 1154 ambages
1362 1101 1693 1142 circumlocutus
1719 1104 1803 1143 est:

635 1209 726 1260 ripa
760 1208 948 1248 nutritus
982 1207 1024 1247 in
1057 1207 1140 1248 illa.

329 1281 397 1321 Ad
429 1293 559 1332 quam
595 1279 807 1331 Gorgonei
841 1278 1019 1331 delapsa
1053 1280 1119 1318 est
1150 1278 1282 1330 pinna
1316 1278 1491 1320 caballi:

211 1388 367 1440 quibus
401 1387 543 1427 verbis
577 1399 673 1437 quae
706 1385 823 1437 regio
864 1384 1138 1437 significetur.
1189 1384 1298 1425 adeo
1338 1384 1608 1433 dissentiunt,
1659 1388 1707 1426 ut
1739 1385 1809 1426 alii

213 1459 413 1507 Tarsum,
463 1457 532 1498 alii
566 1457 753 1505 Cretam,
804 1456 873 1496 alii
908 1455 1098 1504 Thebas,
1150 1455 1220 1496 alii
1256 1455 1575 1508 Hippocrenen,
1626 1457 1695 1497 alii
1728 1456 1810 1497 Co-

212 1529 402 1570 rinthum
436 1528 688 1580 intelligant,
721 1527 958 1578 Rupertius
992 1528 1122 1567 etiam
1157 1527 1343 1580 plurium
1370 1528 1561 1569 locorum
1591 1528 1811 1580 optionem

214 1601 299 1641 det.
348 1600 394 1640 In
428 1613 514 1651 quo
546 1597 792 1638 mirandum
827 1600 903 1647 est,
940 1603 1013 1638 aut
1039 1601 1213 1651 poetam
1239 1602 1329 1639 tam
1357 1600 1559 1652 ambigue
1590 1601 1632 1639 et
1662 1599 1811 1639 vitiose

213 1671 403 1712 locutum
438 1683 544 1710 esse.
587 1671 674 1709 aut.
716 1669 749 1708 si
789 1669 822 1708 is
857 1669 1046 1722 delapsae
1077 1669 1230 1721 Pegasi
1271 1671 1413 1722 pinnae
1458 1670 1676 1711 mentione
1709 1670 1813 1710 satis

214 1742 355 1782 locum
390 1741 638 1789 declaravit,
689 1740 798 1780 adeo
839 1740 1137 1780 obscuratam·
1161 1754 1254 1781 esse
1295 1754 1409 1782 nune
1451 1742 1569 1782 illam
1603 1740 1811 1790 fabulam,

214 1815 263 1853 ut
294 1815 415 1853 tanta
450 1812 663 1852 dubitatio
697 1824 790 1852 esse
831 1812 979 1862 possit.
1043 1811 1202 1852 Verum
1246 1812 1364 1852 nulla
1406 1814 1546 1865 poetae
1591 1812 1715 1864 culpa
1751 1814 1816 1852 est

214 1896 294 1924 nec
326 1896 394 1924 res
427 1884 605 1924 incerta.
668 1882 778 1923 Nam
813 1895 954 1934 neque
988 1883 1031 1922 in
1064 1882 1192 1923 Creta
1232 1896 1373 1936 neque
1417 1884 1460 1924 in
1501 1883 1667 1932 ceteris,
1718 1882 1815 1934 quae

217 1957 572 2003 commemorant,
622 1954 724 1995 locis
772 1956 930 2006 praeter
979 1953 1165 1993 Tarsum
1213 1954 1339 1995 huius
1383 1954 1542 1995 fabulae
1585 1954 1814 2007 vestigium

217 2026 335 2078 apud
374 2039 637 2078 quemquam
680 2028 875 2066 veterum
910 2025 1276 2077 deprehendimus
1319 2024 1555 2077 (diversum
1590 2028 1655 2066 est
1687 2026 1815 2074 enim,

217 2097 432 2149 Pegasum
473 2097 697 2138 devolasse
739 2097 781 2136 in
823 2096 1009 2148 aliquem
1049 2096 1190 2137 locum
1235 2099 1309 2136 aut
1350 2096 1506 2137 alicubi
1547 2095 1817 2148 inventum);

219 2170 381 2208 certam
416 2168 565 2208 sedem
598 2181 648 2208 ea
682 2168 876 2208 habebat
909 2168 951 2208 in
984 2167 1115 2208 nobili
1151 2167 1433 2207 Tarsensium
1457 2168 1564 2208 urbe
1595 2167 1650 2208 ad
1678 2168 1817 2221 ripam

220 2239 357 2291 Cydni
395 2239 549 2290 posita,
599 2240 720 2279 cuius
760 2251 919 2279 nomen
960 2238 1216 2291 plerumque
1256 2238 1462 2290 originem
1504 2239 1666 2279 habere
1708 2238 1818 2278 fere-

222 2310 350 2349 batur
384 2322 407 2349 a
440 2322 555 2363 ταρσῷ
585 2309 739 2362 Pegasi
773 2309 964 2362 delapso,
1009 2322 1138 2362 quem
1173 2309 1243 2349 alii
1276 2309 1468 2361 pinnam,
1511 2309 1581 2350 alii
1614 2309 1819 2362 ungulam

224 2381 634 2432 interpretabantur,
676 2394 927 2433 quanquam
970 2380 1167 2420 variabat
1201 2379 1331 2429 fama,
1376 2394 1454 2433 pro
1487 2380 1819 2432 Bellerophonte

223 2451 315 2491 aliis
347 2451 554 2492 Perseum
589 2454 631 2491 et
663 2465 741 2503 pro
773 2464 887 2505 ταρσῷ
920 2451 1073 2503 Pegasi
1106 2451 1261 2491 talaria
1293 2451 1437 2491 Persei
1475 2464 1820 2492 commemoran-

222 2522 338 2562 tibus
372 2521 473 2574 (vid.
508 2522 682 2575 Dionys.
715 2523 880 2574 Perieg.
915 2536 953 2562 v,
972 2529 1106 2576 Ταρσὸς
1138 2524 1181 2562 et
1212 2522 1270 2562 ibi
1304 2522 1500 2562 Eustath.
1529 2522 1681 2563 Avien.
1710 2521 1821 2562 1033

225 2606 317 2644 sqq.
351 2592 499 2644 Steph.
533 2592 710 2645 Byzant.
745 2606 785 2644 p.
820 2593 904 2633 638
938 2593 1005 2633 ed.
1039 2593 1132 2633 Pin.
1167 2596 1209 2634 et
1241 2607 1348 2646 quos
1382 2592 1560 2633 Cramer
1601 2592 1656 2633 ad
1689 2592 1820 2633 schol.

226 2663 370 2703 iuven.
405 2662 582 2715 citavit).
647 2663 708 2704 Ea
741 2664 868 2716 igitur
901 2665 1004 2704 urbs
1038 2665 1141 2716 quin
1173 2665 1288 2704 recte
1322 2676 1344 2703 a
1387 2662 1618 2704 scholiasta
1652 2665 1695 2703 et
1725 2666 1824 2715 post

227 2746 325 2774 eum
360 2733 452 2774 aliis
484 2734 564 2775 hoc
600 2734 690 2775 loco
724 2733 937 2776 intellecta
973 2736 1039 2783 sit,
1074 2735 1263 2775 dubitari
1280 2734 1442 2786 nequit.
1492 2733 1677 2775 Obstare
1702 2733 1822 2774 vide-

231 2809 297 2845 tur
321 2804 467 2845 Dionis
492 2805 625 2845 Cassii
653 2805 959 2854 testimonium.v
995 2807 1067 2858 qui
1086 2805 1227 2858 (LXII,
1254 2804 1327 2857 26)
1348 2805 1578 2857 Egnatium
1603 2804 1749 2858 Beryti
1781 2805 1824 2845 in

228 2875 351 2929 Syria
375 2880 526 2916 natum
551 2875 696 2924 tradit,
732 2878 773 2915 et
799 2876 1006 2918 obstaret.
1041 2877 1075 2916 si
1100 2876 1325 2924 luvenalis,
1360 2875 1474 2928 quod
1503 2875 1629 2928 vulgo
1654 2877 1822 2927 putant,
