<?xml version="1.0" encoding="UTF-8"?>
<!DOCTYPE html PUBLIC "-//W3C//DTD XHTML 1.0 Transitional//EN"
    "http://www.w3.org/TR/xhtml1/DTD/xhtml1-transitional.dtd">
<html xmlns="http://www.w3.org/1999/xhtml" xml:lang="en" lang="en">
 <head>
  <title>
</title>
<meta http-equiv="Content-Type" content="text/html;charset=utf-8" />
  <meta name='ocr-system' content='tesseract 3.04.00' />
  <meta name='ocr-capabilities' content='ocr_page ocr_carea ocr_par ocr_line ocrx_word'/>
</head>
<body>
  <div class='ocr_page' id='page_1' title='image "./ionicolaimadvigi00madvuoft_0052.png"; bbox 0 0 1915 3235; ppageno 0'>
   <div class='ocr_carea' id='block_1_1' title="bbox 138 809 170 833">
    <p class='ocr_par' dir='ltr' id='par_1_1' title="bbox 138 809 170 833">
     <span class='ocr_line' id='line_1_1' title="bbox 138 809 170 833; baseline 0 0"><span class='ocrx_word' id='word_1_1' title='bbox 138 809 170 833; x_wconf 77' lang='lat'>38</span> 
     </span>
    </p>
   </div>
   <div class='ocr_carea' id='block_1_2' title="bbox 962 96 1018 136">
    <p class='ocr_par' dir='ltr' id='par_1_2' title="bbox 962 96 1018 136">
     <span class='ocr_line' id='line_1_2' title="bbox 962 96 1018 136; baseline 0 0"><span class='ocrx_word' id='word_1_2' title='bbox 962 96 1018 136; x_wconf 82' lang='lat'>30</span> 
     </span>
    </p>
   </div>
   <div class='ocr_carea' id='block_1_3' title="bbox 179 223 1790 2619">
    <p class='ocr_par' dir='ltr' id='par_1_3' title="bbox 179 223 1790 2619">
     <span class='ocr_line' id='line_1_3' title="bbox 194 223 1785 283; baseline -0.004 -11"><span class='ocrx_word' id='word_1_3' title='bbox 194 230 320 283; x_wconf 84' lang='lat' dir='ltr'>pibus</span> <span class='ocrx_word' id='word_1_4' title='bbox 365 232 407 270; x_wconf 89' lang='lat' dir='ltr'>et</span> <span class='ocrx_word' id='word_1_5' title='bbox 449 227 551 268; x_wconf 88' lang='lat' dir='ltr'>nihil</span> <span class='ocrx_word' id='word_1_6' title='bbox 595 240 620 267; x_wconf 88' lang='lat' dir='ltr'>a</span> <span class='ocrx_word' id='word_1_7' title='bbox 660 225 895 266; x_wconf 86' lang='lat' dir='ltr'>maioribus</span> <span class='ocrx_word' id='word_1_8' title='bbox 929 223 1112 274; x_wconf 82' lang='lat' dir='ltr'>habuit),</span> <span class='ocrx_word' id='word_1_9' title='bbox 1160 224 1349 275; x_wconf 86' lang='lat' dir='ltr'>perverti</span> <span class='ocrx_word' id='word_1_10' title='bbox 1390 225 1477 265; x_wconf 82' lang='lat' dir='ltr'>vim</span> <span class='ocrx_word' id='word_1_11' title='bbox 1520 225 1651 266; x_wconf 88' lang='lat' dir='ltr'>totius</span> <span class='ocrx_word' id='word_1_12' title='bbox 1693 225 1785 276; x_wconf 83' lang='lat' dir='ltr'>loci,</span> 
     </span>
     <span class='ocr_line' id='line_1_4' title="bbox 194 294 1788 346; baseline -0.004 -4"><span class='ocrx_word' id='word_1_13' title='bbox 194 301 273 342; x_wconf 90' lang='lat' dir='ltr'>nisi</span> <span class='ocrx_word' id='word_1_14' title='bbox 317 299 470 341; x_wconf 88' lang='lat' dir='ltr'>nobilis</span> <span class='ocrx_word' id='word_1_15' title='bbox 514 299 643 338; x_wconf 88' lang='lat' dir='ltr'>homo</span> <span class='ocrx_word' id='word_1_16' title='bbox 688 301 729 336; x_wconf 86' lang='lat' dir='ltr'>et</span> <span class='ocrx_word' id='word_1_17' title='bbox 762 296 844 335; x_wconf 90' lang='lat' dir='ltr'>ista</span> <span class='ocrx_word' id='word_1_18' title='bbox 887 296 978 335; x_wconf 86' lang='lat' dir='ltr'>arte</span> <span class='ocrx_word' id='word_1_19' title='bbox 1022 294 1222 346; x_wconf 82' lang='lat' dir='ltr'>indignus</span> <span class='ocrx_word' id='word_1_20' title='bbox 1267 307 1319 334; x_wconf 82' lang='lat' dir='ltr'>ex</span> <span class='ocrx_word' id='word_1_21' title='bbox 1363 294 1519 336; x_wconf 88' lang='lat' dir='ltr'>divitiis</span> <span class='ocrx_word' id='word_1_22' title='bbox 1563 296 1688 336; x_wconf 83' lang='lat' dir='ltr'>avitis</span> <span class='ocrx_word' id='word_1_23' title='bbox 1731 296 1788 337; x_wconf 88' lang='lat' dir='ltr'>ad</span> 
     </span>
     <span class='ocr_line' id='line_1_5' title="bbox 194 364 1784 423; baseline -0.003 -11"><span class='ocrx_word' id='word_1_24' title='bbox 194 371 382 423; x_wconf 88' lang='lat' dir='ltr'>inopiam</span> <span class='ocrx_word' id='word_1_25' title='bbox 416 369 616 410; x_wconf 85' lang='lat' dir='ltr'>redactus</span> <span class='ocrx_word' id='word_1_26' title='bbox 650 366 925 418; x_wconf 74' lang='lat' dir='ltr'>intelligatur.</span> <span class='ocrx_word' id='word_1_27' title='bbox 989 364 1073 405; x_wconf 87' lang='lat' dir='ltr'>Sed</span> <span class='ocrx_word' id='word_1_28' title='bbox 1113 365 1344 406; x_wconf 78' lang='lat' dir='ltr'>redeamus</span> <span class='ocrx_word' id='word_1_29' title='bbox 1378 365 1434 406; x_wconf 90' lang='lat' dir='ltr'>ad</span> <span class='ocrx_word' id='word_1_30' title='bbox 1465 368 1606 418; x_wconf 83' lang='lat' dir='ltr'>poetae</span> <span class='ocrx_word' id='word_1_31' title='bbox 1638 366 1784 417; x_wconf 82' lang='lat' dir='ltr'>Verba,</span> 
     </span>
     <span class='ocr_line' id='line_1_6' title="bbox 193 435 1787 494; baseline -0.003 -12"><span class='ocrx_word' id='word_1_32' title='bbox 193 441 348 494; x_wconf 88' lang='lat' dir='ltr'>quibus</span> <span class='ocrx_word' id='word_1_33' title='bbox 397 452 553 480; x_wconf 88' lang='lat' dir='ltr'>munus</span> <span class='ocrx_word' id='word_1_34' title='bbox 600 438 726 478; x_wconf 90' lang='lat' dir='ltr'>unius</span> <span class='ocrx_word' id='word_1_35' title='bbox 776 436 954 477; x_wconf 86' lang='lat' dir='ltr'>alicuius</span> <span class='ocrx_word' id='word_1_36' title='bbox 1011 435 1198 476; x_wconf 81' lang='lat' dir='ltr'>cohortis</span> <span class='ocrx_word' id='word_1_37' title='bbox 1253 437 1453 489; x_wconf 84' lang='lat' dir='ltr'>regendae</span> <span class='ocrx_word' id='word_1_38' title='bbox 1509 437 1787 490; x_wconf 81' lang='lat' dir='ltr'>significatur.</span> 
     </span>
     <span class='ocr_line' id='line_1_7' title="bbox 194 504 1787 560; baseline -0.003 -7"><span class='ocrx_word' id='word_1_39' title='bbox 194 512 482 553; x_wconf 80' lang='lat' dir='ltr'>Tribunatum</span> <span class='ocrx_word' id='word_1_40' title='bbox 515 509 744 550; x_wconf 85' lang='lat' dir='ltr'>militarem</span> <span class='ocrx_word' id='word_1_41' title='bbox 781 507 950 560; x_wconf 82' lang='lat' dir='ltr'>Lipsius</span> <span class='ocrx_word' id='word_1_42' title='bbox 983 504 1054 558; x_wconf 85' lang='lat' dir='ltr'>(de</span> <span class='ocrx_word' id='word_1_43' title='bbox 1087 506 1209 547; x_wconf 86' lang='lat' dir='ltr'>milit.</span> <span class='ocrx_word' id='word_1_44' title='bbox 1236 506 1504 559; x_wconf 79' lang='lat' dir='ltr'>Rom.11,9)</span> <span class='ocrx_word' id='word_1_45' title='bbox 1536 513 1634 560; x_wconf 87' lang='lat' dir='ltr'>post</span> <span class='ocrx_word' id='word_1_46' title='bbox 1662 509 1787 550; x_wconf 89' lang='lat' dir='ltr'>scho-</span> 
     </span>
     <span class='ocr_line' id='line_1_8' title="bbox 190 577 1790 631; baseline -0.002 -8"><span class='ocrx_word' id='word_1_47' title='bbox 190 583 363 624; x_wconf 86' lang='lat' dir='ltr'>liastam</span> <span class='ocrx_word' id='word_1_48' title='bbox 396 580 623 627; x_wconf 79' lang='lat' dir='ltr'>intellexit;</span> <span class='ocrx_word' id='word_1_49' title='bbox 658 580 699 619; x_wconf 90' lang='lat' dir='ltr'>et</span> <span class='ocrx_word' id='word_1_50' title='bbox 724 578 828 618; x_wconf 85' lang='lat' dir='ltr'>satis</span> <span class='ocrx_word' id='word_1_51' title='bbox 853 578 1019 618; x_wconf 88' lang='lat' dir='ltr'>lautum</span> <span class='ocrx_word' id='word_1_52' title='bbox 1046 577 1178 618; x_wconf 85' lang='lat' dir='ltr'>fuisse</span> <span class='ocrx_word' id='word_1_53' title='bbox 1203 578 1273 619; x_wconf 91' lang='lat' dir='ltr'>illo</span> <span class='ocrx_word' id='word_1_54' title='bbox 1297 580 1492 631; x_wconf 86' lang='lat' dir='ltr'>tempore</span> <span class='ocrx_word' id='word_1_55' title='bbox 1518 579 1790 620; x_wconf 86' lang='lat' dir='ltr'>tribunorum</span> 
     </span>
     <span class='ocr_line' id='line_1_9' title="bbox 191 648 1787 705; baseline -0.002 -12"><span class='ocrx_word' id='word_1_56' title='bbox 191 652 453 705; x_wconf 78' lang='lat' dir='ltr'>stipendium</span> <span class='ocrx_word' id='word_1_57' title='bbox 497 651 618 702; x_wconf 88' lang='lat' dir='ltr'>patet</span> <span class='ocrx_word' id='word_1_58' title='bbox 662 662 713 689; x_wconf 83' lang='lat' dir='ltr'>ex</span> <span class='ocrx_word' id='word_1_59' title='bbox 758 648 903 689; x_wconf 81' lang='lat' dir='ltr'>Iuven.</span> <span class='ocrx_word' id='word_1_60' title='bbox 949 651 1029 689; x_wconf 88' lang='lat' dir='ltr'>sat.</span> <span class='ocrx_word' id='word_1_61' title='bbox 1063 648 1136 698; x_wconf 83' lang='lat' dir='ltr'>III,</span> <span class='ocrx_word' id='word_1_62' title='bbox 1190 648 1272 689; x_wconf 77' lang='lat'>132</span> <span class='ocrx_word' id='word_1_63' title='bbox 1315 651 1357 690; x_wconf 87' lang='lat' dir='ltr'>et</span> <span class='ocrx_word' id='word_1_64' title='bbox 1401 649 1509 690; x_wconf 89' lang='lat' dir='ltr'>Plin.</span> <span class='ocrx_word' id='word_1_65' title='bbox 1543 649 1656 690; x_wconf 84' lang='lat' dir='ltr'>Hist.</span> <span class='ocrx_word' id='word_1_66' title='bbox 1689 650 1787 691; x_wconf 88' lang='lat' dir='ltr'>Nat.</span> 
     </span>
     <span class='ocr_line' id='line_1_10' title="bbox 191 719 1787 773; baseline -0.001 -9"><span class='ocrx_word' id='word_1_67' title='bbox 191 722 378 770; x_wconf 79' lang='lat' dir='ltr'>XXXIV,</span> <span class='ocrx_word' id='word_1_68' title='bbox 413 721 438 761; x_wconf 78' lang='lat'>3</span> <span class='ocrx_word' id='word_1_69' title='bbox 473 719 584 773; x_wconf 86' lang='lat'>(11);</span> <span class='ocrx_word' id='word_1_70' title='bbox 633 720 710 761; x_wconf 90' lang='lat' dir='ltr'>sed</span> <span class='ocrx_word' id='word_1_71' title='bbox 742 723 902 768; x_wconf 86' lang='lat' dir='ltr'>tamen,</span> <span class='ocrx_word' id='word_1_72' title='bbox 946 719 1061 771; x_wconf 87' lang='lat' dir='ltr'>quod</span> <span class='ocrx_word' id='word_1_73' title='bbox 1094 719 1261 771; x_wconf 87' lang='lat' dir='ltr'>Lipsius</span> <span class='ocrx_word' id='word_1_74' title='bbox 1295 721 1552 772; x_wconf 88' lang='lat' dir='ltr'>suspicatur,</span> <span class='ocrx_word' id='word_1_75' title='bbox 1592 720 1787 762; x_wconf 87' lang='lat' dir='ltr'>tribunos</span> 
     </span>
     <span class='ocr_line' id='line_1_11' title="bbox 191 790 1786 844; baseline -0.001 -10"><span class='ocrx_word' id='word_1_76' title='bbox 191 793 430 834; x_wconf 80' lang='lat' dir='ltr'>cohortium</span> <span class='ocrx_word' id='word_1_77' title='bbox 472 791 739 844; x_wconf 80' lang='lat' dir='ltr'>singularum</span> <span class='ocrx_word' id='word_1_78' title='bbox 779 790 1067 842; x_wconf 83' lang='lat' dir='ltr'>regendarum</span> <span class='ocrx_word' id='word_1_79' title='bbox 1109 803 1265 831; x_wconf 88' lang='lat' dir='ltr'>munus</span> <span class='ocrx_word' id='word_1_80' title='bbox 1305 790 1524 841; x_wconf 85' lang='lat' dir='ltr'>habuisse,</span> <span class='ocrx_word' id='word_1_81' title='bbox 1573 793 1786 843; x_wconf 87' lang='lat' dir='ltr'>auctoque</span> 
     </span>
     <span class='ocr_line' id='line_1_12' title="bbox 190 861 1783 915; baseline -0.001 -11"><span class='ocrx_word' id='word_1_82' title='bbox 190 877 338 905; x_wconf 88' lang='lat' dir='ltr'>eorum</span> <span class='ocrx_word' id='word_1_83' title='bbox 372 875 552 903; x_wconf 88' lang='lat' dir='ltr'>numero</span> <span class='ocrx_word' id='word_1_84' title='bbox 592 861 769 914; x_wconf 81' lang='lat' dir='ltr'>singulis</span> <span class='ocrx_word' id='word_1_85' title='bbox 810 861 988 913; x_wconf 82' lang='lat' dir='ltr'>legionis</span> <span class='ocrx_word' id='word_1_86' title='bbox 1028 861 1505 913; x_wconf 82' lang='lat' dir='ltr'>cohortibus&#39;singulos</span> <span class='ocrx_word' id='word_1_87' title='bbox 1544 861 1783 915; x_wconf 80' lang='lat' dir='ltr'>praefuisse,</span> 
     </span>
     <span class='ocr_line' id='line_1_13' title="bbox 188 932 1785 986; baseline -0.001 -11"><span class='ocrx_word' id='word_1_88' title='bbox 188 936 400 975; x_wconf 86' lang='lat' dir='ltr'>incertum</span> <span class='ocrx_word' id='word_1_89' title='bbox 441 937 506 973; x_wconf 84' lang='lat' dir='ltr'>est</span> <span class='ocrx_word' id='word_1_90' title='bbox 554 932 688 986; x_wconf 84' lang='lat' dir='ltr'>(aliud</span> <span class='ocrx_word' id='word_1_91' title='bbox 722 935 787 973; x_wconf 91' lang='lat' dir='ltr'>est</span> <span class='ocrx_word' id='word_1_92' title='bbox 828 933 954 981; x_wconf 88' lang='lat' dir='ltr'>enim,</span> <span class='ocrx_word' id='word_1_93' title='bbox 998 932 1246 973; x_wconf 75' lang='lat' dir='ltr'>cohortibus</span> <span class='ocrx_word' id='word_1_94' title='bbox 1287 946 1313 973; x_wconf 88' lang='lat' dir='ltr'>a</span> <span class='ocrx_word' id='word_1_95' title='bbox 1353 945 1531 985; x_wconf 88' lang='lat' dir='ltr'>corpore</span> <span class='ocrx_word' id='word_1_96' title='bbox 1569 933 1785 985; x_wconf 80' lang='lat' dir='ltr'>legionum</span> 
     </span>
     <span class='ocr_line' id='line_1_14' title="bbox 190 1001 1786 1058; baseline -0.002 -11"><span class='ocrx_word' id='word_1_97' title='bbox 190 1006 401 1058; x_wconf 86' lang='lat' dir='ltr'>separatis</span> <span class='ocrx_word' id='word_1_98' title='bbox 434 1004 660 1057; x_wconf 69' lang='lat' dir='ltr'>praefuisse</span> <span class='ocrx_word' id='word_1_99' title='bbox 692 1001 922 1055; x_wconf 82' lang='lat' dir='ltr'>tribunos),</span> <span class='ocrx_word' id='word_1_100' title='bbox 972 1003 1051 1043; x_wconf 86' lang='lat' dir='ltr'>etsi</span> <span class='ocrx_word' id='word_1_101' title='bbox 1093 1003 1348 1044; x_wconf 87' lang='lat' dir='ltr'>confirmare</span> <span class='ocrx_word' id='word_1_102' title='bbox 1389 1016 1486 1044; x_wconf 88' lang='lat' dir='ltr'>eam</span> <span class='ocrx_word' id='word_1_103' title='bbox 1525 1004 1786 1044; x_wconf 77' lang='lat' dir='ltr'>sententiam</span> 
     </span>
     <span class='ocr_line' id='line_1_15' title="bbox 188 1074 1788 1126; baseline -0.002 -8"><span class='ocrx_word' id='word_1_104' title='bbox 188 1078 333 1118; x_wconf 86' lang='lat' dir='ltr'>Morus</span> <span class='ocrx_word' id='word_1_105' title='bbox 367 1076 422 1117; x_wconf 91' lang='lat' dir='ltr'>ad</span> <span class='ocrx_word' id='word_1_106' title='bbox 456 1075 564 1117; x_wconf 78' lang='lat' dir='ltr'>Caes.</span> <span class='ocrx_word' id='word_1_107' title='bbox 598 1075 645 1115; x_wconf 90' lang='lat' dir='ltr'>B.</span> <span class='ocrx_word' id='word_1_108' title='bbox 681 1074 770 1115; x_wconf 83' lang='lat' dir='ltr'>Civ.</span> <span class='ocrx_word' id='word_1_109' title='bbox 805 1075 852 1123; x_wconf 84' lang='grc' dir='ltr'>ΙΙ,</span> <span class='ocrx_word' id='word_1_110' title='bbox 894 1074 950 1114; x_wconf 77' lang='grc'>20</span> <span class='ocrx_word' id='word_1_111' title='bbox 982 1074 1147 1126; x_wconf 83' lang='lat' dir='ltr'>Vegetii</span> <span class='ocrx_word' id='word_1_112' title='bbox 1180 1075 1436 1115; x_wconf 86' lang='lat' dir='ltr'>auctoritate</span> <span class='ocrx_word' id='word_1_113' title='bbox 1471 1076 1662 1124; x_wconf 87' lang='lat' dir='ltr'>conatur,</span> <span class='ocrx_word' id='word_1_114' title='bbox 1701 1087 1788 1115; x_wconf 88' lang='lat' dir='ltr'>non</span> 
     </span>
     <span class='ocr_line' id='line_1_16' title="bbox 189 1141 1785 1197; baseline -0.002 -8"><span class='ocrx_word' id='word_1_115' title='bbox 189 1149 293 1189; x_wconf 86' lang='lat' dir='ltr'>satis</span> <span class='ocrx_word' id='word_1_116' title='bbox 336 1147 462 1187; x_wconf 85' lang='lat' dir='ltr'>firma</span> <span class='ocrx_word' id='word_1_117' title='bbox 504 1147 547 1186; x_wconf 88' lang='lat' dir='ltr'>in</span> <span class='ocrx_word' id='word_1_118' title='bbox 590 1147 716 1186; x_wconf 89' lang='lat' dir='ltr'>huius</span> <span class='ocrx_word' id='word_1_119' title='bbox 762 1146 901 1186; x_wconf 83' lang='lat' dir='ltr'>aetatis</span> <span class='ocrx_word' id='word_1_120' title='bbox 951 1141 1142 1197; x_wconf 73' lang='lat' dir='ltr'>rebus.¹)</span> <span class='ocrx_word' id='word_1_121' title='bbox 1220 1145 1541 1197; x_wconf 84' lang='lat' dir='ltr'>Relinquuntur</span> <span class='ocrx_word' id='word_1_122' title='bbox 1589 1146 1785 1186; x_wconf 77' lang='lat' dir='ltr'>cohortes</span> 
     </span>
     <span class='ocr_line' id='line_1_17' title="bbox 189 1215 1787 1271; baseline -0.003 -12"><span class='ocrx_word' id='word_1_123' title='bbox 189 1219 415 1271; x_wconf 81' lang='lat' dir='ltr'>praetoriae,</span> <span class='ocrx_word' id='word_1_124' title='bbox 465 1230 649 1269; x_wconf 83' lang='lat' dir='ltr'>quarum</span> <span class='ocrx_word' id='word_1_125' title='bbox 683 1216 861 1269; x_wconf 80' lang='lat' dir='ltr'>singulis</span> <span class='ocrx_word' id='word_1_126' title='bbox 895 1229 995 1257; x_wconf 87' lang='lat' dir='ltr'>suos</span> <span class='ocrx_word' id='word_1_127' title='bbox 1028 1216 1224 1256; x_wconf 88' lang='lat' dir='ltr'>tribunos</span> <span class='ocrx_word' id='word_1_128' title='bbox 1259 1215 1391 1256; x_wconf 87' lang='lat' dir='ltr'>fuisse</span> <span class='ocrx_word' id='word_1_129' title='bbox 1424 1215 1652 1268; x_wconf 83' lang='lat' dir='ltr'>praefectos</span> <span class='ocrx_word' id='word_1_130' title='bbox 1686 1228 1787 1256; x_wconf 87' lang='lat' dir='ltr'>con-</span> 
     </span>
     <span class='ocr_line' id='line_1_18' title="bbox 188 1286 1785 1342; baseline -0.002 -12"><span class='ocrx_word' id='word_1_131' title='bbox 188 1292 276 1331; x_wconf 88' lang='lat' dir='ltr'>stat</span> <span class='ocrx_word' id='word_1_132' title='bbox 300 1288 402 1342; x_wconf 83' lang='lat' dir='ltr'>(vid.</span> <span class='ocrx_word' id='word_1_133' title='bbox 430 1288 606 1329; x_wconf 85' lang='lat' dir='ltr'>Sueton.</span> <span class='ocrx_word' id='word_1_134' title='bbox 641 1288 791 1329; x_wconf 88' lang='lat' dir='ltr'>Claud.</span> <span class='ocrx_word' id='word_1_135' title='bbox 827 1288 901 1328; x_wconf 78' lang='lat'>56:</span> <span class='ocrx_word' id='word_1_136' title='bbox 935 1287 1128 1327; x_wconf 68' lang='lat' dir='ltr'>tribunus</span> <span class='ocrx_word' id='word_1_137' title='bbox 1161 1287 1338 1327; x_wconf 65' lang='lat' dir='ltr'>cohortis</span> <span class='ocrx_word' id='word_1_138' title='bbox 1361 1288 1580 1340; x_wconf 71' lang='lat' dir='ltr'>proetorioe</span> <span class='ocrx_word' id='word_1_139' title='bbox 1613 1289 1655 1327; x_wconf 78' lang='lat' dir='ltr'>et</span> <span class='ocrx_word' id='word_1_140' title='bbox 1686 1286 1785 1327; x_wconf 90' lang='lat' dir='ltr'>Ner.</span> 
     </span>
     <span class='ocr_line' id='line_1_19' title="bbox 186 1358 1786 1412; baseline -0.002 -11"><span class='ocrx_word' id='word_1_141' title='bbox 186 1361 256 1411; x_wconf 83' lang='lat'>47,</span> <span class='ocrx_word' id='word_1_142' title='bbox 292 1361 395 1401; x_wconf 87' lang='lat' dir='ltr'>Tac.</span> <span class='ocrx_word' id='word_1_143' title='bbox 430 1359 542 1400; x_wconf 89' lang='lat' dir='ltr'>Hist.</span> <span class='ocrx_word' id='word_1_144' title='bbox 576 1359 624 1408; x_wconf 90' lang='grc' dir='ltr'>ΙΙ,</span> <span class='ocrx_word' id='word_1_145' title='bbox 659 1359 734 1399; x_wconf 71' lang='grc' dir='ltr'>92ε</span> <span class='ocrx_word' id='word_1_146' title='bbox 776 1363 1069 1412; x_wconf 58' lang='grc' dir='ltr'>Ρναψοδιιθναί</span> <span class='ocrx_word' id='word_1_147' title='bbox 1100 1358 1379 1411; x_wconf 66' lang='lat' dir='ltr'>prsvtoricmis</span> <span class='ocrx_word' id='word_1_148' title='bbox 1418 1358 1465 1398; x_wconf 84' lang='lat' dir='ltr'>P.</span> <span class='ocrx_word' id='word_1_149' title='bbox 1500 1358 1716 1408; x_wconf 63' lang='lat' dir='ltr'>Sabinam,</span> <span class='ocrx_word' id='word_1_150' title='bbox 1760 1371 1786 1398; x_wconf 78' lang='lat' dir='ltr'>a</span> 
     </span>
     <span class='ocr_line' id='line_1_20' title="bbox 179 1427 1784 1485; baseline -0.003 -13"><span class='ocrx_word' id='word_1_151' title='bbox 179 1431 443 1485; x_wconf 72' lang='lat' dir='ltr'>prsefectnra</span> <span class='ocrx_word' id='word_1_152' title='bbox 478 1428 687 1482; x_wconf 67' lang='lat' dir='ltr'>cohortis),</span> <span class='ocrx_word' id='word_1_153' title='bbox 737 1432 779 1470; x_wconf 88' lang='lat' dir='ltr'>et</span> <span class='ocrx_word' id='word_1_154' title='bbox 820 1430 1017 1471; x_wconf 80' lang='lat' dir='ltr'>cohortes</span> <span class='ocrx_word' id='word_1_155' title='bbox 1056 1428 1283 1479; x_wconf 83' lang='lat' dir='ltr'>sociorum,</span> <span class='ocrx_word' id='word_1_156' title='bbox 1333 1441 1442 1481; x_wconf 84' lang='lat' dir='ltr'>quas</span> <span class='ocrx_word' id='word_1_157' title='bbox 1480 1428 1667 1469; x_wconf 82' lang='lat' dir='ltr'>maxime</span> <span class='ocrx_word' id='word_1_158' title='bbox 1699 1427 1784 1468; x_wconf 88' lang='lat' dir='ltr'>huc</span> 
     </span>
     <span class='ocr_line' id='line_1_21' title="bbox 188 1498 1782 1555; baseline -0.003 -12"><span class='ocrx_word' id='word_1_159' title='bbox 188 1503 403 1555; x_wconf 89' lang='lat' dir='ltr'>pertinere</span> <span class='ocrx_word' id='word_1_160' title='bbox 452 1501 652 1542; x_wconf 87' lang='lat' dir='ltr'>dubitare</span> <span class='ocrx_word' id='word_1_161' title='bbox 700 1514 786 1542; x_wconf 89' lang='lat' dir='ltr'>non</span> <span class='ocrx_word' id='word_1_162' title='bbox 835 1501 1012 1553; x_wconf 79' lang='lat' dir='ltr'>poterit,</span> <span class='ocrx_word' id='word_1_163' title='bbox 1069 1501 1141 1552; x_wconf 89' lang='lat' dir='ltr'>qui</span> <span class='ocrx_word' id='word_1_164' title='bbox 1195 1500 1391 1541; x_wconf 90' lang='lat' dir='ltr'>instituta</span> <span class='ocrx_word' id='word_1_165' title='bbox 1443 1499 1645 1540; x_wconf 86' lang='lat' dir='ltr'>militaria</span> <span class='ocrx_word' id='word_1_166' title='bbox 1692 1498 1782 1539; x_wconf 89' lang='lat' dir='ltr'>eius</span> 
     </span>
     <span class='ocr_line' id='line_1_22' title="bbox 187 1568 1783 1626; baseline -0.003 -12"><span class='ocrx_word' id='word_1_167' title='bbox 187 1574 394 1626; x_wconf 85' lang='lat' dir='ltr'>temporis</span> <span class='ocrx_word' id='word_1_168' title='bbox 428 1574 470 1613; x_wconf 91' lang='lat' dir='ltr'>et</span> <span class='ocrx_word' id='word_1_169' title='bbox 502 1572 715 1625; x_wconf 82' lang='lat' dir='ltr'>graduum</span> <span class='ocrx_word' id='word_1_170' title='bbox 748 1572 943 1613; x_wconf 82' lang='lat' dir='ltr'>ordinem</span> <span class='ocrx_word' id='word_1_171' title='bbox 976 1571 1018 1611; x_wconf 87' lang='lat' dir='ltr'>in</span> <span class='ocrx_word' id='word_1_172' title='bbox 1044 1571 1194 1612; x_wconf 85' lang='lat' dir='ltr'>militia</span> <span class='ocrx_word' id='word_1_173' title='bbox 1219 1570 1568 1612; x_wconf 77' lang='lat' dir='ltr'>consideraverit.</span> <span class='ocrx_word' id='word_1_174' title='bbox 1615 1568 1783 1609; x_wconf 88' lang='lat' dir='ltr'>Harum</span> 
     </span>
     <span class='ocr_line' id='line_1_23' title="bbox 188 1642 1784 1695; baseline -0.003 -10"><span class='ocrx_word' id='word_1_175' title='bbox 188 1644 302 1685; x_wconf 87' lang='lat' dir='ltr'>enim</span> <span class='ocrx_word' id='word_1_176' title='bbox 336 1643 577 1684; x_wconf 81' lang='lat' dir='ltr'>cohortium</span> <span class='ocrx_word' id='word_1_177' title='bbox 618 1643 899 1695; x_wconf 63' lang='lat' dir='ltr'>praefecturas</span> <span class='ocrx_word' id='word_1_178' title='bbox 939 1642 1049 1682; x_wconf 86' lang='lat' dir='ltr'>inter</span> <span class='ocrx_word' id='word_1_179' title='bbox 1094 1642 1266 1683; x_wconf 85' lang='lat' dir='ltr'>militias</span> <span class='ocrx_word' id='word_1_180' title='bbox 1315 1646 1537 1694; x_wconf 85' lang='lat' dir='ltr'>equestres</span> <span class='ocrx_word' id='word_1_181' title='bbox 1584 1642 1784 1681; x_wconf 86' lang='lat' dir='ltr'>numerat</span> 
     </span>
     <span class='ocr_line' id='line_1_24' title="bbox 188 1711 1782 1765; baseline -0.003 -10"><span class='ocrx_word' id='word_1_182' title='bbox 188 1715 363 1755; x_wconf 84' lang='lat' dir='ltr'>Sueton.</span> <span class='ocrx_word' id='word_1_183' title='bbox 399 1713 550 1754; x_wconf 85' lang='lat' dir='ltr'>Claud.</span> <span class='ocrx_word' id='word_1_184' title='bbox 585 1714 652 1763; x_wconf 72' lang='lat'>25,</span> <span class='ocrx_word' id='word_1_185' title='bbox 688 1717 742 1763; x_wconf 88' lang='lat' dir='ltr'>et,</span> <span class='ocrx_word' id='word_1_186' title='bbox 784 1713 900 1765; x_wconf 91' lang='lat' dir='ltr'>quod</span> <span class='ocrx_word' id='word_1_187' title='bbox 932 1715 1162 1765; x_wconf 86' lang='lat' dir='ltr'>peraptum</span> <span class='ocrx_word' id='word_1_188' title='bbox 1196 1714 1262 1753; x_wconf 91' lang='lat' dir='ltr'>est</span> <span class='ocrx_word' id='word_1_189' title='bbox 1293 1711 1349 1752; x_wconf 89' lang='lat' dir='ltr'>ad</span> <span class='ocrx_word' id='word_1_190' title='bbox 1381 1711 1594 1752; x_wconf 82' lang='lat' dir='ltr'>Iuvenalis</span> <span class='ocrx_word' id='word_1_191' title='bbox 1627 1711 1782 1761; x_wconf 89' lang='lat' dir='ltr'>locum,</span> 
     </span>
     <span class='ocr_line' id='line_1_25' title="bbox 185 1778 1783 1837; baseline -0.003 -11"><span class='ocrx_word' id='word_1_192' title='bbox 185 1786 301 1826; x_wconf 87' lang='lat' dir='ltr'>hunc</span> <span class='ocrx_word' id='word_1_193' title='bbox 332 1786 523 1837; x_wconf 87' lang='lat' dir='ltr'>primum</span> <span class='ocrx_word' id='word_1_194' title='bbox 555 1785 676 1837; x_wconf 89' lang='lat' dir='ltr'>ponit</span> <span class='ocrx_word' id='word_1_195' title='bbox 716 1784 926 1825; x_wconf 90' lang='lat' dir='ltr'>eiusmodi</span> <span class='ocrx_word' id='word_1_196' title='bbox 960 1784 1123 1824; x_wconf 84' lang='lat' dir='ltr'>militiae</span> <span class='ocrx_word' id='word_1_197' title='bbox 1163 1778 1407 1835; x_wconf 72' lang='lat' dir='ltr'>gradu1n.2)</span> <span class='ocrx_word' id='word_1_198' title='bbox 1476 1782 1624 1834; x_wconf 87' lang='lat' dir='ltr'>Itaque</span> <span class='ocrx_word' id='word_1_199' title='bbox 1666 1781 1783 1834; x_wconf 90' lang='lat' dir='ltr'>apud</span> 
     </span>
     <span class='ocr_line' id='line_1_26' title="bbox 185 1853 1783 1908; baseline -0.003 -11"><span class='ocrx_word' id='word_1_200' title='bbox 185 1857 369 1897; x_wconf 85' lang='lat' dir='ltr'>Plinium</span> <span class='ocrx_word' id='word_1_201' title='bbox 405 1869 471 1908; x_wconf 85' lang='lat' dir='ltr'>ep.</span> <span class='ocrx_word' id='word_1_202' title='bbox 498 1856 549 1905; x_wconf 86' lang='lat' dir='ltr'>X,</span> <span class='ocrx_word' id='word_1_203' title='bbox 587 1856 639 1896; x_wconf 92' lang='grc'>19</span> <span class='ocrx_word' id='word_1_204' title='bbox 673 1854 745 1908; x_wconf 80' lang='lat'>(56</span> <span class='ocrx_word' id='word_1_205' title='bbox 781 1853 911 1907; x_wconf 87' lang='lat' dir='ltr'>Gier.)</span> <span class='ocrx_word' id='word_1_206' title='bbox 945 1854 1134 1895; x_wconf 87' lang='lat' dir='ltr'>Traiano</span> <span class='ocrx_word' id='word_1_207' title='bbox 1168 1854 1227 1894; x_wconf 90' lang='lat' dir='ltr'>ita</span> <span class='ocrx_word' id='word_1_208' title='bbox 1260 1853 1589 1895; x_wconf 88' lang='lat' dir='ltr'>commendatur</span> <span class='ocrx_word' id='word_1_209' title='bbox 1617 1853 1783 1894; x_wconf 84' lang='lat' dir='ltr'>iuvenis</span> 
     </span>
     <span class='ocr_line' id='line_1_27' title="bbox 186 1923 1782 1980; baseline -0.002 -13"><span class='ocrx_word' id='word_1_210' title='bbox 186 1927 473 1980; x_wconf 84' lang='lat' dir='ltr'>Nymphidius</span> <span class='ocrx_word' id='word_1_211' title='bbox 508 1927 668 1979; x_wconf 83' lang='lat' dir='ltr'>Lupus,</span> <span class='ocrx_word' id='word_1_212' title='bbox 718 1928 766 1967; x_wconf 92' lang='lat' dir='ltr'>ut</span> <span class='ocrx_word' id='word_1_213' title='bbox 798 1927 938 1978; x_wconf 87' lang='lat' dir='ltr'>prima</span> <span class='ocrx_word' id='word_1_214' title='bbox 971 1925 1036 1966; x_wconf 89' lang='lat' dir='ltr'>sui</span> <span class='ocrx_word' id='word_1_215' title='bbox 1069 1925 1365 1977; x_wconf 80' lang='lat' dir='ltr'>experimenta</span> <span class='ocrx_word' id='word_1_216' title='bbox 1398 1924 1570 1965; x_wconf 87' lang='lat' dir='ltr'>dedisse</span> <span class='ocrx_word' id='word_1_217' title='bbox 1603 1923 1782 1974; x_wconf 87' lang='lat' dir='ltr'>dicatur,</span> 
     </span>
     <span class='ocr_line' id='line_1_28' title="bbox 187 1995 1783 2051; baseline -0.003 -12"><span class='ocrx_word' id='word_1_218' title='bbox 187 2012 320 2051; x_wconf 88' lang='lat' dir='ltr'>quum</span> <span class='ocrx_word' id='word_1_219' title='bbox 356 1998 588 2051; x_wconf 52' lang='lat' dir='ltr'>praeferam</span> <span class='ocrx_word' id='word_1_220' title='bbox 630 1997 809 2038; x_wconf 65' lang='lat' dir='ltr'>cohortis</span> <span class='ocrx_word' id='word_1_221' title='bbox 849 2001 976 2038; x_wconf 89' lang='lat' dir='ltr'>esset.</span> <span class='ocrx_word' id='word_1_222' title='bbox 1048 1997 1100 2037; x_wconf 87' lang='lat' dir='ltr'>Et</span> <span class='ocrx_word' id='word_1_223' title='bbox 1141 1997 1227 2037; x_wconf 87' lang='lat' dir='ltr'>iam</span> <span class='ocrx_word' id='word_1_224' title='bbox 1267 2000 1367 2036; x_wconf 88' lang='lat' dir='ltr'>ante</span> <span class='ocrx_word' id='word_1_225' title='bbox 1406 1995 1593 2036; x_wconf 86' lang='lat' dir='ltr'>Velleius</span> <span class='ocrx_word' id='word_1_226' title='bbox 1632 1995 1783 2035; x_wconf 86' lang='lat' dir='ltr'>Pater-</span> 
     </span>
     <span class='ocr_line' id='line_1_29' title="bbox 187 2066 1782 2123; baseline -0.003 -13"><span class='ocrx_word' id='word_1_227' title='bbox 187 2070 320 2119; x_wconf 88' lang='lat' dir='ltr'>culus,</span> <span class='ocrx_word' id='word_1_228' title='bbox 369 2070 441 2121; x_wconf 90' lang='lat' dir='ltr'>qui</span> <span class='ocrx_word' id='word_1_229' title='bbox 483 2070 678 2109; x_wconf 44' lang='lat' dir='ltr'>*militicmn</span> <span class='ocrx_word' id='word_1_230' title='bbox 722 2073 945 2123; x_wconf 70' lang='lat' dir='ltr'>eques-trem</span> <span class='ocrx_word' id='word_1_231' title='bbox 985 2068 1297 2108; x_wconf 88' lang='lat' dir='ltr'>commemorat</span> <span class='ocrx_word' id='word_1_232' title='bbox 1328 2066 1363 2106; x_wconf 88' lang='lat' dir='ltr'>II</span> <span class='ocrx_word' id='word_1_233' title='bbox 1397 2079 1432 2107; x_wconf 78' lang='lat' dir='ltr'>c,</span> <span class='ocrx_word' id='word_1_234' title='bbox 1469 2067 1565 2117; x_wconf 84' lang='lat'>111,</span> <span class='ocrx_word' id='word_1_235' title='bbox 1615 2079 1649 2107; x_wconf 92' lang='lat' dir='ltr'>c.</span> <span class='ocrx_word' id='word_1_236' title='bbox 1686 2067 1782 2116; x_wconf 80' lang='lat'>112,</span> 
     </span>
     <span class='ocr_line' id='line_1_30' title="bbox 187 2137 1782 2192; baseline -0.003 -11"><span class='ocrx_word' id='word_1_237' title='bbox 187 2140 416 2182; x_wconf 80' lang='lat' dir='ltr'>observato</span> <span class='ocrx_word' id='word_1_238' title='bbox 450 2140 662 2192; x_wconf 82' lang='lat' dir='ltr'>graduum</span> <span class='ocrx_word' id='word_1_239' title='bbox 696 2139 858 2189; x_wconf 87' lang='lat' dir='ltr'>ordine,</span> <span class='ocrx_word' id='word_1_240' title='bbox 901 2138 1167 2179; x_wconf 86' lang='lat' dir='ltr'>descendens</span> <span class='ocrx_word' id='word_1_241' title='bbox 1200 2137 1396 2178; x_wconf 87' lang='lat' dir='ltr'>tribunos</span> <span class='ocrx_word' id='word_1_242' title='bbox 1429 2137 1626 2187; x_wconf 86' lang='lat' dir='ltr'>militum,</span> <span class='ocrx_word' id='word_1_243' title='bbox 1669 2151 1782 2190; x_wconf 85' lang='lat' dir='ltr'>prae-</span> 
     </span>
     <span class='ocr_line' id='line_1_31' title="bbox 186 2208 1782 2264; baseline -0.001 -13"><span class='ocrx_word' id='word_1_244' title='bbox 186 2211 347 2252; x_wconf 84' lang='lat' dir='ltr'>fectum</span> <span class='ocrx_word' id='word_1_245' title='bbox 396 2212 650 2260; x_wconf 85' lang='lat' dir='ltr'>castrorum,</span> <span class='ocrx_word' id='word_1_246' title='bbox 691 2210 917 2264; x_wconf 58' lang='lat' dir='ltr'>prcefeetos</span> <span class='ocrx_word' id='word_1_247' title='bbox 963 2209 1204 2259; x_wconf 73' lang='lat' dir='ltr'>cohortium,</span> <span class='ocrx_word' id='word_1_248' title='bbox 1254 2209 1525 2249; x_wconf 86' lang='lat' dir='ltr'>centuriones</span> <span class='ocrx_word' id='word_1_249' title='bbox 1573 2208 1782 2249; x_wconf 87' lang='lat' dir='ltr'>nominat.</span> 
     </span>
     <span class='ocr_line' id='line_1_32' title="bbox 185 2279 1781 2329; baseline -0.002 -7"><span class='ocrx_word' id='word_1_250' title='bbox 185 2282 272 2323; x_wconf 85' lang='lat' dir='ltr'>Sed</span> <span class='ocrx_word' id='word_1_251' title='bbox 304 2282 493 2322; x_wconf 79' lang='lat' dir='ltr'>maxime</span> <span class='ocrx_word' id='word_1_252' title='bbox 525 2281 581 2322; x_wconf 89' lang='lat' dir='ltr'>ad</span> <span class='ocrx_word' id='word_1_253' title='bbox 620 2284 815 2322; x_wconf 86' lang='lat' dir='ltr'>nostram</span> <span class='ocrx_word' id='word_1_254' title='bbox 855 2294 947 2322; x_wconf 88' lang='lat' dir='ltr'>rem</span> <span class='ocrx_word' id='word_1_255' title='bbox 988 2280 1092 2321; x_wconf 85' lang='lat' dir='ltr'>facit</span> <span class='ocrx_word' id='word_1_256' title='bbox 1131 2280 1255 2320; x_wconf 87' lang='lat' dir='ltr'>Statii</span> <span class='ocrx_word' id='word_1_257' title='bbox 1293 2279 1411 2320; x_wconf 85' lang='lat' dir='ltr'>locus</span> <span class='ocrx_word' id='word_1_258' title='bbox 1450 2280 1493 2319; x_wconf 90' lang='lat' dir='ltr'>in</span> <span class='ocrx_word' id='word_1_259' title='bbox 1525 2279 1626 2320; x_wconf 83' lang='lat' dir='ltr'>Silv.</span> <span class='ocrx_word' id='word_1_260' title='bbox 1659 2279 1707 2329; x_wconf 95' lang='lat' dir='ltr'>V,</span> <span class='ocrx_word' id='word_1_261' title='bbox 1744 2279 1781 2329; x_wconf 86' lang='lat'>1,</span> 
     </span>
     <span class='ocr_line' id='line_1_33' title="bbox 185 2349 1783 2404; baseline -0.002 -11"><span class='ocrx_word' id='word_1_262' title='bbox 185 2352 242 2393; x_wconf 84' lang='lat'>94</span> <span class='ocrx_word' id='word_1_263' title='bbox 274 2365 367 2404; x_wconf 88' lang='lat' dir='ltr'>sqq.</span> <span class='ocrx_word' id='word_1_264' title='bbox 402 2352 454 2392; x_wconf 92' lang='lat' dir='ltr'>de</span> <span class='ocrx_word' id='word_1_265' title='bbox 494 2352 761 2392; x_wconf 87' lang='lat' dir='ltr'>Abascantio</span> <span class='ocrx_word' id='word_1_266' title='bbox 803 2352 1000 2393; x_wconf 88' lang='lat' dir='ltr'>homines</span> <span class='ocrx_word' id='word_1_267' title='bbox 1044 2350 1255 2403; x_wconf 87' lang='lat' dir='ltr'>equestris</span> <span class='ocrx_word' id='word_1_268' title='bbox 1297 2349 1458 2391; x_wconf 88' lang='lat' dir='ltr'>ordinis</span> <span class='ocrx_word' id='word_1_269' title='bbox 1501 2350 1557 2390; x_wconf 87' lang='lat' dir='ltr'>ad</span> <span class='ocrx_word' id='word_1_270' title='bbox 1600 2362 1783 2401; x_wconf 86' lang='lat' dir='ltr'>munera</span> 
     </span>
     <span class='ocr_line' id='line_1_34' title="bbox 185 2422 1146 2464; baseline -0.002 0"><span class='ocrx_word' id='word_1_271' title='bbox 185 2423 388 2464; x_wconf 86' lang='lat' dir='ltr'>militaria</span> <span class='ocrx_word' id='word_1_272' title='bbox 420 2422 623 2463; x_wconf 83' lang='lat' dir='ltr'>obeunda</span> <span class='ocrx_word' id='word_1_273' title='bbox 656 2423 822 2463; x_wconf 81' lang='lat' dir='ltr'>curiose</span> <span class='ocrx_word' id='word_1_274' title='bbox 856 2422 1146 2463; x_wconf 88' lang='lat' dir='ltr'>describente:</span> 
     </span>
     <span class='ocr_line' id='line_1_35' title="bbox 362 2490 1532 2546; baseline -0.002 -12"><span class='ocrx_word' id='word_1_275' title='bbox 362 2493 573 2543; x_wconf 87' lang='lat' dir='ltr'>Pandere,</span> <span class='ocrx_word' id='word_1_276' title='bbox 608 2494 702 2546; x_wconf 88' lang='lat' dir='ltr'>quis</span> <span class='ocrx_word' id='word_1_277' title='bbox 737 2495 907 2533; x_wconf 85' lang='lat' dir='ltr'>centum</span> <span class='ocrx_word' id='word_1_278' title='bbox 942 2492 1085 2533; x_wconf 87' lang='lat' dir='ltr'>valeat</span> <span class='ocrx_word' id='word_1_279' title='bbox 1116 2491 1287 2532; x_wconf 86' lang='lat' dir='ltr'>frenare</span> <span class='ocrx_word' id='word_1_280' title='bbox 1318 2490 1532 2544; x_wconf 89' lang='lat' dir='ltr'>maniplos</span> 
     </span>
     <span class='ocr_line' id='line_1_36' title="bbox 363 2562 1407 2619; baseline -0.005 -14"><span class='ocrx_word' id='word_1_281' title='bbox 363 2565 638 2606; x_wconf 85' lang='lat' dir='ltr'>Intermissus</span> <span class='ocrx_word' id='word_1_282' title='bbox 672 2577 802 2619; x_wconf 74' lang='lat' dir='ltr'>eques,</span> <span class='ocrx_word' id='word_1_283' title='bbox 837 2564 931 2615; x_wconf 89' lang='lat' dir='ltr'>quis</span> <span class='ocrx_word' id='word_1_284' title='bbox 957 2563 1207 2616; x_wconf 66' lang='lat' dir='ltr'>praecepisse</span> <span class='ocrx_word' id='word_1_285' title='bbox 1239 2562 1407 2612; x_wconf 65' lang='lat' dir='ltr'>cohorter,</span> 
     </span>
    </p>
   </div>
   <div class='ocr_carea' id='block_1_4' title="bbox 221 2748 1781 2972">
    <p class='ocr_par' dir='ltr' id='par_1_4' title="bbox 221 2748 1781 2845">
     <span class='ocr_line' id='line_1_37' title="bbox 221 2748 1781 2796; baseline -0.003 -10"><span class='ocrx_word' id='word_1_286' title='bbox 221 2750 249 2795; x_wconf 89' lang='lat'>¹)</span> <span class='ocrx_word' id='word_1_287' title='bbox 275 2753 316 2786; x_wconf 88' lang='lat' dir='ltr'>In</span> <span class='ocrx_word' id='word_1_288' title='bbox 350 2752 463 2786; x_wconf 82' lang='lat' dir='ltr'>altero</span> <span class='ocrx_word' id='word_1_289' title='bbox 496 2752 633 2796; x_wconf 84' lang='lat' dir='ltr'>Vegetii</span> <span class='ocrx_word' id='word_1_290' title='bbox 664 2752 742 2786; x_wconf 83' lang='lat' dir='ltr'>loco</span> <span class='ocrx_word' id='word_1_291' title='bbox 775 2752 820 2785; x_wconf 88' lang='lat' dir='ltr'>ab</span> <span class='ocrx_word' id='word_1_292' title='bbox 855 2751 1025 2785; x_wconf 87' lang='lat' dir='ltr'>Oberlino</span> <span class='ocrx_word' id='word_1_293' title='bbox 1066 2751 1174 2785; x_wconf 85' lang='lat' dir='ltr'>citato</span> <span class='ocrx_word' id='word_1_294' title='bbox 1212 2761 1285 2785; x_wconf 92' lang='lat' dir='ltr'>non</span> <span class='ocrx_word' id='word_1_295' title='bbox 1322 2750 1355 2783; x_wconf 87' lang='lat' dir='ltr'>id</span> <span class='ocrx_word' id='word_1_296' title='bbox 1397 2753 1461 2791; x_wconf 86' lang='lat' dir='ltr'>est,</span> <span class='ocrx_word' id='word_1_297' title='bbox 1501 2749 1598 2793; x_wconf 87' lang='lat' dir='ltr'>quod</span> <span class='ocrx_word' id='word_1_298' title='bbox 1634 2748 1664 2783; x_wconf 93' lang='lat' dir='ltr'>is</span> <span class='ocrx_word' id='word_1_299' title='bbox 1702 2759 1781 2783; x_wconf 85' lang='lat' dir='ltr'>esse</span> 
     </span>
     <span class='ocr_line' id='line_1_38' title="bbox 280 2811 375 2845; baseline 0 0"><span class='ocrx_word' id='word_1_300' title='bbox 280 2811 375 2845; x_wconf 89' lang='lat' dir='ltr'>dicit.</span> 
     </span>
    </p>

    <p class='ocr_par' dir='ltr' id='par_1_5' title="bbox 224 2867 1780 2972">
     <span class='ocr_line' id='line_1_39' title="bbox 224 2867 1780 2914; baseline -0.003 -10"><span class='ocrx_word' id='word_1_301' title='bbox 224 2868 252 2912; x_wconf 79' lang='lat'>²)</span> <span class='ocrx_word' id='word_1_302' title='bbox 278 2871 471 2914; x_wconf 70' lang='lat' dir='ltr'>Equestres</span> <span class='ocrx_word' id='word_1_303' title='bbox 497 2871 647 2903; x_wconf 68' lang='lat' dir='ltr'>militias</span> <span class='ocrx_word' id='word_1_304' title='bbox 674 2871 725 2903; x_wconf 79' lang='lat' dir='ltr'>ita</span> <span class='ocrx_word' id='word_1_305' title='bbox 751 2871 942 2912; x_wconf 73' lang='lat' dir='ltr'>ordinavit,</span> <span class='ocrx_word' id='word_1_306' title='bbox 977 2874 1013 2902; x_wconf 73' lang='lat' dir='ltr'>nt</span> <span class='ocrx_word' id='word_1_307' title='bbox 1039 2874 1124 2912; x_wconf 77' lang='lat' dir='ltr'>post</span> <span class='ocrx_word' id='word_1_308' title='bbox 1149 2869 1324 2903; x_wconf 71' lang='lat' dir='ltr'>eohortem</span> <span class='ocrx_word' id='word_1_309' title='bbox 1350 2868 1457 2910; x_wconf 79' lang='lat' dir='ltr'>alam,</span> <span class='ocrx_word' id='word_1_310' title='bbox 1486 2872 1571 2910; x_wconf 70' lang='lat' dir='ltr'>post</span> <span class='ocrx_word' id='word_1_311' title='bbox 1595 2867 1693 2901; x_wconf 80' lang='lat' dir='ltr'>alam</span> <span class='ocrx_word' id='word_1_312' title='bbox 1717 2867 1780 2900; x_wconf 75' lang='lat' dir='ltr'>tri-</span> 
     </span>
     <span class='ocr_line' id='line_1_40' title="bbox 280 2929 770 2972; baseline 0 -10"><span class='ocrx_word' id='word_1_313' title='bbox 280 2929 454 2963; x_wconf 76' lang='lat' dir='ltr'>bunatum</span> <span class='ocrx_word' id='word_1_314' title='bbox 484 2930 632 2972; x_wconf 64' lang='lat' dir='ltr'>legionis</span> <span class='ocrx_word' id='word_1_315' title='bbox 657 2929 770 2962; x_wconf 82' lang='lat' dir='ltr'>daret.</span> 
     </span>
    </p>
   </div>
  </div>
 </body>
</html>
