1915 3235
837 112 921 154 457

88 239 207 290 dunt,
247 239 471 292 praesentis
504 240 857 293 significationem
889 241 1064 291 habere,
1105 242 1148 282 id
1181 244 1258 291 051,
1300 242 1445 283 futuri.
1509 242 1674 283 Deinde

87 310 142 351 ab
174 310 241 351 his
273 310 440 359 futuris,
480 311 636 362 quibus
668 324 746 363 per
777 325 822 352 se
854 312 971 353 nulla
1002 312 1111 353 inest
1146 313 1352 365 praeteriti
1385 314 1501 362 11013,
1544 312 1674 365 profi-

87 380 302 421 ciscuntur
334 381 480 422 futura
518 380 590 421 illa
628 381 824 423 infinitivi
862 383 1164 436 impetrassem,
1212 383 1558 435 reconciliassere,
1609 397 1674 423 ex-

79 464 352 505 puqozassere,
387 465 743 505 az,·=er¹›·mzcasse›·e,
784 452 1105 506 depeculassere,
1153 453 1506 507 decmyentassere,
1555 453 1674 507 depo-

85 522 303 572 σιιῖαεεενε,
352 535 535 574 quorum
582 522 685 563 nihil
733 523 870 564 simile
916 524 959 564 in
1007 523 1143 564 altera
1190 524 1328 565 forma
1377 526 1455 564 est.
1526 524 1675 576 Neque

84 594 234 632 tamen
279 593 358 634 hos
404 592 648 643 infinitivos⁷
697 594 769 646 qui
817 597 858 634 et
904 594 1031 646 pauci
1077 597 1177 635 sunt
1224 593 1298 646 (hi,
1348 608 1453 647 quos
1502 595 1673 647 protuli,

85 675 220 703 unum
266 664 556 717 impeti-assere
590 666 757 716 'quater
803 665 919 717 apud
965 664 1186 717 Plautum)
1227 670 1269 706 et
1309 665 1352 705 in
1392 665 1492 706 solis
1525 666 1674 718 primae

85 733 392 786 coniugationis
413 733 580 783 verbis,
613 734 673 775 ita
706 747 1009 785 commemoro,
1049 738 1259 788 tanquam
1298 735 1472 777 insitam
1504 736 1674 789 penitus

83 803 127 843 in
158 806 302 845 vetere
334 817 531 846 sermone
565 808 607 846 et
639 805 740 846 olim
771 806 898 846 latius
939 818 1137 858 sparsam
1175 806 1287 847 hanc
1326 806 1511 848 formam
1545 806 1675 848 fuisse

83 877 254 926 putem3
294 888 344 916 ac
375 877 517 927 potius
551 876 791 917 cavendum
825 875 1050 929 diligenter
1082 890 1248 926 000500,
1290 890 1357 927 00,
1407 890 1674 930 quaecunque

82 944 222 986 forma
265 945 512 987 insolentior
559 947 648 987 sive
695 947 827 999 ipsius
875 947 1073 988 vocabuli
1121 947 1210 988 sive
1257 947 1450 988 flexionis
1498 948 1541 988 in
1587 961 1673 989 uno

83 1015 273 1056 alterove
304 1016 398 1057 1000
430 1016 585 1057 veteris
619 1018 768 1070 tragici
801 1022 875 1058 aut
916 1017 1066 1058 comici
1104 1021 1276 1070 reperta
1316 1018 1383 1068 511,
1433 1031 1528 1059 03111
1572 1032 1672 1059 vere

81 1099 162 1127 usu
194 1089 415 1139 receptam
448 1089 490 1128 et
522 1100 544 1128 e
577 1100 775 1128 sermone
806 1088 953 1141 populi
990 1089 1172 1141 petitam
1206 1088 1337 1129 fuisse
1371 1089 1598 1130 credamus
1633 1094 1671 1130 et

81 1170 159 1209 pro
206 1157 394 1210 legitimo
441 1157 687 1199 testimonio
733 1172 961 1211 ponamus.
1040 1159 1320 1200 Conabantur
1375 1160 1488 1200 enirn
1538 1160 1673 1201 multa

80 1230 220 1280 poetae
268 1227 339 1277 1111,
387 1229 483 1269 rudi
523 1229 663 1270 adhuc
701 1229 845 1282 lingua
885 1243 983 1270 cum
1023 1229 1181 1270 Graecis
1222 1230 1541 1282 exemplaribus
1582 1243 1673 1271 cer-

81 1300 243 1348 1311105,
298 1299 582 1352 analogiaque
629 1313 744 1352 saepe
793 1300 969 1341 licenter
1017 1303 1059 1340 et
1106 1300 1214 1341 falso
1263 1301 1511 1342 utebantur.
1590 1301 1675 1342 Sed

80 1372 228 1410 tamen
259 1372 398 1411 totum
431 1372 635 1423 systema,
685 1370 801 1423 quod
841 1370 1074 1423 appellant7
1124 1371 1361 1412 formarum
1395 1372 1563 1423 pridem
1597 1372 1674 1412 ab·

83 1441 270 1482 solutum
304 1443 395 1481 erat
428 1441 498 1482 illo
529 1444 739 1494 tempore,
781 1454 866 1493 quo
906 1441 1033 1494 primi
1072 1441 1301 1494 scriptores
1334 1442 1521 1483 Romani
1554 1443 1672 1483 Vixe-

80 1513 200 1561 1001ς
247 1525 327 1552 nec
359 1512 492 1552 ullam
524 1512 776 1564 primariam
810 1512 993 1553 formam
1027 1525 1105 1553 nos
1137 1513 1257 1553 nasci
1291 1512 1499 1562 videmus,
1541 1526 1673 1554 unam

81 1584 123 1622 et
155 1582 336 1623 alteram
369 1582 643 1631 intercidere3
691 1583 836 1635 itaque
876 1583 1130 1635 plerumque
1170 1584 1213 1623 in
1246 1583 1394 1624 formis
1428 1584 1539 1624 ultra
1573 1598 1672 1625 suos

80 1652 187 1693 fines
220 1653 486 1706 proferendis
520 1653 590 1694 illa
624 1653 806 1694 audacia
838 1653 1094 1694 versabatur
1133 1658 1174 1694 01
1213 1653 1256 1693 10
1288 1655 1431 1694 verbis
1464 1655 1672 1707 fingendis

81 1723 488 1776 componendisque.
551 1724 644 1765 Hoc
677 1727 823 1765 tamen
857 1737 929 1765 eos
963 1723 1086 1765 facile
1119 1737 1246 1765 ausos
1279 1724 1571 1774 indicaverim,
1614 1728 1672 1775 01,
1694 1736 1727 1759 ⁷2

80 1807 213 1846 quum
248 1808 410 1836 amasso
442 1795 655 1835 haberent
687 1795 743 1836 ad
775 1795 960 1836 formam
984 1795 1121 1835 simile
1145 1795 1249 1846 01115,
1285 1795 1400 1847 quod
1433 1798 1495 1836 est
1523 1798 1672 1846 γελάσω,

81 1865 115 1906 51
149 1866 322 1918 quando
370 1865 585 1906 obiectum
635 1870 747 1906 esset
795 1866 989 1906 futurum
1022 1865 1219 1906 infinitivi
1251 1865 1407 1915 Graeci,
1456 1868 1674 1908 tentarent

79 1936 173 1988 ipsi,
222 1936 338 1978 nullo
380 1936 527 1989 populi
571 1949 653 1977 usu
696 1936 844 1985 adiuti,
892 1941 1125 1988 possentne
1158 1936 1331 1977 brevius
1365 1936 1506 1977 dicere
1542 1950 1671 1989 quam

80 2011 322 2047 amaturmn
355 2020 437 2047 esse
470 2011 509 2047 et
544 2006 599 2047 ad
631 2020 803 2048 versum
837 2007 991 2060 aptius,
1034 2020 1256 2046 (massere.
1320 2006 1478 2047 Verum
1512 2007 1555 2047 id
1587 2021 1673 2048 non

79 2079 333 2127 tentassent,
367 2078 402 2118 si
435 2092 599 2118 (masso
633 2078 863 2130 quicquam
897 2078 939 2118 in
971 2091 1016 2118 se
1049 2077 1274 2118 habuisset
1307 2090 1358 2117 ex
1390 2075 1671 2131 praete1²ito.¹)

118 2228 145 2272 ¹)
171 2231 247 2265 Hoc
285 2231 362 2265 loco
400 2231 558 2264 breviter
596 2231 916 2265 commemoranda
949 2230 1092 2264 videtur
1124 2230 1178 2263 Fr.
1206 2230 1446 2263 Lindemanni
1481 2232 1672 2272 sententia,

175 2300 220 2323 ne
247 2289 333 2334 quid
358 2289 630 2334 praetermisisse
657 2289 790 2330 videar,
819 2289 914 2333 quod
942 2289 987 2323 ad
1013 2300 1090 2323 rem
1116 2288 1341 2332 pertinuerit.
1394 2289 1463 2323 Sed
1490 2301 1533 2323 ea
1554 2290 1673 2324 minus

177 2359 284 2392 quam
314 2349 445 2382 vellem
472 2349 696 2382 considerate
722 2348 906 2392 proposita
932 2351 985 2381 est
1019 2347 1077 2389 (ad
1105 2348 1242 2392 Captiv.
1270 2348 1295 2389 Ι,
1328 2347 1361 2388 ’2,
1393 2347 1438 2381 43
1473 2349 1526 2382 ed.
1555 2348 1673 2391 1319).

174 2407 283 2442 Putat
308 2407 404 2442 enim
423 2409 535 2451 faxis,
562 2409 725 2449 adaoeint,
753 2409 932 2447 eoestessnoeit,
961 2409 1129 2450 respexts,
1157 2409 1322 2449 amassis,
1349 2409 1521 2450 curasses,
1548 2419 1674 2451 nessus-

178 2468 246 2500 sim
271 2467 431 2510 perfecta
457 2477 545 2507 esse,
573 2478 653 2510 quae
679 2469 802 2500 tamen
829 2476 901 2499 11011
928 2476 1008 2499 raro
1035 2468 1167 2499 natura
1192 2476 1268 2507 sua,
1295 2468 1335 2499 ut
1361 2467 1484 2501 omnia
1503 2467 1673 2511 perfectay

175 2525 362 2569 praesentis
388 2525 574 2559 notionem
600 2525 811 2559 adsciscant.
857 2524 933 2557 Hoc
951 2524 994 2558 de
1013 2524 1181 2558 omnibus
1207 2523 1374 2568 perfectis
1400 2525 1489 2558 mihi
1510 2526 1674 2569 ignotum

177 2588 270 2622 erat;
309 2596 499 2628 nunquam
525 2585 622 2619 enim
648 2585 780 2627 scripsi
804 2594 868 2627 pro
895 2586 1072 2627 praesente
1099 2583 1267 2627 legeram,
1307 2594 1373 2617 nec
1398 2584 1523 2628 ignoro
1550 2588 1674 2618 tamen

177 2647 368 2687 poetarum
394 2647 429 2677 et
455 2644 683 2687 quorundam
711 2642 889 2676 inferioris
921 2642 1036 2676 aetatis
1070 2642 1286 2686 scriptorum
1319 2653 1459 2676 morem
1491 2643 1538 2684 id,
1578 2643 1674 2687 quod

177 2713 271 2746 saepe
303 2703 439 2737 factum
477 2703 523 2737 sit
559 2703 709 2746 fierique
747 2702 870 2743 soleat,
910 2701 1068 2745 perfecto
1106 2700 1291 2735 indicativi
1328 2701 1512 2735 interdum
1544 2701 1674 2745 signifi-

128 2768 131 2771 ·
178 2761 293 2802 candi,
331 2772 445 2805 quum
477 2773 554 2796 rem
587 2762 721 2796 factam
755 2771 819 2804 pro
852 2760 1114 2794 consuetudine
1146 2760 1379 2794 substituant.
1430 2761 1568 2794 Deinde
1602 2771 1673 2794 non

177 2830 269 2863 soepe
294 2820 350 2853 hae
376 2820 501 2854 formae
527 2820 715 2865 praesentis
742 2818 831 2861 (sive
858 2818 983 2861 futuri)
1017 2819 1203 2853 notionem
1238 2819 1384 2861 habent,
1423 2819 1486 2853 sed
1520 2830 1672 2863 semper,

178 2889 303 2912 veram
328 2879 511 2923 praeteriti,
550 2882 590 2913 ut
616 2879 698 2919 dixi,
738 2889 938 2922 nunquam.
989 2878 1082 2913 Tum
1109 2878 1382 2912 Lindemannus
1417 2878 1507 2912 alius
1533 2877 1674 2921 generis

178 2937 255 2971 vult
281 2948 359 2972 esse
385 2938 507 2972 futura
533 2949 686 2979 amasso,
725 2948 842 2981 capso,
881 2938 1052 2971 liberasso
1086 2936 1168 2979 (hoc
1194 2939 1259 2980 est,
1297 2936 1453 2978 illorum,
1492 2947 1572 2980 quae
1598 2947 1674 2980 per-
