1915 3235
928 116 1009 157 146

177 251 284 291 enim
322 254 371 302 te,
421 248 513 289 novi
544 252 726 301 pectrem,
775 247 868 286 novi
906 245 1073 285 domum
1113 256 1334 298 nomenque
1373 246 1551 283 vestrum
1558 255 1576 293 ;
1622 240 1765 282 studia

176 321 350 376 denique
379 318 543 374 ymera&
575 331 622 358 ac
643 316 825 369 familiae
850 321 994 357 vestrae
1016 315 1194 367 virtutis,
1227 312 1516 365 humanitatis,
1549 311 1762 365 doctrinae,

168 392 458 446 plurimarum
498 389 654 429 artium
693 392 814 442 atque
859 387 1126 440 optimarum,
1175 389 1271 425 nota
1317 388 1413 425 sunt
1458 382 1563 423 mihi
1609 384 1764 424 omnia.

106 475 157 502 180
175 462 271 504 Non
304 459 496 512 adiungit
526 472 686 500 novum
718 459 964 499 membrum
997 456 1324 507 enumerationi,
1356 469 1437 497 nec
1469 467 1565 496 eam
1595 454 1766 508 colligit,

177 533 253 575 sed
293 531 517 573 confirmat
557 532 600 571 et
639 529 836 582 explicat,
885 527 1022 581 qualis
1071 540 1122 568 ea
1169 528 1223 568 sit
1270 527 1452 581 cognitio
1500 525 1615 579 (nota
1660 525 1766 566 mihi

177 608 284 656 sunt,
324 603 495 657 inquam
535 597 648 651 cet.).
710 598 859 651 Itaque
898 600 1070 639 secutus
1104 598 1271 639 codices
1304 600 1503 651 optimOS,
1543 597 1767 640 Erfurten-

178 688 269 716 sem
295 678 336 714 et
360 672 671 720 Coloniensem,
696 669 888 722 aliosque
914 669 1052 710 delevi
1075 668 1262 723 denique,
1289 669 1505 710 adiectum
1530 669 1585 711 ab
1609 669 1766 723 aliquo,

178 746 250 798 qui
282 742 486 786 orationis
519 741 660 782 forma
690 753 777 781 non
808 740 1025 781 intellecta
1069 740 1287 781 vinculum
1320 740 1622 781 desiderasset.
1684 740 1769 782 Pro

178 816 332 858 Milone
370 815 434 865 15,
478 813 532 854 39
573 811 732 866 (onmia
763 816 850 872 tum
881 809 1073 866 denique)
1105 814 1222 852 recte
1253 811 1538 852 Heumannus
1571 811 1770 864 animad-

178 888 318 936 vertit,
369 885 557 939 (lenique,
607 897 691 937 quo
730 885 972 924 extremum
1013 883 1260 924 membrum
1293 884 1608 932 annecteretur,
1656 881 1770 922 male

179 956 329 999 subiici
361 955 584 1008 particulae
615 953 863 1008 temporali3
897 953 1087 995 debebat
1118 953 1271 994 saltem
1305 965 1398 993 esse
1425 953 1565 993 omnia
1597 951 1773 1007 denique

179 1034 285 1077 tum3
326 1028 471 1079 itaque
505 1025 710 1066 mendum
742 1024 901 1075 notavi,
942 1027 1086 1065 utrum
1118 1025 1302 1064 omnium
1334 1023 1611 1073 scribendum
1644 1024 1771 1074 esset,

181 1098 296 1152 quod
328 1096 594 1151 probabilius
628 1098 693 1137 est
724 1094 842 1149 (nam
875 1096 1017 1136 omnia
1048 1094 1147 1135 odia
1180 1093 1436 1148 displicent),
1478 1107 1534 1135 an
1573 1098 1660 1134 tum
1690 1093 1773 1134 tol-

181 1169 371 1219 lendum,
406 1167 624 1208 dubitans.

302 1239 347 1281 C.
384 1239 456 1288 16,
505 1238 559 1278 47
605 1237 835 1278 edebatur:
886 1241 927 1278 ut
966 1236 1120 1290 effictos
1160 1243 1318 1279 nostros
1360 1249 1493 1277 mores
1539 1236 1582 1275 in
1625 1235 1775 1276 alienis

177 1311 371 1366 personis
409 1322 723 1363 eoepressamque
763 1308 987 1363 imayinem
1029 1313 1179 1350 nostrae
1229 1311 1320 1350 citce
1367 1307 1622 1363 quvoticlianae
1663 1305 1773 1346 vide-

187 1395 335 1431 remus,
370 1382 665 1432 annotantque
697 1379 878 1421 Beckius
911 1382 954 1421 et
980 1380 1175 1432 Orellius,
1209 1382 1252 1422 in
1285 1383 1489 1433 quattuor
1521 1376 1775 1420 Oxoniensi-

185 1453 266 1494 bus
300 1452 423 1493 codd.
457 1453 500 1492 et
532 1451 628 1492 edd.
661 1453 764 1492 vett.
805 1451 885 1504 legi
925 1456 1122 1493 nostram.
1186 1451 1271 1493 Sed
1313 1452 1347 1492 si
1387 1450 1568 1491 Beckius
1611 1450 1776 1490 attente

187 1523 356 1566 Gruteri
399 1522 721 1564 annotationem
766 1521 950 1575 legisset,
999 1526 1148 1565 contra
1190 1522 1462 1571 Lambinum,
1511 1520 1583 1573 qui
1624 1523 1778 1559 nostroe

188 1608 284 1636 cum
317 1594 564 1635 Hotomano
596 1595 753 1643 tuetur,
797 1594 1014 1647 scriptam,
1062 1594 1252 1643 vidisset,
1303 1593 1433 1633 etiam
1466 1603 1615 1632 ornnes
1635 1590 1797 1631 Pala--

186 1667 298 1707 tinos
332 1668 374 1706 et
406 1664 497 1706 cod.
532 1664 574 1705 S.
607 1664 786 1705 Victoris
818 1669 1004 1705 nostram
1035 1665 1211 1715 habere,
1246 1669 1292 1705 ut
1327 1668 1476 1704 nostrce
1508 1662 1595 1703 iam
1627 1660 1790 1701 videa--

187 1739 257 1778 tur
288 1735 421 1789 ipsius
453 1735 689 1776 Hotomani
721 1748 815 1776 esse
848 1737 1066 1786 correctio,
1114 1749 1200 1777 non
1237 1735 1373 1783 bona;
1420 1746 1535 1788 nam
1563 1732 1650 1772 vita
1681 1743 1777 1786 quo-

188 1807 356 1848 tidiana
402 1819 479 1859 per
526 1818 572 1846 se
619 1805 772 1846 dicitur
818 1807 1092 1859 generaliter,
1143 1819 1229 1847 non
1276 1807 1490 1846 certorum
1536 1803 1775 1844 hominum.

191 1877 390 1919 Nostram
422 1876 593 1929 quidem
627 1876 742 1918 solus
776 1876 983 1918 Gruterus
1026 1877 1136 1918 ferre
1169 1877 1329 1930 potuit;
1377 1876 1453 1917 sed
1494 1875 1539 1915 id
1578 1873 1779 1914 librarius

191 1948 368 1998 addidit,
416 1951 464 1988 ut
503 1960 696 2000 eoepressa
734 1948 872 2001 imayo
908 1952 1053 1988 nostra
1092 1947 1374 2000 responderet
1418 1945 1566 1999 effictis
1595 1943 1780 1984 moribus

191 2020 357 2069 nostris,
391 2019 444 2060 de
476 2018 661 2071 genitivo
692 2031 780 2059 non
812 2015 1066 2072 cogitans.¹)

311 2089 356 2131 C.
390 2088 458 2139 23,
492 2088 548 2130 65
581 2088 713 2130 edidi:
754 2094 980 2143 propterea
1011 2089 1132 2144 quod,
1172 2089 1243 2144 qui
1281 2093 1443 2129 tantum
1472 2087 1644 2140 facinus
1675 2098 1780 2125 com-

193 2161 407 2213 miserunt,
454 2173 535 2200 non
566 2159 685 2200 modo
716 2161 804 2201 sine
836 2174 940 2201 cura
971 2161 1188 2216 quiescere,
1235 2159 1307 2200 secl
1338 2173 1388 2200 ne
1419 2159 1584 2213 ,spirare
1616 2155 1782 2213 quidem

194 2233 281 2273 sine
312 2235 421 2271 metu
444 2236 631 2284 possunt,
663 2234 833 2284 partem
866 2231 1060 2274 codicum
1093 2234 1135 2272 et
1167 2231 1267 2272 edit.
1301 2244 1339 2272 a.
1370 2230 1482 2271 1472
1515 2232 1701 2279 secutus,
1734 2230 1783 2269 ut

194 2305 288 2344 haec
320 2315 372 2343 ex
404 2302 617 2344 Ciceronis
649 2315 835 2355 persona
867 2303 1103 2352 addantur3
1144 2302 1403 2343 recentiores
1428 2301 1593 2355 possint
1623 2311 1781 2353 posue-

195 2374 305 2423 rant,
353 2375 400 2413 ut
441 2371 702 2414 referrentur
742 2373 835 2414 haec
878 2374 933 2415 ad
974 2373 1079 2414 illud
1123 2372 1253 2413 Nemo
1299 2373 1406 2413 enim
1430 2371 1624 2425 putabat.
1686 2370 1783 2411 Non

127 2459 175 2485 181
197 2443 486 2493 attenderunt,
519 2445 612 2484 tum
643 2445 920 2497 nonpossint,
953 2444 1030 2485 sed
1054 2456 1105 2485 ex
1129 2444 1268 2485 Latini
1291 2443 1501 2484 sermonis
1524 2455 1618 2492 usu,
1653 2453 1782 2494 quem

199 2515 347 2555 contra
378 2513 615 2566 saepissime
646 2517 860 2568 peccatur,
900 2519 1067 2568 possent
1108 2516 1150 2555 et
1188 2513 1314 2554 simul
1353 2513 1646 2553 commisissent
1677 2510 1781 2552 scri-

199 2584 389 2626 bendum
422 2584 568 2626 fuisse.

238 2757 267 2801 1)
293 2760 543 2794 Steinmetzius
575 2759 618 2793 de
651 2759 724 2794 suis
756 2763 792 2794 et
823 2760 975 2795 aliorum
1008 2761 1108 2795 codd.
1142 2763 1247 2794 tacet.
1296 2759 1401 2793 Initio
1428 2769 1456 2793 c.
1484 2758 1527 2791 17
1559 2759 1603 2793 de
1634 2759 1687 2792 Ac
1712 2768 1784 2792 non

297 2821 395 2854 modo
420 2818 580 2863 (recepto
607 2829 649 2853 ex
675 2819 729 2853 ed.
756 2830 787 2853 a.
815 2818 906 2852 1472
931 2830 995 2863 pro
1021 2820 1069 2853 At
1094 2831 1165 2854 non
1189 2816 1304 2861 modo)
1330 2818 1401 2852 vid.
1429 2817 1566 2862 epistol.
1594 2819 1718 2851 nostra
1737 2816 1784 2850 ad

296 2877 403 2912 Orell.
431 2889 464 2921 p.
493 2877 569 2911 110.
