1915 3235
899 131 957 172 43

132 261 313 302 lectione
362 275 487 317 quum
529 262 628 301 teaeit
665 274 742 313 pro
782 261 970 301 contexit.
1032 260 1209 301 Frustra
1257 261 1371 302 enim
1418 260 1579 302 Weber
1625 264 1723 313 post

132 331 504 372 Wunderlichium
537 331 593 372 ad
625 332 830 372 omissam
861 331 1117 383 particulam
1149 331 1187 372 si
1219 331 1421 384 confugit,
1456 345 1551 384 quae
1575 333 1618 372 in
1641 332 1723 373 hac

132 402 337 443 orationis
369 403 586 442 structura
618 401 756 442 audiri
788 401 905 442 nullo
937 401 1066 442 modo
1098 403 1254 454 potest.
1317 401 1485 454 Duplex
1517 404 1582 443 est
1609 403 1721 443 enim

133 473 223 513 eius
266 472 516 513 omittendae
559 471 676 524 apud
716 471 890 512 Latinos
929 472 1052 521 ratio,
1101 472 1241 524 primo
1288 473 1332 513 in
1377 473 1497 514 initio
1544 472 1722 525 periodi,

131 543 218 592 ubi,
252 544 296 583 in
328 543 541 584 concitata
575 544 617 583 et
648 542 769 582 brevi
801 542 1009 591 oratione,
1043 542 1099 591 id,
1142 542 1258 595 quod
1290 543 1550 584 condicionis
1582 543 1723 584 locum

131 615 262 662 tenet,
302 613 476 666 fingitur
508 626 623 661 esse;
671 613 731 653 sic
774 614 887 653 enim
920 613 1166 654 huiusmodi
1198 613 1279 654 loci
1311 613 1549 666 accipiendi
1581 614 1722 666 potius

132 686 233 725 sunt
265 696 396 736 quam
428 696 506 736 per
538 684 940 735 interrogationem;
983 684 1129 736 itaque
1168 697 1214 725 re
1246 697 1349 725 vera
1380 697 1467 725 non
1499 685 1722 733 omittitur,

131 754 207 795 sed
240 755 330 795 eius
362 753 574 807 ponendae
608 766 739 794 causa
771 753 945 802 tollitur,
987 753 1071 794 alia
1104 755 1299 795 instituta
1332 756 1536 796 orationis
1570 755 1723 803 forma,

131 825 269 878 qualis
302 827 366 866 est
398 825 441 865 in
472 824 555 865 hac
594 825 688 876 ipsa
728 825 861 864 satira
900 837 939 864 v.
976 824 1079 865 100:
1123 824 1276 866 Rides:
1323 826 1483 866 maiore
1524 825 1725 866 cachinno

134 895 399 947 Concubitum·
436 895 519 948 flet,
558 896 595 935 si
633 895 834 935 lacrimas
875 896 1084 948 conspexit
1123 896 1250 935 amici
1290 894 1383 948 (cfr.
1417 896 1524 945 XIII,
1565 882 1651 937 21⁴5
1684 899 1727 937 et

131 966 214 1006 227
250 968 303 1015 et,
337 978 391 1006 ne
425 966 575 1019 longus
608 966 702 1015 sim,
737 978 843 1018 quos
876 965 1070 1006 laudavit
1102 969 1300 1007 auctores
1325 966 1637 1008 Stallbaumius
1670 968 1726 1008 ad

130 1036 336 1077 Ruddim.
370 1036 573 1077 Institutt.
607 1036 642 1076 ΙΙ
674 1049 715 1088 p.
751 1035 849 1086 356,
883 1035 1008 1076 Beier
1040 1036 1096 1077 ad
1130 1036 1283 1088 fragm.
1318 1036 1403 1078 Cic.
1437 1028 1563 1078 oratt.
1593 1052 1635 1090 p.
1668 1038 1724 1078 46

131 1117 253 1160 sqq,¹
282 1106 589 1160 Bernhardyus
622 1107 742 1160 Synt.
778 1106 912 1147 Graec.
947 1121 988 1159 p.
1023 1106 1140 1159 385).
1205 1107 1369 1148 Deinde
1408 1107 1544 1149 multo
1586 1109 1724 1148 rarius

131 1190 231 1218 vere
263 1178 475 1218 omittitur
515 1178 559 1218 in
598 1177 741 1218 media
784 1178 976 1219 oratione
1021 1178 1063 1218 in
1107 1177 1261 1218 eadem
1305 1179 1602 1229 concitatione,
1650 1179 1723 1219 ubi

131 1248 323 1289 condicio
355 1248 608 1289 brevissime
640 1261 726 1289 uno
759 1248 983 1289 duobusve
1016 1249 1158 1289 verbis
1192 1250 1517 1301 comprehensa,
1552 1252 1724 1290 senten-

129 1320 201 1360 tiae
233 1320 451 1372 primariae
484 1320 751 1371 interposita,
800 1320 894 1372 ipsa
927 1319 1048 1360 verbi
1081 1319 1221 1360 forma
1264 1319 1467 1360 indicium
1511 1321 1577 1361 sui
1610 1318 1723 1367 facit,

131 1390 498 1442 quemadmodum
533 1389 638 1430 dixit
670 1390 868 1442 Virgilius
901 1390 995 1431 AEn.
1021 1390 1088 1439 VI,
1122 1390 1197 1430 30:
1238 1389 1303 1429 Tu
1339 1404 1495 1445 quoque
1527 1405 1722 1445 nmquam

130 1461 297 1501 Partem
332 1475 452 1515 opere
482 1462 526 1516 {n
561 1466 688 1513 tanto,
721 1462 875 1501 sineret
906 1461 1036 1505 dolor,
1072 1460 1195 1501 [aare
1227 1460 1412 1507 haberes,
1446 1464 1489 1502 et
1512 1461 1725 1502 Iuvenalis

129 1545 261 1584 supra
300 1545 339 1572 V.
373 1532 448 1587 ’ἴδε
500 1532 720 1573 Graeculus
768 1532 953 1572 esuriens
999 1533 1044 1572 iu
1091 1533 1257 1584 caelum,
1306 1533 1498 1583 iusseris,
1546 1532 1635 1584 ibit,
1685 1535 1726 1573 et

129 1602 279 1642 Senec.
313 1603 472 1644 consol.
507 1603 563 1643 ad
595 1603 725 1643 Marc.
757 1604 803 1644 6:
840 1617 929 1656 par
962 1603 1019 1643 ad
1050 1600 1234 1655 honesta,
1274 1602 1411 1654 libeat,
1450 1602 1649 1655 facultas,
1684 1607 1723 1644 et

130 1686 226 1724 quae
267 1676 368 1713 sunt
406 1674 561 1715 horum
601 1670 817 1725 similia.¹)
886 1674 967 1714 Hic
1016 1674 1203 1726 quidem,
1253 1674 1296 1714 in
1344 1674 1487 1714 media
1533 1674 1724 1726 periodo.

129 1743 402 1795 praecedente
435 1749 483 1793 et,
533 1748 740 1797 sequente
773 1745 965 1797 perfecto
998 1744 1218 1786 indicativi
1250 1747 1459 1797 tempore,
1505 1758 1591 1785 non
1623 1758 1725 1786 con-

130 1814 259 1854 citata
292 1816 499 1865 oratione,
548 1829 635 1856 non
667 1815 800 1865 brevi,
849 1817 988 1856 omitti
1027 1816 1144 1857 nullo
1176 1816 1306 1857 modo
1337 1816 1490 1868 potuit.
1554 1816 1639 1856 Sed
1672 1816 1725 1857 de

130 1886 345 1926 sententia
377 1886 616 1927 videamus.
680 1887 816 1939 Vulgo
850 1888 962 1927 enim
998 1887 1079 1928 hoc
1119 1887 1201 1927 dici
1242 1889 1410 1939 putant,
1460 1880 1726 1928 adeo'male

130 1957 270 1996 curari
302 1957 406 1997 vitia
438 1957 717 1998 aedificiorum
750 1957 805 1998 ab
840 1971 903 2007 eo,
938 1959 1009 2010 qui
1043 1958 1080 1998 ei
1113 1958 1174 1998 rei
1206 1957 1437 2010 praefectus
1465 1958 1531 2006 sit,
1565 1957 1724 2005 villico;

129 2026 243 2067 hunc
290 2029 437 2068 autem
485 2028 677 2069 nonnulli
725 2028 885 2069 aedium
940 2028 1163 2070 dominum
1219 2027 1477 2079 intelligunt,
1532 2028 1725 2081 plerique

129 2100 277 2138 autem
315 2099 616 2151 magistratum
657 2099 865 2152 aliquem,
915 2112 967 2140 ex
1006 2099 1071 2139 his
1115 2112 1262 2139 rursus
1306 2098 1376 2139 alii
1415 2099 1604 2148 aedilem,
1655 2100 1724 2140 alii

128 2168 384 2221 praefectum
417 2170 549 2210 urbis.
614 2170 666 2210 Et
699 2170 751 2210 de
783 2170 864 2211 hoc
897 2170 1059 2210 Weber
1090 2171 1324 2210 asseverat.
1378 2169 1462 2210 Ubi
1494 2172 1641 2211 autem
1676 2183 1725 2211 eo

130 2242 305 2279 ventum
355 2243 438 2289 est,
489 2243 535 2281 ut
584 2241 922 2290 demonstretur,
971 2240 1188 2293 quomodo
1243 2239 1299 2281 ad
1344 2240 1458 2281 hunc
1504 2241 1724 2282 hominem

130 2310 458 2362 significandum
507 2312 638 2352 villici
684 2325 844 2353 nomen
891 2314 1041 2364 aptum
1089 2312 1161 2360 sit,
1211 2311 1487 2364 respondent,
1537 2312 1722 2352 villicum

130 2381 338 2433 appellari
372 2383 567 2434 quemvis
600 2385 927 2435 procuratorem
958 2395 1008 2423 ac
1041 2382 1405 2434 dispensatorem;
1448 2382 1509 2422 sic
1541 2383 1725 2422 ⁴vz'llicmn

99 2451 437 2506 'alimentormm
485 2454 667 2494 villicum
711 2468 737 2494 α
768 2452 940 2507 plumbo
979 2453 1074 2493 dici.
1137 2452 1196 2493 Ut
1239 2453 1449 2505 accipiam
1491 2454 1723 2494 testimonii

129 2521 222 2563 loco
255 2523 348 2564 illas
381 2524 693 2577 appellationes
725 2524 950 2564 hominum
983 2524 1117 2564 infimi
1150 2524 1310 2565 ordinis
1344 2537 1396 2564 ex
1438 2525 1724 2576 inscriptioni-

129 2592 211 2634 bus
244 2595 493 2645 posterioris
527 2596 679 2643 aetatis,
728 2607 869 2646 neque
902 2595 1105 2645 reiiciam,
1155 2609 1284 2648 quem
1328 2609 1379 2636 ex
1411 2595 1724 2649 epigrammate

131 2663 173 2703 in
219 2663 439 2717 Priapum,
489 2666 604 2718 quod
652 2666 759 2706 falso
808 2665 980 2707 Tibullo
1028 2667 1243 2715 tribuitur,
1292 2667 1492 2715 afferunt,
1541 2666 1721 2706 villicum

169 2837 196 2883 ¹)
221 2840 343 2885 Longe
369 2841 522 2883 diversa,
556 2853 665 2886 quam
692 2842 825 2876 Weber
858 2845 893 2875 et
919 2842 1125 2876 Ramshorn
1158 2845 1381 2886 comparant.
1417 2840 1621 2875 Germanici
1654 2851 1723 2873 ser-

225 2899 343 2933 monis
370 2901 471 2941 ratio,
499 2901 612 2935 nostri
639 2911 794 2944 quoque.
834 2899 979 2943 [Totam
1006 2912 1084 2935 rem
1110 2900 1267 2934 breviter
1293 2899 1551 2944 comprehendi
1570 2910 1722 2943 gramm.

226 2958 302 2992 Lat.
329 2957 350 3000 ἓ
375 2958 444 2992 442
470 2971 491 2993 a
516 2963 589 2993 not.
617 2958 638 2991 2
665 2959 719 2993 ed.
746 2957 843 3001 tert]

1746 1752 1779 1777 55
