1915 3235
893 112 945 153 77

128 241 340 290 Osannus,
375 241 492 282 cuius
526 254 603 293 ego
635 241 971 294 disputationem
1003 244 1104 282 ante
1135 241 1297 294 aliquot
1321 254 1456 283 annos
1479 242 1713 295 proditam,

126 325 213 353 non
243 311 391 364 paucis
424 311 647 352 oblivionis
681 314 723 352 et
760 311 1133 353 inconsiderantiae
1176 311 1391 353 erroribus
1430 312 1708 365 implicatam,

125 385 172 423 ut
204 382 312 423 solet
342 381 441 422 huic
472 381 563 422 viro
595 381 638 422 in
676 381 798 422 novis
837 381 1032 431 inventis,
1082 395 1265 434 quorum
1313 395 1410 422 cum
1457 383 1710 424 credulitate

125 453 314 505 quadam
353 451 482 505 paulo
521 454 586 492 est
625 451 836 504 cupidior,
885 452 1098 501 accidere,
1146 466 1233 494 non
1269 454 1469 505 putarem
1510 457 1709 495 accurate

122 522 416 571 refellendam,
463 522 544 563 nisi
583 525 625 563 et
662 522 847 574 Langius
890 522 933 563 in
971 523 1172 563 Vindiciis
1213 523 1457 575 Tragoedias·
1497 523 1709 565 Romanae

123 605 219 634 eam
251 592 497 645 improbare
538 605 669 633 ausus
707 605 793 633 non
833 595 946 633 esset
992 595 1034 633 et
1079 582 1219 645 planev
1245 593 1526 646 pluribusque
1565 594 1708 635 verbis

121 663 348 715 probasset
379 665 535 715 praeter
566 662 781 712 Bothium,
830 663 901 715 qui
939 663 982 703 in
1020 665 1110 704 toto
1148 663 1230 704 hoc
1261 676 1416 716 genere
1447 663 1598 705 leviter
1630 665 1708 705 ad-

120 733 297 774 modum
340 736 405 774 est
443 735 637 774 versatus
670 732 857 786 (Fragm.
892 734 1059 786 Tragic.
1094 734 1186 774 Lat.
1226 747 1268 786 p.
1304 732 1359 786 1),
1408 737 1451 775 et
1489 735 1707 776 Baehrium

122 803 249 855 (Hist.
290 804 388 844 Litt.
428 803 554 844 Rom.
593 817 635 856 p.
668 802 742 856 45)
785 802 846 856 [p.
881 804 936 844 80
975 804 1042 844 ed.
1076 803 1122 856 2]
1169 804 1389 856 Augustus
1435 805 1707 847 Weichertus

121 873 181 926 (in
230 880 458 915 comment.
500 874 552 914 de
592 875 734 915 Laevio
773 877 886 927 poet.
920 888 962 926 p.
995 875 1050 915 46
1085 875 1150 915 ed.
1184 875 1298 927 Lips.
1335 874 1477 928 1830),
1526 879 1574 917 ut
1619 876 1706 917 iam

119 945 246 985 latius
279 957 450 997 serpere
490 958 607 985 error
645 944 854 985 videatur.
918 943 1117 985 Osannus
1158 946 1283 994 enim,
1333 959 1466 998 quum
1505 948 1549 987 in
1587 947 1706 988 Ana-

119 1016 238 1056 lectis
271 1015 435 1057 Criticis
468 1014 626 1067 (poesis
650 1015 776 1056 Rom.
810 1015 990 1056 scenicae
1021 1015 1171 1068 reliqu.
1197 1016 1524 1058 illustrantibus.
1573 1018 1705 1059 Bero-

119 1086 189 1127 lin.
226 1084 354 1137 1016)
394 1100 435 1138 p.
469 1086 523 1126 39
564 1099 656 1138 sqq.
697 1085 749 1125 de
793 1099 919 1135 anno,
968 1099 1052 1138 quo
1100 1089 1196 1126 acta
1245 1089 1357 1127 esset
1402 1088 1541 1140 prima
1590 1089 1707 1141 apud

118 1157 339 1197 Romanos
363 1156 524 1206 fabula,
559 1159 770 1209 quaereret
794 1159 1071 1209 utereturque
1097 1157 1189 1198 loco
1214 1170 1345 1209 supra
1371 1170 1395 1198 a
1418 1171 1488 1199 me
1514 1171 1703 1199 comme-

116 1230 284 1268 morato
318 1227 531 1268 Ciceronis
564 1240 615 1267 ex
640 1227 758 1267 Brut.
783 1240 818 1267 c.
846 1227 912 1275 18,
947 1227 1115 1268 efficere
1147 1227 1323 1275 studuit,
1357 1241 1443 1269 non
1467 1229 1513 1269 L.
1538 1229 1705 1270 Attium

116 1298 186 1339 illo
226 1298 318 1339 loco
351 1311 376 1339 a
408 1298 612 1339 Cicerone
642 1298 912 1338 nominatum
953 1311 1059 1347 esse,
1099 1310 1239 1350 neque
1280 1299 1370 1339 eius
1410 1298 1540 1339 fuisse
1581 1299 1704 1340 dida-

116 1369 301 1409 scalicon
318 1369 462 1417 libros,
486 1368 563 1408 sed
586 1368 691 1408 Attii
719 1368 943 1409 cuiusdam
967 1368 1217 1409 Praetextati
1240 1369 1460 1420 Philologi,
1484 1383 1703 1422 gramma-

115 1439 186 1480 tici
233 1439 349 1491 apud
396 1439 649 1480 Suetonium
697 1437 767 1490 (de
814 1439 965 1479 illustr.
1008 1452 1190 1491 gramm.
1238 1438 1308 1491 10)
1364 1441 1701 1490 commemorati,

116 1510 305 1551 Sallustii
338 1513 379 1550 et
410 1509 545 1550 Asinii
577 1509 778 1550 Pollionis
812 1509 998 1550 cultoris.
1062 1510 1108 1550 In
1148 1523 1232 1562 quo
1276 1513 1454 1551 eatenus
1487 1512 1702 1563 praeierat,

115 1581 230 1632 quod
262 1580 461 1621 Osannus
493 1593 580 1620 non
613 1580 725 1629 dicit,
767 1579 1005 1621 Gronovius
1039 1581 1094 1621 ad
1128 1581 1232 1621 Gell.
1266 1581 1332 1631 III,
1367 1582 1406 1631 3,
1440 1585 1487 1622 ut
1520 1583 1564 1622 L.
1596 1582 1703 1623 Attii

114 1654 252 1703 poetae
301 1651 589 1692 didascalicon
636 1651 766 1691 libros
813 1651 943 1692 fuisse
990 1655 1178 1704 negaret.
1249 1652 1508 1693 Rationibus
1557 1655 1702 1694 autem

114 1721 314 1763 Osannus
346 1722 480 1762 utitur
513 1721 571 1774 (p.
606 1722 658 1761 61
693 1720 818 1774 sqq),
852 1721 1039 1773 primum
1080 1723 1195 1774 quod
1227 1723 1475 1763 incredibile
1515 1724 1581 1773 sit,
1622 1723 1701 1764 At-

112 1793 219 1833 tium
253 1805 441 1833 errorem
474 1791 760 1844 quadraginta
793 1792 882 1832 fere
915 1805 1127 1833 annorum
1168 1794 1212 1833 in
1252 1807 1364 1834 anno
1404 1794 1555 1846 primae
1596 1794 1703 1834 Livii

112 1863 345 1904 Andronici
368 1863 527 1903 fabulae
551 1863 847 1904 constituendo
877 1864 1144 1904 committere
1169 1864 1372 1916 potuisse,
1407 1864 1561 1905 deinde
1585 1865 1702 1917 quod

112 1937 202 1975 tam
235 1937 368 1975 vastae
402 1937 444 1974 et
476 1934 575 1974 latae
608 1933 858 1974 eruditionis
898 1947 1005 1986 opus
1038 1934 1190 1975 Romae
1232 1948 1256 1975 a
1288 1935 1487 1976 Romano
1526 1935 1701 1976 homine

111 2005 181 2046 illo
213 2008 407 2057 tempore
441 2005 589 2046 confici
621 2017 707 2045 non
737 2004 937 2056 potuerit,
972 2007 1063 2045 tum
1097 2005 1211 2057 quod
1243 2006 1348 2046 Attii
1381 2006 1511 2055 fama,
1545 2007 1581 2046 si
1613 2006 1699 2046 tale

112 2076 201 2117 eius
234 2089 341 2128 opus
375 2075 618 2124 exstitisset,
652 2088 738 2115 non
770 2076 829 2115 ita
862 2075 1093 2116 obscurata
1126 2079 1252 2125 esset,
1293 2079 1340 2116 ut
1371 2077 1414 2116 in
1445 2076 1563 2117 Attio
1595 2076 1699 2117 nihil

110 2149 267 2198 praeter
285 2147 375 2187 eius
393 2146 606 2198 poeticam
624 2146 825 2186 virtutem
844 2159 941 2186 cum
966 2146 1093 2186 laude
1117 2146 1445 2199 praedicaretur;
1478 2150 1697 2199 postremo

112 2217 226 2270 quod
257 2230 343 2257 non
374 2217 429 2257 sit
460 2218 548 2258 veri
581 2217 732 2266 simile,
765 2216 944 2266 Attium,
979 2217 1051 2269 qui
1084 2218 1200 2270 apud
1228 2218 1409 2259 Gellium
1437 2218 1503 2268 ΙΙΙ,
1538 2218 1564 2259 3
1588 2219 1698 2259 inter

110 2288 403 2340 grammaticae
436 2288 599 2328 Latinae
633 2289 843 2336 auctores,
878 2287 949 2339 qui
982 2301 1130 2329 omnes
1163 2290 1262 2341 post
1292 2289 1459 2329 Attium
1487 2288 1697 2341 tragicum

110 2359 304 2408 vixerint,
338 2359 595 2407 nominetur,
631 2358 815 2398 eundem
849 2370 943 2398 esse
976 2361 1106 2411 atque
1137 2359 1265 2400 hunc.
1328 2359 1477 2412 Itaque
1510 2359 1696 2411 primum

109 2429 308 2470 omnibus
340 2429 421 2469 illis
454 2429 569 2478 locis,
618 2429 661 2469 in
693 2429 848 2480 quibus
888 2428 993 2469 Attii
1027 2429 1286 2470 didascalica
1318 2430 1573 2471 nominatim
1605 2443 1696 2470 me-

110 2502 344 2549 morantur,
377 2512 462 2540 uno
495 2499 629 2548 Gellii,
674 2499 842 2539 duobus
875 2499 1069 2549 Charisii,
1104 2503 1307 2552 quattuor
1338 2500 1476 2550 Nonii,
1525 2500 1695 2541 duobus

108 2571 328 2619 Prisciani,
377 2583 454 2623 pro
501 2569 604 2610 Attii
653 2570 826 2610 nomine
873 2570 964 2610 sine
1003 2570 1090 2611 ulla
1128 2570 1417 2611 inconstantia
1455 2571 1696 2623 perscripto

110 2640 228 2694 (nam
253 2641 417 2693 Accius,
450 2640 610 2692 Actius,
644 2639 784 2680 Attius
809 2641 925 2692 apud
949 2641 1144 2682 librarios
1169 2641 1361 2682 eiusdem
1386 2643 1486 2681 sunt
1509 2641 1694 2682 nominis

110 2710 290 2763 formae),
331 2711 442 2752 Ateii
475 2711 644 2759 sufficit,
686 2710 805 2751 cuius
837 2724 1051 2763 nusquam
1084 2712 1310 2764 vestigium
1342 2712 1386 2752 in
1417 2711 1499 2752 hac
1530 2724 1576 2752 re
1609 2714 1693 2754 est:

110 2782 263 2822 deinde
296 2782 411 2834 quod
443 2781 559 2834 apud
592 2781 773 2821 Gellium
798 2781 864 2831 ΙΙΙ,
903 2782 950 2822 11
977 2782 1185 2834 scriptum
1218 2785 1283 2822 est
1308 2781 1358 2822 L.
1385 2782 1537 2822 Accius
1555 2787 1691 2836 poeta,

110 2855 350 2893 extremum
382 2852 640 2893 vocabulum
674 2851 836 2901 abiicit3
869 2852 993 2893 Nonii
1027 2855 1171 2893 autem
1205 2852 1352 2904 quinto
1384 2852 1476 2893 loco
1505 2851 1562 2904 (p.
1592 2850 1693 2903 165)

110 2922 224 2974 quod
269 2935 349 2963 nec
396 2921 515 2963 Idem
570 2922 613 2962 in
661 2922 807 2962 Ateius
853 2922 976 2963 facile
1023 2922 1181 2963 mutari
1227 2924 1396 2974 poterat
1441 2935 1520 2963 nec
1567 2922 1693 2962 Ateio

1724 1170 1758 1197 96
