1915 3235
797 129 880 170 451

45 271 185 311 neque
231 271 309 310 per
355 271 401 299 se
439 271 580 310 neque
618 259 661 298 in
700 258 899 299 omnibus
939 258 1092 311 linguis
1132 272 1225 301 6556
1257 260 1443 302 sciamus
1478 260 1637 314 (potest

47 329 160 369 enim
207 328 289 369 alio
335 328 465 369 modo
513 328 652 369 eidem
691 329 752 369 rei
792 342 885 369 esse
923 328 1233 383 prospectum),
1283 333 1325 371 et
1371 331 1414 372 in
1461 332 1635 385 singulis

45 400 204 452 linguis,
230 412 327 440 eam
360 399 737 440 accommodemus
771 399 827 440 ad
860 412 923 450 ea,
972 412 1068 451 quae
1108 413 1257 441 earum
1296 401 1380 442 sint
1412 402 1454 442 in
1487 402 1635 444 formis

44 470 254 524 fingendis
300 469 487 522 propria.
552 470 665 510 Tum
712 471 754 511 in
802 470 1039 511 formarum
1086 484 1167 511 usu
1216 484 1241 512 a
1288 471 1427 524 prima
1476 473 1636 526 origine

44 540 280 593 repetendo
311 540 648 589 meminerimus,
682 554 768 582 non
801 541 857 582 ad
889 541 1148 593 explicatam
1181 543 1224 582 et
1256 543 1378 594 quasi
1410 542 1453 582 in
1485 543 1635 584 tabula

45 611 298 664 dispositam
331 612 663 664 descriptionem
697 624 844 652 earum
884 624 1041 662 reruni,
1093 625 1188 665 quae
1232 613 1522 664 significandae
1569 627 1635 654 es-

43 684 151 733 sent,
185 685 301 723 ortas
335 685 377 723 et
410 682 668 735 compositas
702 695 795 723 esse
828 682 990 723 formas
1022 682 1340 735 grammaticas,
1377 685 1634 736 cogitemus-

44 766 140 806 que,
175 766 305 806 quam
338 753 461 794 facile
494 753 681 794 maxime
716 767 790 803 eae,
827 766 923 805 quae
954 766 1042 794 non
1072 754 1116 793 in
1149 753 1387 795 rationibus
1420 754 1634 806 primariis

42 823 282 865 indicandis
329 824 481 876 positae
528 824 625 874 sint,
673 827 850 876 propter
896 824 1120 865 notionum
1168 824 1535 877 propinquitatem
1579 825 1635 866 ad

44 895 163 945 alios,
197 908 326 947 quam
361 894 517 946 quibus
551 894 777 935 destinatae
810 894 981 943 fuerint,
1015 908 1118 935 usus
1150 894 1446 935 traducantur.

158 965 350 1006 Actionis
384 965 552 1015 futurae,
604 978 712 1018 quae,
763 978 896 1018 quum
935 965 1060 1006 simul
1093 967 1238 1006 mente
1273 965 1537 1018 concipiatur
1569 966 1635 1006 111-

41 1037 174 1076 terius
221 1035 353 1076 futuri
400 1036 606 1088 temporis
654 1039 942 1085 momentum,
1001 1036 1100 1076 hinc
1147 1037 1343 1088 spectata
1390 1037 1635 1089 praeterisse

40 1106 250 1157 videatur,
305 1130 356 1134 —
405 1107 671 1159 praeteritam
712 1107 754 1147 in
787 1107 931 1148 futuro
963 1106 1196 1159 appellant,
1247 1129 1302 1135 —
1349 1107 1475 1148 huius
1508 1108 1635 1160 igitur

42 1177 219 1218 actionis
251 1179 424 1230 tempus
457 1178 500 1218 in
539 1178 824 1230 grammatica
862 1178 1015 1218 Latina
1054 1177 1248 1218 futurum
1289 1180 1490 1218 exactum
1531 1178 1635 1219 dici-

40 1261 150 1298 mus,
200 1247 377 1300 eiusque
426 1248 693 1301 significandi
740 1250 1001 1301 potestatem
1045 1250 1172 1289 certae
1211 1248 1443 1289 Verborum
1484 1248 1634 1290 formae

39 1316 265 1370 hahent.¹)
328 1317 414 1359 Sed
447 1331 509 1359 eae
547 1319 673 1371 vulgo
712 1332 862 1360 omnes
907 1319 1239 1369 confunduntur,
1289 1332 1422 1371 quum
1466 1320 1549 1360 sint
1593 1322 1635 1361 et
1655 1333 1689 1357 64

41 1389 202 1442 origine
235 1390 277 1429 et
308 1402 389 1429 usu
424 1389 693 1441 aliquantum
727 1389 928 1439 diversae3
977 1393 1019 1430 et
1051 1403 1183 1442 quum
1229 1402 1290 1430 eae
1330 1389 1494 1439 formae,
1538 1403 1634 1442 quae

40 1460 139 1500 hinc
185 1459 228 1500 in
274 1460 452 1500 modum
497 1460 814 1501 coniunctivum
859 1460 1137 1510 descendunt,
1187 1461 1317 1501 etiam
1367 1460 1423 1501 ad
1469 1461 1634 1502 nudum

39 1531 307 1583 praeteritum
340 1532 511 1583 tempus
544 1531 871 1583 significandum
905 1531 1063 1572 sensim
1096 1531 1306 1572 traductae
1340 1532 1436 1580 sint,
1472 1532 1633 1573 factum

40 1604 118 1651 est,
159 1603 206 1642 ut
244 1602 327 1642 huc
367 1601 512 1642 omnia
549 1602 820 1654 grammatici
860 1603 1069 1643 referrent
1110 1605 1151 1643 et
1183 1603 1225 1643 in
1259 1616 1338 1643 usu
1372 1602 1498 1643 huius
1533 1616 1634 1644 con-

38 1672 214 1713 iunctivi
247 1671 500 1724 explicando
533 1672 703 1713 inverso
736 1673 884 1714 ordine
918 1687 942 1714 a
975 1674 1166 1726 perfecto
1200 1674 1256 1714 ad
1289 1673 1480 1714 futurum
1514 1674 1633 1715 veni-

39 1745 147 1793 rent,
196 1742 262 1783 vel
309 1742 452 1795 potius
499 1742 692 1783 futurum
739 1757 915 1796 prorsus
957 1745 1246 1785 excluderent.
1311 1744 1389 1794 Qui
1434 1758 1552 1786 error
1585 1759 1634 1787 eo

39 1826 176 1866 usque
214 1825 467 1866 progressus
508 1816 583 1862 est,
634 1816 680 1854 ut
726 1827 812 1855 non
860 1815 1071 1865 deessent,
1122 1815 1193 1868 qui
1240 1816 1306 1856 vel
1354 1815 1632 1856 indicativum

39 1883 170 1924 futuri
219 1884 357 1924 exacti
406 1896 456 1924 ea
503 1883 572 1924 via
620 1887 762 1925 ortum
802 1888 1019 1937 putarent.
1082 1887 1232 1938 ltaque
1274 1886 1422 1927 ordine
1456 1900 1632 1939 progre-

75 2058 105 2101 ἱ)
130 2060 191 2093 Est
229 2059 350 2102 aliqua
388 2059 424 2092 in
451 2059 540 2102 ipso
579 2060 726 2094 nomine
764 2061 951 2095 dubitatio.
1016 2062 1129 2105 Vulgo
1167 2062 1265 2095 enim
1304 2066 1430 2096 omnes
1469 2063 1633 2096 scribunt

133 2117 437 2161 (Ruddimannus,
477 2118 671 2161 Seyfertus,
711 2118 796 2161 alii),
834 2120 878 2153 M.
906 2120 1105 2155 Varronem
1144 2122 1211 2154 hac
1249 2121 1492 2165 appellatione
1525 2133 1631 2155 usum

134 2188 226 2218 esse3
268 2177 329 2210 sed
357 2177 453 2219 unde
480 2177 515 2210 id
541 2177 667 2218 sciant,
700 2189 772 2212 non
800 2179 948 2219 addunt,
988 2179 1125 2223 opinor,
1165 2190 1207 2212 ea
1233 2190 1352 2219 causa,
1392 2180 1489 2223 quod
1516 2191 1631 2214 unum

133 2240 318 2270 auctorem
350 2236 487 2269 habent
520 2237 544 2269 Ι.
574 2236 611 2270 G.
639 2237 823 2278 Vossium,
863 2238 924 2282 qui
957 2239 1000 2272 de
1032 2239 1171 2281 analog.
1198 2239 1247 2271 III
1282 2250 1311 2272 0.
1339 2238 1384 2271 15
1417 2250 1437 2272 a
1470 2239 1631 2273 Varrone

133 2296 298 2329 futurum
323 2298 491 2328 exactum
517 2295 702 2339 appellari,
744 2301 779 2329 nt
805 2299 973 2339 superius
1005 2299 1079 2340 ipse
1111 2299 1253 2337 <limi-it,
1293 2297 1427 2331 scribit.
1479 2297 1548 2332 Sed
1575 2309 1631 2332 su-

133 2355 254 2399 perius
279 2353 426 2388 Vossius
453 2353 487 2386 id
514 2364 586 2387 non
614 2354 702 2388 dixit
728 2353 860 2399 (neque
886 2356 915 2389 ΙΙ
943 2356 987 2389 (16
1013 2359 1090 2390 arte
1116 2367 1266 2399 gramm.
1286 2356 1328 2388 21
1349 2360 1412 2390 aut
1430 2356 1485 2398 31,
1513 2368 1630 2401 neque

134 2413 185 2447 III
212 2413 256 2447 de
282 2413 377 2447 anal.
406 2413 460 2453 13,
488 2413 549 2447 ubi
576 2414 619 2447 de
646 2414 714 2447 hoc
740 2417 903 2457 tempore
930 2414 1112 2458 disputat),
1152 2419 1191 2448 ut
1218 2415 1322 2449 valde
1348 2415 1519 2458 suspicer,
1559 2426 1631 2449 me-

134 2472 249 2507 moria
275 2472 394 2506 virum
421 2472 706 2506 eruditissimum
732 2473 875 2517 lapsum
902 2484 990 2507 esse.
1028 2474 1068 2507 In
1094 2474 1193 2507 libris
1220 2474 1367 2517 quidem
1394 2474 1564 2508 Varronis
1588 2474 1631 2507 de

134 2531 258 2575 lingua
282 2531 359 2565 Lat.
387 2531 530 2565 nullum
557 2531 632 2565 eius
659 2532 815 2566 nominis
847 2532 1038 2576 vestigium
1072 2536 1140 2570 est;
1180 2544 1246 2566 nec
1280 2537 1417 2567 ceteros
1450 2545 1630 2577 gramma-

133 2590 222 2624 ticos
248 2593 388 2624 veteres
415 2593 477 2624 aut
503 2591 599 2634 ipsos
626 2602 668 2624 eo
695 2591 840 2624 nomine
873 2602 956 2625 usos
989 2594 1051 2625 aut
1077 2592 1248 2625 Varronis
1282 2591 1318 2625 in
1346 2603 1387 2626 eo
1414 2592 1628 2626 auctoritate

133 2649 283 2693 reperio.
334 2649 398 2683 Th.
425 2650 577 2684 Linacer
610 2649 670 2691 (de
702 2650 843 2684 emend.
870 2653 1051 2684 structura
1082 2650 1159 2684 Lat.
1186 2662 1292 2685 serm.
1320 2647 1354 2695 p.
1381 2651 1425 2684 ‘29
1453 2652 1506 2685 ed.
1534 2652 1629 2695 Lips.

134 2706 240 2750 1555)
277 2707 515 2752 Pomponium
557 2709 664 2743 huius
702 2708 858 2742 nominis
897 2711 1082 2742 auctorem
1120 2709 1214 2743 facit.
1284 2710 1392 2744 Putes
1439 2710 1629 2754 significari

134 2766 255 2800 locum
280 2766 482 2811 Pomponii,
510 2767 571 2812 qui
597 2771 651 2802 est
676 2768 698 2801 1.
727 2766 793 2799 123
811 2768 840 2800 D
868 2767 911 2801 de
930 2768 1028 2801 verb.
1050 2768 1197 2811 signific.
1217 2767 1286 2810 (50,
1316 2768 1384 2811 113),
1412 2769 1473 2803 ubi
1503 2769 1628 2803 eadem

135 2825 330 2869 disputatio
357 2826 556 2870 attingitur,
584 2837 664 2870 quae
691 2826 786 2870 apud
813 2826 900 2860 Gell.
928 2826 1035 2868 XVII,
1064 2826 1082 2859 7
1109 2827 1272 2871 exposita
1298 2831 1361 2862 est.
1414 2828 1483 2862 Sed
1511 2839 1555 2861 ne
1580 2828 1629 2861 ibi

131 2884 281 2931 quidem
308 2895 441 2919 nomen
468 2885 619 2929 reperio.
669 2886 802 2919 Verum
831 2889 978 2919 utamur
1003 2896 1067 2929 pro
1094 2889 1249 2929 recepto.

1284 2944 1347 2977 29*
