1915 3235
898 121 982 162 606

149 260 244 301 Act.
268 258 297 308 I,
333 270 367 298 c.
395 254 479 308 10),
513 256 591 296 aut
621 252 820 294 homines
853 251 1053 292 mercede
1084 251 1332 301 conductos,
1366 251 1448 293 hoc
1471 255 1548 301 est,
1582 255 1754 305 partem

149 342 235 371 non
267 325 620 369 honestissimam
660 322 829 376 plebis?
877 321 1105 372 Quomodo
1145 320 1331 376 denique
1368 323 1601 376 Pompeius
1642 323 1754 364 ferre

150 399 303 454 potuit,
353 401 401 438 ut
444 396 543 437 tulit
585 393 775 436 secundo
819 393 1059 441 consulatu,
1109 395 1157 434 ut
1199 407 1350 435 omnes
1388 394 1572 442 iudices,
1622 394 1754 435 etiam

150 470 313 512 tribuni
346 467 500 514 aerarii,
542 465 812 519 amplissimo
853 477 905 505 ex
937 476 1069 505 censu
1102 477 1151 505 ex
1183 466 1383 506 centuriis
1414 465 1672 518 legerentur,
1721 459 1757 506 sl

150 542 210 583 illi
252 538 463 582 eiusmodi
510 537 687 590 quidam
730 535 1011 588 magistratus
1056 537 1098 576 et
1139 535 1324 577 ministri
1367 536 1527 589 publici
1560 536 1754 585 fuissent,

152 625 282 665 quum
333 608 583 652 huiusmodi
629 607 918 648 ministerium
966 606 1142 647 omnino
1190 619 1216 648 a
1257 606 1413 648 civium
1453 607 1497 648 in
1540 607 1757 648 centurias

153 681 456 725 distributione
489 679 732 721 seiunctum
766 680 894 727 esset,
928 680 976 719 ut
1000 677 1274 718 centuriatim
1297 678 1417 731 seligi
1438 691 1525 719 non
1548 680 1756 731 possent?

152 754 239 796 Sed
270 754 422 805 longus
456 763 551 792 esse
582 750 696 799 nolo,
730 762 861 802 quum
896 749 1002 799 haec,
1038 761 1136 802 quae
1165 748 1361 801 proxime
1386 749 1636 802 significavi,
1670 761 1758 790 non

152 825 293 866 solum
341 823 496 864 falsam
546 820 793 874 opinionem
842 822 1059 869 evertant,
1119 819 1196 860 sed
1246 832 1395 860 verum
1445 820 1756 862 demonstrent.

154 895 347 937 Gradum
397 893 511 934 enim
560 892 749 944 aliquem
798 893 841 932 et
888 890 1208 932 distinctionem
1258 890 1414 932 civium
1459 891 1760 932 universorum

156 968 273 1008 certa
306 965 451 1018 aliqua
483 976 637 1004 norma
670 962 846 1013 factam,
898 962 1269 1016 quemadmodum
1315 962 1482 1015 equites
1526 975 1658 1003 censu
1692 975 1760 1003 se-

154 1037 440 1090 parabantur,
482 1034 587 1076 illud
626 1046 786 1075 nomen
828 1033 1103 1075 tribunorum
1136 1033 1389 1074 aerariorum
1422 1035 1576 1074 notare
1609 1032 1760 1081 debet;

155 1108 284 1161 idque
318 1106 543 1147 declarant
575 1104 848 1158 apertissime
880 1106 967 1145 tres
1009 1104 1226 1146 Ciceronis
1259 1104 1356 1145 loci.
1420 1104 1532 1144 Nam
1572 1103 1761 1156 primum

156 1179 199 1219 in
232 1177 426 1219 oratione
458 1176 514 1217 IV
545 1177 588 1217 in
618 1175 742 1217 Catil.
777 1188 812 1216 c.
837 1175 875 1225 7,
913 1175 979 1223 15,
1013 1174 1088 1216 ubi
1120 1176 1313 1216 omnium
1347 1175 1547 1216 ordinum
1580 1187 1762 1216 consen-

157 1263 254 1292 sum
287 1250 332 1290 in
363 1262 409 1289 re
442 1247 616 1301 publica
649 1247 924 1288 defendenda
970 1248 1297 1296 commemorat,
1340 1246 1557 1299 equitibus
1597 1246 1763 1287 Roma-

157 1321 223 1363 nis
257 1320 453 1374 proxime
485 1318 658 1360 subiicit
689 1318 886 1359 tribunos
919 1318 1116 1367 aerarios;
1150 1322 1192 1358 et
1224 1318 1259 1358 si
1283 1317 1350 1358 cui
1372 1317 1441 1358 hic
1463 1317 1582 1358 locus
1605 1316 1762 1358 dubius

160 1392 341 1441 videtur,
377 1390 494 1444 quod
526 1389 682 1431 deinde
715 1390 846 1430 etiam
880 1389 1045 1430 scribas
1078 1388 1287 1438 nominat,
1322 1388 1486 1429 nullam
1515 1387 1650 1429 habet
1681 1387 1761 1428 du-

158 1463 428 1511 bitationem,
478 1461 592 1514 quod
633 1462 677 1502 in
716 1461 910 1502 oratione
950 1474 1028 1514 pro
1069 1459 1114 1501 C.
1155 1459 1336 1500 Rabirio
1377 1459 1433 1500 ad
1473 1458 1591 1509 Quir.
1626 1459 1665 1508 9,
1707 1458 1759 1498 27

161 1534 327 1583 dicitur,
362 1533 437 1573 ubi
472 1532 620 1574 Cicero
653 1545 706 1573 ex
738 1532 855 1573 omni
887 1531 1048 1584 populo
1082 1531 1247 1583 equites
1282 1532 1325 1571 et
1355 1530 1553 1571 tribunos
1588 1528 1762 1570 aerarios

161 1618 356 1647 seorsum
389 1603 598 1653 nominat,
632 1605 843 1656 tanquam
869 1602 1021 1644 eodem
1046 1601 1175 1643 modo
1199 1614 1332 1654 supra
1354 1601 1566 1654 reliquam
1590 1600 1761 1654 plebem

163 1671 395 1727 evectos.1)
459 1674 567 1715 Illud
600 1687 702 1715 vero
734 1673 1150 1722 manifestissimum,
1200 1672 1315 1725 quod
1357 1685 1409 1713 ex
1450 1672 1644 1714 oratione
1684 1684 1762 1724 pro

161 1747 337 1790 Plancio
372 1760 406 1788 e.
441 1747 466 1788 8
500 1745 523 1798 ἓ
557 1747 608 1786 21
644 1745 856 1795 videmus
898 1758 985 1786 non
1024 1744 1163 1786 solum
1196 1745 1240 1786 in
1273 1745 1394 1794 urbe,
1436 1743 1514 1785 sed
1546 1743 1589 1783 in
1622 1742 1764 1783 muni-

164 1819 283 1873 cipiis
317 1821 360 1860 et
390 1817 660 1871 praefecturis
692 1816 764 1858 illo
796 1819 1006 1868 tempore,
1041 1818 1088 1856 ut
1121 1815 1287 1868 equites
1320 1815 1556 1862 Romanos,
1599 1813 1659 1855 sic
1692 1813 1766 1854 tri-

92 1901 144 1926 254
163 1891 304 1931 bunos
338 1888 515 1930 aerarios
549 1901 575 1928 a
612 1887 778 1939 reliqua
816 1887 944 1940 plebe
982 1889 1193 1939 tanquam
1232 1886 1502 1927 honestiores
1543 1886 1768 1938 separatos

165 1961 310 2011 fuisse,
346 1965 388 2001 et
421 1958 549 2000 simul
581 1958 625 1999 in
657 1971 744 1999 una
776 1958 1036 2011 praefectura
1058 1957 1224 1999 Atinati
1258 1970 1346 1999 non
1367 1957 1428 1998 ita
1450 1970 1613 2011 paucos
1636 1956 1767 1997 fuisse

166 2032 362 2073 tribunos
396 2025 632 2082 aerarios.²)

286 2101 539 2144 Cuiusmodi
577 2100 704 2153 igitur
743 2100 857 2140 hunc
898 2098 1027 2140 finem
1069 2099 1200 2140 fuisse
1240 2099 1446 2147 dicemus,
1496 2098 1568 2152 qui
1608 2098 1772 2150 aliquot

170 2174 283 2215 cives
318 2173 373 2213 ab
407 2173 495 2213 ima
527 2172 654 2224 plebe
687 2171 923 2212 seiunxerit
955 2173 997 2211 et
1030 2171 1248 2223 equitibus
1282 2171 1505 2223 propiores
1533 2169 1694 2217 fecerit,
1728 2170 1771 2209 et

210 2371 237 2415 ¹)
269 2374 362 2415 Quid
388 2374 428 2406 de
456 2373 527 2405 illis
553 2372 811 2406 honestissimis
837 2373 926 2404 viris
953 2376 1057 2415 atque
1089 2373 1232 2414 optimis
1264 2372 1408 2412 civibus,
1442 2370 1618 2414 equitibus
1643 2369 1775 2403 Roma-

269 2434 335 2475 nis,
362 2433 528 2474 dicemus,
555 2433 618 2474 qm*
642 2436 717 2464 tum
742 2440 817 2464 una
843 2440 921 2463 cum
947 2435 1074 2464 senatu
1099 2432 1249 2463 salutem
1274 2431 1329 2463 rei
1341 2429 1495 2472 publicae
1518 2429 1778 2471 defenderunt?

268 2492 354 2534 quid
379 2492 420 2524 (Ze
446 2491 601 2523 tribunis
627 2491 773 2523 cerariis
799 2494 1060 2533 ceterorumque
1086 2490 1255 2523 ordinum
1286 2489 1445 2522 omnium
1470 2488 1682 2529 hominibus,
1715 2488 1778 2530 qui

270 2554 344 2583 tum
371 2560 477 2582 arma
497 2560 569 2591 pro
596 2550 777 2583 communi
801 2549 961 2582 libertate
987 2550 1180 2592 ceperunt?

212 2608 239 2651 ²)
266 2608 464 2651 Municipes
491 2607 628 2640 Plancii
655 2607 687 2640 ei
720 2607 884 2642 faventes
911 2608 1033 2641 Cicero
1060 2609 1342 2641 commemorat:
1382 2607 1433 2639 Ηί
1465 2610 1514 2639 tot
1545 2606 1678 2648 equites
1709 2604 1777 2637 Ro-

270 2669 381 2709 mani,
415 2672 464 2701 tot
490 2668 629 2700 tribuni
653 2668 782 2701 oerarz'i
805 2666 906 2707 (nam
926 2668 1063 2710 plebem
1090 2678 1111 2700 α
1139 2667 1269 2699 iudicio
1296 2666 1510 2707 dimisimus,
1546 2674 1626 2707 quae
1650 2667 1777 2696 cuncta

272 2728 424 2761 comitiis
451 2724 580 2768 affuit)
607 2727 694 2769 quid
719 2727 870 2769 roboris,
903 2727 990 2769 quid
1023 2726 1212 2768 diynitatesss
1238 2725 1347 2758 huius
1366 2724 1535 2767 petitioni
1561 2722 1780 2756 attulerunt?

274 2784 330 2828 [In
369 2784 638 2829 amphitheatro
673 2796 694 2818 a
719 2785 825 2828 plebe
862 2784 1044 2818 seiunctos
1082 2795 1165 2817 cum
1198 2782 1381 2827 equitibus
1413 2782 1580 2816 sedentes
1614 2780 1779 2814 tribunos

275 2844 419 2878 aerarios
452 2843 589 2877 inducit
622 2843 838 2886 Calpurnius
873 2843 935 2877 ecl.
964 2843 1037 2883 VH,
1070 2842 1114 2875 <29
1149 2845 1184 2876 et
1210 2842 1266 2883 30,
1306 2840 1546 2885 descriptione
1579 2849 1780 2873 accommo-

276 2904 361 2937 data
393 2903 436 2936 ad
471 2902 621 2945 antiqua
654 2905 834 2944 tempora:
877 2903 967 2935 Nam
1008 2913 1224 2946 quaecunque
1260 2905 1386 2944 patent
1417 2900 1480 2933 sub
1514 2904 1636 2942 aperto
1668 2899 1781 2931 libera

277 2964 358 2996 eaelo
386 2964 458 2995 Aut
484 2973 586 3005 eques
613 2967 676 2995 aut
703 2963 795 2994 nivei
819 2962 894 2994 loca
920 2963 1111 2994 clensavere
1136 2958 1301 3002 tribuni]
