1915 3235
159 1471 209 1495 521

980 125 1068 166 404

229 254 345 307 apud
391 254 581 294 Hirtium
622 252 686 306 (B.
721 254 769 295 G.
804 254 907 304 VIII,
947 253 1021 307 48)
1069 267 1218 295 omnes
1267 254 1395 295 credo
1444 254 1611 296 codices
1658 254 1822 295 hahere

228 325 391 379 expiato
423 338 495 365 suo
528 325 680 365 dolore.
730 325 842 365 Nihil
875 327 1023 366 tamen
1055 325 1238 375 affirmo,
1273 338 1406 377 quum
1429 327 1520 366 tam
1550 325 1673 366 facile
1696 325 1823 366 aher-

228 396 312 436 rari
344 395 545 448 potuerit.
609 395 694 436 Sed
727 395 843 448 quod
875 396 1082 448 sequitur,
1127 409 1277 437 omnes
1312 399 1562 448 corruptum
1595 408 1690 436 esse
1723 408 1824 436 con-

228 465 420 506 fitentur:
475 466 602 516 Quem
645 466 882 507 accumbere
924 471 1110 507 atratum
1152 467 1319 508 videras
1360 467 1575 508 dominum
1607 480 1697 507 cum
1730 471 1825 521 toqcc

220 537 345 589 pulla
378 541 413 576 et
445 537 532 577 eius
573 537 727 577 anticos
766 542 860 578 ante
892 538 1157 578 convivium?
1202 538 1308 588 Quae
1350 537 1484 579 Verba
1529 537 1564 578 si
1605 538 1650 578 in
1693 550 1824 578 unam

229 607 545 659 coniunguntur
576 607 970 660 interrogationem,
1003 622 1143 662 neque
1177 611 1394 650 structura
1428 610 1596 650 constat
1622 607 1826 649 orationis

230 676 284 730 (ζει
317 678 404 718 eius
437 677 621 731 (micas),
656 680 699 719 et
732 683 992 720 Concurrunt
1029 680 1316 733 repugnantia
1356 679 1611 733 (accumbere
1651 682 1694 720 et
1734 683 1828 719 ante

229 747 498 800 conviviumfi
532 749 599 789 sin
632 749 945 802 disiunguntur,
980 764 1066 792 non
1098 751 1235 803 magis
1265 764 1334 792 res
1358 750 1574 803 procedit3
1606 763 1709 791 nam
1734 752 1828 790 tum

230 831 413 870 quoque,
448 818 483 859 si
515 832 768 873 responsum
804 823 881 870 est,
917 821 1116 862 dicuntur
1149 822 1280 874 aliqui
1307 824 1406 863 ante
1432 821 1675 863 convivium
1700 833 1828 861 accu-

232 890 389 939 buisse,
425 893 467 930 et
499 892 686 941 omnino,
722 905 806 943 quo
839 892 882 932 id
913 905 1169 945 responsum
1204 893 1259 933 ab
1282 892 1616 945 interrogatione
1640 892 1828 933 alienum

230 960 456 1011 pertineat,
489 974 577 1002 non
608 962 870 1015 intelligitur.
934 963 1190 1004 Coniectura
1230 966 1377 1005 autem
1411 963 1557 1005 Orellii
1590 964 1828 1015 interroga-

230 1030 368 1072 tiones
402 1031 510 1073 duas
543 1032 689 1082 habet,
739 1033 920 1074 alteram
960 1034 1015 1074 ad
1055 1047 1147 1074 rem
1180 1034 1285 1075 nihil
1317 1035 1608 1087 pertinentem
1641 1032 1763 1086 (nam
1795 1034 1830 1074 si

231 1101 283 1142 de
316 1101 491 1143 domino
525 1102 674 1144 Cicero
707 1104 945 1156 quaesisset,
980 1105 1231 1157 responderi
1264 1108 1432 1158 posset:
1467 1108 1512 1146 at
1544 1118 1622 1158 ego
1655 1118 1743 1146 non
1770 1104 1830 1145 fui

232 1172 462 1225 dominus),
497 1174 679 1215 alteram
711 1188 790 1215 nec
823 1177 939 1216 recte
972 1175 1132 1216 elatam
1165 1175 1374 1229 (debebat
1407 1178 1522 1218 enim
1556 1189 1671 1217 esse:
1713 1176 1831 1216 cuius

231 1242 430 1296 (ιῃιίσοεὲ)
479 1247 521 1286 et
560 1247 786 1286 sententiae
818 1259 1054 1299 perversae3
1103 1260 1182 1288 nec
1215 1249 1343 1297 enirn,
1393 1261 1477 1300 quo
1509 1247 1670 1288 Vestitu
1702 1246 1830 1288 amici

231 1317 330 1355 ante
366 1316 608 1357 convivium
641 1316 836 1367 fuissent,
871 1318 1006 1370 quaeri
1037 1321 1210 1370 poterat
1242 1319 1298 1360 ad
1322 1319 1542 1360 Vatinium
1575 1317 1830 1371 urgendum,

231 1386 302 1438 qui
335 1385 378 1426 in
411 1388 605 1428 convivio
638 1390 805 1429 atratus
839 1388 1001 1437 fuerat3
1043 1391 1085 1429 et
1118 1392 1241 1430 erant
1273 1393 1372 1447 ante
1407 1389 1653 1430 convivium
1687 1389 1831 1429 atrati.

231 1456 422 1498 Goveani
456 1461 498 1498 et
530 1457 752 1499 Garatonii
791 1459 1049 1500 coniecturae
1082 1459 1275 1501 efficiunt
1307 1461 1660 1501 observationem
1699 1459 1832 1500 inter-

231 1528 399 1578 iectam,
433 1529 537 1569 nihil
561 1530 850 1581 pertinentem
874 1530 930 1570 ad
951 1543 1043 1570 rem
1067 1532 1109 1570 et
1130 1530 1509 1584 interrogationem
1541 1531 1832 1583 propositam,

231 1598 452 1639 Garatonii
484 1602 696 1652 praeterea
727 1601 1015 1642 nominativos
1048 1602 1182 1642 habet
1221 1602 1443 1643 absolutos
1484 1614 1571 1643 non
1612 1600 1831 1642 ferendos.

232 1668 417 1710 Omnino
456 1670 528 1711 illa
562 1671 723 1712 domini
757 1673 799 1712 et
838 1671 1077 1712 amicorum
1121 1673 1282 1714 mentio
1327 1673 1426 1713 hinc
1467 1685 1644 1725 prorsus
1692 1672 1834 1713 aliena

232 1742 308 1780 est.
386 1741 496 1782 Nam
553 1742 752 1782 universe
805 1743 1114 1796 interrogatur,
1173 1756 1278 1783 num
1337 1742 1548 1784 eiusmodi
1607 1743 1834 1795 epularum

231 1824 411 1861 morem,
445 1825 532 1853 non
565 1814 637 1865 qui
670 1813 726 1854 ad
759 1813 981 1854 dominum
1016 1815 1058 1854 et
1090 1814 1266 1863 amicos,
1301 1814 1377 1855 sed
1410 1815 1482 1867 qui
1515 1814 1571 1854 ad
1604 1826 1755 1855 omnes
1790 1816 1831 1854 et

233 1882 289 1923 ad
320 1883 460 1935 ipsum
494 1883 713 1924 Vatinium
752 1884 979 1937 pertineat,
1024 1897 1111 1925 non
1152 1897 1204 1924 ex
1236 1885 1285 1926 iis
1318 1885 1472 1926 saltem
1507 1885 1643 1937 epulis
1679 1897 1835 1937 cogno-

232 1953 298 2003 rit,
347 1954 504 2006 quibus
544 1967 684 2008 nuper
722 1955 1000 1996 interfuisset.
1063 1955 1159 1996 Alio
1199 1956 1329 1997 modo
1368 1969 1500 2008 supra
1533 1956 1743 2009 augendae
1775 1955 1836 1996 rei

235 2037 366 2065 causa
398 2025 542 2077 ipsum
575 2025 625 2075 Q.
658 2026 833 2067 Arrium
867 2026 1064 2067 albatum
1103 2026 1235 2067 fuisse
1276 2027 1457 2068 dixerat.
1521 2026 1684 2067 Deinde
1724 2026 1837 2067 hanc

230 2094 611 2148 interrogationem
645 2098 839 2149 proxime
873 2097 1069 2149 excipere
1101 2097 1173 2138 illa
1206 2097 1342 2139 altera
1375 2097 1524 2138 debet:
1558 2111 1649 2152 (luce
1673 2102 1710 2137 te
1741 2099 1835 2146 cet„

238 2166 370 2217 spreti
403 2179 429 2206 a
452 2166 623 2209 Vatinio
655 2169 787 2208 moris
820 2167 1202 2220 reprehensionem
1234 2168 1415 2208 hahens.
1464 2167 1678 2220 Quicquid
1705 2168 1836 2208 inter-

234 2237 384 2287 iicitur,
420 2238 728 2279 cohaerentiam
761 2239 966 2280 orationis
994 2239 1155 2280 turbat.
1204 2239 1354 2291 Itaque
1382 2238 1528 2280 omnia
1551 2241 1670 2279 recta
1696 2240 1835 2287 erunt,

234 2308 271 2348 si
305 2309 365 2349 sic
399 2310 560 2361 scripta
592 2309 771 2350 fuerint:
823 2309 951 2360 Quem
991 2310 1228 2350 accumbere
1267 2314 1453 2350 atratum
1491 2309 1690 2350 videras?
1737 2309 1836 2360 Quce

232 2383 268 2418 te
300 2383 419 2419 tanta
451 2381 581 2420 tenuit
614 2381 812 2432 amentia,
853 2385 910 2432 ut,
952 2381 1035 2421 nisi
1076 2380 1120 2420 id
1155 2380 1324 2433 fecisses
1357 2383 1436 2421 cet.
1452 2377 1485 2433 1)
1549 2380 1638 2421 Nec
1670 2379 1834 2429 dubito,

232 2449 335 2501 quin
367 2449 451 2498 illa,
502 2464 598 2503 quae
632 2451 890 2503 interposita
923 2453 1035 2500 sunt,
1085 2452 1129 2492 in
1163 2451 1256 2492 cod.
1292 2453 1529 2504 archetypo
1564 2464 1615 2492 ex
1652 2453 1835 2491 annota-

233 2520 347 2560 tione
388 2522 615 2573 marginali
655 2535 831 2574 prorsus
872 2522 1064 2563 eiusdem
1105 2523 1272 2575 generis
1312 2524 1406 2563 orta
1448 2523 1545 2571 sint,
1596 2521 1715 2562 cuius
1757 2521 1836 2562 fuit

234 2590 304 2631 illa
337 2591 379 2630 in
419 2594 527 2632 orat.
561 2606 639 2645 pro
672 2592 781 2633 Sest.
816 2593 884 2637 64,
922 2593 1018 2643 134,
1066 2593 1110 2634 in
1149 2595 1399 2634 contextum
1441 2595 1632 2645 recepta,
1681 2604 1735 2632 ne
1767 2604 1835 2632 re-

275 2776 304 2819 ¹)
334 2779 397 2818 Tu,
426 2779 522 2822 quod
548 2783 629 2823 post
655 2785 693 2813 ut
719 2779 865 2813 additur
892 2779 1132 2819 incommode,
1160 2790 1273 2823 quum
1300 2780 1401 2814 nulla
1426 2779 1472 2813 sit
1499 2780 1535 2813 in
1554 2790 1710 2824 persona
1727 2790 1835 2822 oppo-

329 2837 422 2878 sitio,
462 2848 542 2881 quae
580 2842 740 2879 vocatur,
779 2839 953 2872 omittunt
979 2838 1058 2872 Par.
1086 2836 1225 2882 (Naug.)
1258 2841 1294 2872 et
1325 2838 1432 2872 Bern.
1495 2838 1668 2873 Mendum
1706 2841 1761 2872 est
1798 2837 1835 2871 in

330 2895 445 2929 altera
471 2896 573 2930 codd.
601 2897 738 2930 familia
764 2900 884 2931 ortum
911 2908 954 2930 ex
979 2902 993 2930 t
1019 2900 1054 2930 et
1080 2909 1103 2930 n
1129 2897 1300 2941 repetitis.
1352 2897 1402 2931 Ex
1437 2903 1476 2931 tn
1509 2897 1571 2932 alii
1599 2902 1719 2931 tamen
1744 2896 1834 2931 fece-

331 2958 425 2996 runt,
454 2958 493 2988 ut
520 2959 573 2989 est
599 2955 636 2989 in
663 2956 746 2996 ΕΗΖ,
773 2956 831 2989 alii
858 2961 944 2997 tum,
972 2956 1210 2990 recentissimi
1236 2962 1285 2990 tu.
