1915 3235
937 144 1024 186 540

178 276 289 316 Nam
314 275 476 329 puppis
510 277 552 316 et
585 274 750 315 arboris
782 275 950 315 iucertoe
981 274 1100 315 nullo
1132 274 1262 316 modo
1297 279 1465 325 coeunt,
1498 288 1553 316 ne
1587 289 1776 317 comme-

177 359 356 395 morem,
392 345 582 386 arborem
616 346 814 386 incertam
849 358 927 397 pro
952 345 1051 386 navi
1076 345 1266 386 instabili
1296 346 1387 386 sine
1411 347 1608 399 exemplo
1631 346 1726 388 dici.
1740 344 1773 400 1)

177 416 434 469 Quanquam
470 416 604 468 ipsius
637 416 760 457 navis
792 416 1053 457 instabilitas
1087 416 1191 457 satis
1225 417 1479 469 exprimitur
1510 419 1601 458 toto
1633 430 1774 468 versu⁷

176 493 223 528 ut
255 487 322 528 vel
354 489 587 540 propterea
621 500 670 528 eo
703 487 854 528 referri
888 486 1015 527 arbor
1046 487 1207 527 incerta
1237 489 1440 540 nequeat.
1513 488 1566 528 Et
1598 488 1773 529 distinc-

175 559 337 599 tionem
371 558 547 610 quidem
579 571 728 599 veram
762 557 1026 600 Schmidtius
1058 557 1261 610 repperit,
1303 558 1494 599 incidens
1534 560 1634 611 post
1666 563 1702 600 et
1734 561 1776 600 et

175 631 274 682 post
305 629 445 679 undis,
479 630 523 669 in
555 629 881 681 interpretando
914 628 1094 677 labitur3
1128 629 1219 670 vult
1252 629 1366 670 enim
1397 630 1593 682 puppim,
1627 629 1671 670 id
1694 632 1771 679 est,

174 701 319 741 navim
353 713 432 753 per
465 700 780 752 appositionem
814 700 875 740 sic
907 700 1138 752 appellari;
1187 700 1263 741 sed
1305 703 1347 741 et
1385 700 1664 753 ignavissima
1702 700 1774 741 illa

175 771 389 824 appositio
424 773 488 812 est
519 784 598 811 nec
632 770 770 821 arhor,
805 773 853 811 ut
886 771 985 820 dixi,
1019 771 1079 811 sic
1111 771 1213 823 poni
1245 773 1401 824 potest.
1466 771 1776 824 Coniungenda

174 842 267 883 heec
300 844 400 883 sunt
432 841 475 882 in
507 842 621 882 hunc
654 842 854 883 modum:
907 842 1042 892 Quum
1082 842 1223 882 alveus
1261 842 1423 883 medius
1460 842 1590 895 fluctu
1622 843 1774 897 plenus

171 912 282 965 foret
315 918 350 953 et
383 912 548 953 arboris
580 913 760 962 incertae,
794 912 839 953 id
871 915 947 961 est,
982 912 1085 953 mali
1107 913 1320 954 instabilis
1355 915 1396 953 et
1417 913 1594 954 iamiam
1619 913 1772 964 casuri,

174 984 289 1036 quod
338 983 608 1024 efficiebatur
655 996 706 1023 ex
754 983 1009 1036 gravissima
1056 984 1288 1025 iactatione
1343 982 1570 1036 (alternum
1609 985 1768 1038 puppis

173 1055 284 1095 latus
317 1054 589 1095 evertentibus
620 1052 779 1106 undis),
829 1056 991 1096 uultum
1031 1054 1092 1108 (id
1131 1057 1208 1105 est,
1258 1055 1418 1095 omissa
1450 1055 1493 1095 in
1525 1055 1771 1096 vehementi

174 1128 215 1166 et
248 1125 444 1166 celeriter
477 1125 733 1166 decurrente
766 1126 961 1167 oratione
994 1126 1219 1178 particula.
1261 1130 1297 1166 et
1328 1124 1506 1178 uultum)
1543 1126 1774 1179 prudentia

171 1197 268 1237 caui
299 1197 471 1237 rectoris
503 1195 711 1248 conferret
743 1209 859 1249 opem
892 1198 971 1237 cet.
1035 1197 1250 1237 Arborem
1283 1210 1361 1249 pro
1384 1197 1499 1238 malo
1522 1210 1609 1238 non
1632 1197 1770 1238 solum

170 1267 368 1320 Virgilius
403 1269 444 1307 et,
475 1267 636 1308 Paulus
669 1267 783 1307 lctus
817 1267 1031 1316 dixerunt,
1067 1281 1173 1319 quos
1207 1267 1463 1317 Schellerus‚
1499 1271 1542 1308 et
1572 1268 1773 1309 Lucanus

171 1351 221 1379 ac
264 1338 403 1386 Silius,
454 1351 560 1390 quos
604 1338 866 1379 Forcellinus
899 1338 1061 1379 laudat.
1111 1338 1188 1378 sed
1230 1338 1392 1379 Plinius
1434 1352 1605 1391 quoque
1637 1339 1771 1392 Epist.

99 1409 238 1458 271‘IX,
274 1410 350 1450 26:
384 1410 569 1450 stridunt
598 1409 737 1463 funes7
771 1414 973 1450 ema-satur
998 1409 1136 1461 arbor,
1168 1409 1454 1463 yubemacula
1479 1415 1659 1463 qemuut.
1708 1410 1772 1451 Ac

168 1480 332 1520 malum
366 1480 433 1521 hic
466 1480 792 1533 intelligendum
826 1494 934 1530 esse,
969 1480 1348 1521 Schurzfleischius
1381 1480 1499 1531 vidit,
1534 1493 1612 1521 nec
1646 1481 1769 1522 aliter

168 1553 292 1591 vetus
327 1551 581 1592 scholiastes
615 1552 794 1604 accepit.
809 1549 842 1604 ι2)

288 1622 373 1663 Sed
407 1623 458 1662 de
494 1624 574 1663 hoc
607 1636 762 1675 genere
786 1623 890 1664 satis
915 1623 1077 1663 dictum
1101 1625 1185 1670 est3
1219 1635 1321 1663 nam
1345 1622 1449 1662 illud
1471 1622 1542 1662 vix
1575 1623 1768 1664 admoni-

167 1693 283 1734 tione
317 1693 509 1745 dignum,
544 1694 657 1734 male
691 1694 733 1734 in
766 1694 899 1735 satira
921 1694 993 1734 VII
1016 1708 1055 1735 v.
1080 1694 1134 1734 3ss
1169 1707 1260 1746 sqq.
1295 1693 1355 1734 sic
1388 1693 1589 1746 distingui
1614 1693 1767 1735 Verba:

409 1800 568 1852 Accipe
601 1813 717 1841 nunc
749 1803 877 1851 artes,
912 1814 965 1841 ne
999 1801 1102 1853 quid
1134 1800 1211 1840 tibi
1246 1799 1440 1840 conferat
1471 1800 1565 1850 iste,

409 1870 549 1921 Quem
582 1872 698 1921 colis,
734 1876 775 1912 et
808 1873 1030 1912 Musarum
1064 1874 1107 1912 et
1138 1870 1349 1923 Apollinis
1383 1870 1476 1911 aede
1509 1871 1671 1912 relicta.

167 1977 277 2017 Nam
309 1977 351 2017 in
384 1977 468 2018 hac
502 1977 800 2018 coniunctione
833 1990 884 2017 ue
916 1977 1132 2030 pertinere
1172 1976 1362 2017 debebat
1402 1977 1458 2017 ad
1497 1978 1634 2031 accipe
1673 1976 1763 2031 (ac-

167 2047 259 2100 cipe
292 2050 407 2089 artes
441 2048 532 2089 eius
567 2061 616 2089 eo
641 2048 830 2097 consilio,
864 2046 958 2100 ne);
992 2048 1108 2100 quod
1131 2061 1264 2100 quum
1288 2049 1515 2089 sentcntiae
1540 2053 1764 2102 repugnet,

166 2118 225 2158 sic
259 2122 493 2171 exponunt,
545 2119 897 2171 supplementum
937 2132 963 2159 a
1002 2131 1062 2169 se,
1111 2132 1197 2160 non
1230 2132 1255 2159 a
1288 2119 1489 2159 Iuvenale
1523 2121 1764 2161 sumentes:

172 2189 296 2238 „audi
330 2192 458 2240 artes,
495 2190 650 2242 quibus
684 2190 754 2230 ille
786 2190 933 2234 utitur,
966 2192 1044 2230 ne“
1085 2192 1164 2230 cet.
1228 2189 1515 2230 Scribendum
1551 2193 1664 2232 erat:

202 2373 395 2418 1)Α«)·ὂο)·,
435 2388 515 2420 quae
553 2381 653 2411 stans
691 2381 727 2411 et
765 2381 884 2412 erecta
922 2377 1115 2421 cogitatur,
1154 2389 1227 2412 non
1265 2381 1385 2422 potest
1423 2379 1472 2412 sic
1509 2390 1574 2422 pro
1613 2378 1766 2413 materia

260 2439 294 2469 et
333 2436 462 2470 deinde
500 2448 565 2480 pro
603 2437 687 2470 navi
727 2436 805 2478 dici,
845 2440 885 2470 ut
922 2436 1024 2470 navis
1064 2436 1196 2471 iactata
1234 2437 1342 2471 arbor
1373 2437 1510 2471 incerta
1544 2438 1763 2482 appelletur;

259 2494 362 2527 aliter
407 2494 556 2529 Ovidius
601 2495 745 2529 Heroid.
785 2496 866 2536 XII,
920 2496 941 2528 8
988 2497 1151 2530 arborem
1197 2497 1347 2530 Peliada
1393 2496 1488 2540 Argo
1541 2496 1645 2535 dixit,
1697 2495 1764 2530 ori-

258 2552 377 2596 ginem
410 2553 512 2587 navis
544 2554 750 2598 significans
789 2554 986 2596 (Pelischer
1021 2553 1194 2593 Stamml;
1234 2555 1338 2589 aliter
1377 2556 1486 2589 etiam
1519 2555 1687 2599 Virgilius
1719 2555 1763 2589 de

258 2622 378 2645 remis.

200 2668 228 2712 ²)
257 2669 504 2713 [Heinrichius
531 2673 725 2705 marmoris
751 2673 880 2705 incerti
904 2672 973 2716 legi
999 2673 1087 2714 vult,
1115 2673 1322 2707 coniectura
1349 2676 1384 2707 et
1410 2673 1528 2708 inutili
1555 2676 1590 2707 et
1615 2672 1759 2707 infelici.

259 2729 416 2763 Omnino
442 2729 501 2763 vix
520 2729 589 2763 dici
606 2734 736 2774 potest,
764 2734 943 2774 quantum
962 2732 1217 2766 commentarii
1237 2732 1487 2766 Heinrichiani
1512 2731 1606 2766 infra
1624 2732 1760 2766 famam

257 2791 293 2822 et
319 2788 627 2832 exspectationem
654 2789 786 2832 reperti
812 2790 894 2831 sint,
922 2801 1106 2834 quamque
1132 2803 1245 2835 pravo
1271 2792 1439 2826 acumine
1463 2802 1558 2835 saepe
1576 2801 1665 2824 sana
1682 2801 1760 2834 per—

258 2847 415 2888 verterit,
443 2850 568 2891 aperta
594 2851 630 2881 et
655 2849 843 2892 perspicua
872 2850 1042 2883 inanibus
1074 2850 1340 2894 suspicionibus
1374 2854 1409 2884 et
1443 2849 1673 2894 opinionibus
1699 2849 1759 2883 ob-

257 2906 465 2940 scuraverit.
518 2904 635 2948 1842]
