1915 3235
848 146 930 188 281

90 275 279 318 millimae
319 275 634 328 coniungantur
671 274 807 328 (aliud
851 274 964 316 enim
1007 275 1132 327 longe
1164 276 1289 321 esset,
1338 274 1373 314 si
1413 275 1558 314 orator
1595 272 1688 313 dix-

90 349 197 391 isset
227 346 345 387 verbi
380 358 533 387 causa:
581 345 786 386 hoomssnem
834 350 951 386 tanta
986 345 1101 399 apud
1131 357 1226 386 suos
1257 344 1502 385 auctoritate
1528 343 1688 396 prcedi-

90 422 177 459 tum
223 417 268 457 in
305 416 488 457 miseriis
526 415 707 464 videres;
757 416 837 457 etsi
885 415 1060 457 omnino
1109 415 1337 456 auctoritas
1382 427 1538 467 parum
1587 415 1688 466 apte

92 489 468 536 commemoratur,
516 485 719 528 nobilitas
760 489 802 528 et
841 486 1044 538 splendor
1087 487 1190 538 apta
1231 484 1405 537 essent),
1454 497 1545 532 nec,
1594 485 1687 537 ipsa

94 558 327 600 auctoritas
360 570 456 611 quae
489 557 555 606 sit,
600 557 780 606 dicatur,
827 559 869 597 et
902 569 952 598 eo
986 555 1172 609 cOargui.
1214 556 1329 609 quod
1360 555 1403 595 in
1436 555 1687 596 melioribus

94 629 217 670 codd.
250 629 450 670 omnibus
483 627 632 681 (etiam
665 626 820 680 Vatic.)
855 627 1007 680 copula
1040 627 1266 668 omittitur.
1329 625 1415 667 Sed
1449 625 1563 678 quod
1595 625 1687 677 ipse

94 698 240 748 edidit,
289 699 580 740 coniecturam
623 701 796 739 secutus
840 711 892 740 ex
933 697 1217 738 Lambiniana
1258 699 1411 745 ortam,
1460 697 1535 736 ma
1570 700 1688 737 (etate

91 770 265 810 miseria
297 772 392 818 cet.,
440 782 590 810 verum
633 782 726 810 esse
766 782 852 810 non
884 770 1039 821 potest.
1103 768 1215 809 Nam
1246 770 1539 820 praeterquam
1573 766 1689 819 quod

94 841 268 882 omnino
300 840 405 882 nihil
442 840 689 882 huiusmodi
730 853 865 881 unum
914 841 1014 892 apte
1060 838 1129 879 hic
1176 838 1277 879 addi
1323 840 1465 890 potest
1505 837 1687 878 miseriae

94 911 269 961 nomini,
310 911 425 964 quod
460 924 525 960 ea,
567 924 662 964 quae
696 910 840 952 facere
873 910 1096 952 deberent.
1136 911 1183 950 ut
1214 909 1295 950 hac
1328 908 1502 949 miseria
1533 908 1687 949 Verres

92 983 229 1034 magis
263 984 620 1031 commoveretur,
653 981 815 1034 partim
847 982 948 1023 ante
980 980 1121 1034 posita
1153 981 1265 1028 sunt,
1305 979 1464 1031 partim
1498 991 1687 1030 sequun-

92 1055 175 1102 tur,
209 1053 326 1094 velut
356 1053 451 1106 ipsa
483 1054 681 1094 senectus
705 1051 802 1105 (ron
833 1056 1027 1103 senectus,
1060 1064 1139 1092 ozon
1173 1050 1343 1104 hospitii
1373 1050 1441 1090 ius
1463 1047 1574 1101 cet.),
1608 1061 1688 1089 nec

94 1125 209 1164 recte
243 1124 397 1165 dicitur
428 1125 504 1165 illa
539 1129 670 1173 (etate,
721 1136 855 1176 quum
899 1125 1004 1163 aetas
1047 1124 1176 1163 antea
1219 1119 1457 1173 significata
1499 1132 1586 1160 non
1620 1118 1686 1166 sit,

93 1207 172 1235 nec
204 1195 319 1236 idem
350 1208 590 1248 pronomen
621 1197 736 1236 recte
770 1208 794 1235 a
817 1193 1027 1235 vocabulo
1049 1192 1231 1232 miseriae
1254 1191 1486 1239 divellitur;
1522 1190 1687 1242 langui-

96 1265 200 1306 dum
247 1269 309 1307 est
359 1266 473 1307 enim
520 1266 719 1319 generale
766 1264 871 1305 illud
912 1264 1086 1304 miseria
1125 1261 1377 1316 proeditum,
1427 1274 1557 1314 grave
1597 1261 1687 1310 illa,

94 1335 138 1376 id
171 1339 247 1385 est,
280 1338 416 1387 tanta,
451 1339 614 1390 quanta
647 1337 946 1377 demonstrata
979 1339 1055 1383 est,
1089 1334 1275 1374 miseria.
1323 1331 1608 1384 Relinquitur.
1642 1334 1689 1372 ut

94 1406 344 1457 iudicemus,
386 1421 519 1460 quum
552 1407 653 1449 olim
686 1407 894 1459 scriptum
928 1407 1059 1446 esset:
1110 1404 1217 1444 Eum
1251 1417 1377 1458 quum·
1408 1403 1483 1443 illa
1516 1402 1687 1443 miseria

96 1478 256 1519 rideres
286 1478 527 1532 prseditum.
576 1478 789 1519 offensum
823 1476 1013 1529 aliquem
1046 1475 1273 1516 insolentia
1306 1474 1543 1515 locutionis.
1593 1486 1689 1525 quae

94 1549 237 1591 nescio
270 1563 325 1590 an
365 1550 482 1602 apud
522 1549 739 1590 neminem
773 1547 977 1588 Cicerone
1010 1546 1292 1598 posteriorem
1325 1544 1688 1597 deprehendatur,

95 1620 384 1661 coniecturam
419 1620 572 1661 fecisse
605 1619 657 1660 de
691 1617 892 1659 contrarii
926 1618 1093 1670 generis
1127 1617 1338 1658 vocabulo
1367 1614 1689 1663 substituendo3

96 1704 146 1732 eo
185 1703 236 1731 ex
276 1691 554 1732 annotatione
602 1691 712 1731 inter
759 1690 892 1729 Verba
942 1692 1117 1741 recepta
1165 1687 1208 1728 in
1254 1686 1503 1728 melioribus
1551 1685 1689 1733 codd,

95 1774 279 1814 quorum
312 1763 482 1803 bonitas
515 1761 583 1802 vel
615 1760 712 1801 hinc
747 1760 915 1801 elucere
949 1760 1131 1807 videtur,
1171 1758 1401 1799 manifesta
1435 1761 1692 1805 διττογραψάς

94 1832 272 1885 vestigia
306 1833 529 1881 mansisse,
570 1832 613 1872 in
647 1831 932 1872 deterioribus
968 1830 1167 1883 suppleta
1204 1828 1415 1882 particula
1448 1829 1689 1869 iuncturam

98 1903 287 1956 aliquam
321 1903 520 1944 effectam
554 1915 647 1943 esse
681 1904 723 1942 et
757 1901 981 1942 veritatem
1016 1901 1289 1942 occultatam.

215 1974 300 2015 Sed
332 1973 462 2015 redeo
495 1973 551 2014 ad
582 1972 713 2013 libros
747 1972 925 2024 priores.
960 1972 1004 2012 in
1038 1971 1193 2024 quibus
1228 1984 1359 2023 quum
1387 1971 1478 2023 ipse
1504 1969 1691 2010 melioris

96 2045 291 2086 codicum
324 2045 497 2086 familiae
540 2044 634 2085 fons
678 2043 806 2096 paulo
851 2044 991 2083 minus
1034 2043 1197 2095 integer
1241 2055 1371 2094 quam
1412 2041 1454 2081 in
1489 2041 1691 2081 extremis

96 2115 214 2156 libris
247 2115 378 2157 fuisse
410 2115 592 2156 Videtur.
626 2118 717 2155 tum
752 2115 842 2154 eius
875 2114 1085 2166 scriptura
1118 2114 1259 2154 minus
1292 2112 1403 2153 bene
1437 2113 1691 2153 conservata

98 2199 204 2228 esse.
252 2186 407 2227 Restat
440 2186 553 2227 enim
586 2190 744 2238 praeter
777 2186 943 2226 minora
979 2184 1179 2237 quaedam
1203 2183 1500 2224 emendandus
1524 2183 1691 2223 coniec-

97 2263 208 2306 tura,
256 2257 345 2305 sed,
394 2259 442 2298 ut
483 2256 646 2309 opinor.
697 2259 814 2296 certa
855 2258 897 2296 et
938 2255 1134 2296 codicum
1175 2252 1363 2306 vestigiis
1411 2253 1524 2296 nixa.
1574 2253 1691 2293 locus

97 2328 381 2381 interpolatus
415 2330 457 2369 et
490 2329 715 2380 corruptus
759 2328 801 2367 in
841 2326 935 2367 libr.
968 2326 985 2366 I
1018 2338 1052 2366 c.
1088 2326 1126 2374 8,
1169 2325 1237 2365 21.
1286 2324 1361 2364 uhi
1402 2323 1550 2364 Cicero
1590 2335 1691 2363 suas

99 2399 142 2439 in
173 2399 254 2440 hoc
286 2398 441 2440 iudicio
474 2400 619 2451 partes
652 2411 775 2450 paene
810 2397 1001 2450 expletas
1035 2409 1130 2437 esse
1163 2395 1283 2436 dicit:
1319 2394 1457 2434 Meum
1491 2393 1577 2446 fuit
1601 2407 1689 2433 eum

99 2483 227 2510 causa
261 2469 452 2510 accedere
486 2469 542 2510 ad
575 2468 855 2510 accusandum
869 2482 881 2507 .·
930 2481 1020 2522 qzcse
1052 2479 1180 2507 causa
1211 2466 1298 2518 fnit
1329 2465 1536 2505 honestior
1568 2477 1690 2518 qnam

100 2544 186 2580 tam
217 2540 375 2581 illustri
403 2541 622 2594 provincia
654 2539 915 2591 defensorem
947 2537 1140 2578 constitui
1171 2541 1208 2576 et
1239 2534 1396 2589 delmi?
1426 2535 1489 2574 rei
1513 2534 1694 2587 publica)

99 2611 330 2652 consulere:
363 2610 464 2666 quid
494 2611 579 2651 iam
613 2610 676 2650 rei
700 2609 881 2663 publieoe
906 2608 1115 2648 honestius
1146 2620 1272 2662 (lucam
1302 2607 1348 2646 in
1379 2610 1497 2646 tanta
1530 2604 1694 2645 {aridia

101 2681 351 2721 iudiciorum
388 2681 595 2722 adducere
626 2680 846 2732 hominem,
879 2679 996 2720 cuius
1031 2678 1300 2718 dcmmotione
1331 2680 1438 2716 totus
1469 2675 1571 2715 ordo
1603 2688 1691 2715 cum

95 2752 251 2805 populo
283 2752 473 2793 Romano
505 2757 541 2793 et
572 2753 614 2792 in
649 2751 774 2792 laude
814 2755 850 2790 et
881 2750 923 2790 in
966 2750 1111 2804 qratia
1147 2752 1283 2802 posset
1323 2746 1439 2787 esse?
1483 2745 1694 2787 ostendere

101 2836 150 2869 ac
183 2823 462 2876 persuadere,
511 2823 713 2863 hominem
757 2824 961 2861 nocentem
1004 2819 1227 2860 adductam
1270 2831 1375 2858 esse:
1423 2817 1514 2871 quis
1554 2820 1610 2856 est
1652 2816 1695 2855 in

95 2893 251 2946 populo
283 2893 486 2946 Romano,
535 2894 605 2948 qui
646 2893 720 2933 hoc
760 2904 840 2932 reon
876 2904 924 2930 ea·
948 2891 1096 2943 priore
1129 2890 1287 2930 actione
1319 2887 1536 2928 abstulerit
1569 2918 1578 2926 .
1614 2919 1622 2926 .
1659 2886 1700 2926 ..⁹

103 2963 241 3013 Patet,
287 2966 327 3005 et
360 2965 491 3005 sensit
525 2963 762 3015 Zumptius,
811 2961 854 3002 in
887 2961 1078 3002 secundo
1118 2960 1315 3000 membro
1355 2959 1406 3007 ei,
1455 2956 1571 3009 quod
1604 2955 1696 2997 effi-

1709 1200 1758 1227 346
