1915 3235
955 99 1041 140 664

200 242 299 270 cum
330 227 518 282 vestigiis
557 228 652 269 haec
691 227 803 270 effici
842 228 936 270 visa
974 231 1094 270 sunt:
1147 228 1300 270 Omnia
1336 229 1455 282 falsa
1497 253 1548 258 —-
1589 235 1797 284 comperta

199 304 308 353 suut,
342 313 467 355 quum
499 303 638 339 tamen
669 300 868 340 metuitur
899 300 1024 340 eticmz
1055 314 1164 340 nuuc
1198 299 1315 350 Milo,
1349 302 1397 341 ut
1427 299 1484 350 id,
1528 301 1643 354 quod
1674 306 1798 354 pote-

200 373 267 412 rat
299 371 536 424 separatim
569 369 696 411 adiici
728 369 803 423 (Et
834 369 1003 429 tamen),
1038 371 1299 423 adiungatur
1330 371 1541 423 superiori
1573 372 1798 413 sententiae

200 441 355 495 (imens
389 441 484 494 dog,
518 441 729 482 xvehrend
761 441 861 483 Milo
893 440 1180 495 gleichwohl).
1228 441 1464 483 indicativo
1497 444 1642 483 autem
1668 442 1797 484 modo

200 513 348 555 Cicero
379 513 522 566 potius
555 525 685 565 quam
720 512 1004 563 coniunctim,
1046 513 1118 565 qui
1150 513 1348 565 proprius
1381 516 1446 554 est
1477 513 1538 554 rei
1571 514 1796 554 contrariae

199 583 504 638 significandae,
552 596 657 624 usus
690 585 768 633 est,
818 585 865 624 ut
912 583 1121 624 emineret
1152 585 1213 624 rei
1254 582 1441 637 (postea)
1489 584 1621 626 nihilo
1653 584 1795 626 minus

198 654 414 696 manentis
447 654 584 695 laxior
617 653 848 704 adiunctio,
898 656 945 695 ut
984 668 1062 707 pro
1102 655 1240 707 Liger.
1274 644 1304 706 ξ
1330 655 1376 696 3:
1426 669 1552 710 quum
1590 655 1797 710 Liqarius

200 750 254 755 —
287 726 400 767 nullo
432 739 473 766 se
507 726 719 779 implicari
751 726 909 780 ueqotio
934 739 1091 779 passus
1120 731 1190 767 est.
1239 725 1325 767 Cfr.
1349 726 1462 779 Virg.
1486 726 1580 768 AEn.
1602 726 1654 776 X,
1688 726 1795 768 508:

200 796 306 837 Hcec
336 801 373 837 te
397 796 545 850 prima
578 796 667 837 dies
700 795 800 836 bello
833 796 960 849 dedu,
994 796 1081 837 lzoec
1113 796 1257 838 eadem
1290 796 1445 850 aufert,
1493 797 1628 849 Quum
1659 801 1799 838 tamen

200 869 383 922 inyeutes
415 867 668 908 Rutulorum
701 867 857 922 linquis
889 865 1115 920 aeervos.¹)
1178 868 1273 909 Non
1305 870 1411 921 puto
1444 869 1557 910 hanc
1589 868 1796 909 emenda·-

199 939 361 981 tionem
394 951 570 991 prorsus
605 943 768 979 certam
803 951 918 988 esse;
966 938 1071 980 illud
1112 940 1260 980 tamen
1300 941 1465 980 certum
1507 942 1585 989 est,
1633 952 1793 980 novam

199 1010 426 1063 periodum
458 1009 646 1062 incipere
680 1023 705 1050 a
737 1009 880 1051 verbis
914 1008 1010 1050 Nou
1041 1005 1190 1062 iam.²)

317 1081 365 1122 In
398 1081 592 1122 oratione
623 1080 809 1133 Philipp.
835 1080 871 1121 II
903 1079 925 1132 ξ
962 1081 1043 1122 106
1076 1093 1204 1122 nemo
1237 1081 1422 1131 dubitat,
1457 1081 1561 1134 quin
1593 1082 1796 1134 corrupta

129 1161 181 1187 330
200 1154 294 1194 haec
332 1153 435 1194 sint:
485 1151 737 1192 Incredibile
768 1151 903 1192 dictu:
950 1151 1022 1192 sed
1054 1156 1139 1192 tum
1172 1153 1299 1194 nimis
1329 1154 1439 1194 iuter
1471 1165 1608 1194 omues
1639 1156 1798 1193 consta-

200 1223 282 1277 bat,
330 1224 536 1264 neminem
579 1237 662 1264 esse
703 1223 992 1264 resalutatum.
1066 1223 1112 1264 ln
1156 1223 1302 1265 codice
1341 1224 1549 1265 Vaticano
1589 1226 1675 1265 est:
1723 1222 1797 1264 sed

199 1309 291 1336 eum
322 1295 457 1335 vinus.
519 1295 629 1336 Puto
662 1293 911 1336 Ciceronem
944 1295 1011 1335 his
1044 1294 1206 1336 verbis:
1246 1295 1318 1336 sed
1349 1309 1441 1336 sum
1472 1295 1634 1336 vicinus
1665 1293 1795 1347 signi-

199 1366 366 1416 ficasse,
402 1379 460 1415 se,
495 1379 628 1419 quum
660 1365 806 1406 villam
839 1366 884 1406 in
915 1366 986 1407 illa
1018 1366 1173 1407 vicinia
1204 1366 1400 1416 haberet,
1434 1379 1488 1408 ex
1519 1366 1622 1419 ipsis
1649 1365 1797 1418 Anag-

199 1437 310 1479 ninis
344 1440 562 1478 recentem
595 1451 687 1478 rem
721 1437 950 1487 audivisse,
992 1449 1125 1490 quum
1158 1438 1249 1478 sine
1282 1437 1371 1478 ulla
1402 1436 1613 1478 varietate
1644 1448 1796 1476 narra-

199 1512 331 1550 retur.
395 1509 598 1550 Eiusdem
632 1508 838 1550 orationis
870 1508 988 1549 locus
1021 1508 1065 1549 in
1098 1507 1120 1561 ξ
1154 1509 1209 1550 82
1243 1509 1296 1549 de
1328 1508 1505 1550 Antonii
1536 1507 1580 1548 in
1613 1505 1796 1548 comitiis

201 1580 498 1621 consularibus
547 1580 876 1621 obnuntiatione
925 1579 1128 1632 quoniam
1169 1582 1346 1633 propter
1385 1579 1447 1620 rei
1487 1577 1797 1620 obscuritatem

201 1653 243 1691 et
274 1651 498 1692 hominum
532 1651 820 1692 dissensiones
854 1651 1115 1703 disputando
1149 1653 1191 1691 et
1224 1650 1568 1703 argumentando
1593 1647 1797 1702 explicari

200 1722 389 1763 breviter
420 1734 507 1763 non
538 1724 694 1774 potest,
739 1722 879 1762 dicam
914 1722 1041 1765 nude.
1085 1721 1188 1774 quid
1221 1720 1325 1761 mihi
1358 1721 1411 1761 de
1444 1733 1494 1762 eo
1527 1720 1725 1761 videatur
1756 1720 1799 1760 et

202 1806 286 1845 quo
320 1792 526 1833 correctio
559 1805 658 1833 mea
690 1793 777 1833 iam
811 1795 912 1833 ante
944 1792 987 1832 in
1020 1792 1214 1845 margine
1247 1791 1486 1845 significata
1518 1792 1696 1844 spectet.
1744 1790 1798 1831 Iis

202 1863 316 1904 enim
349 1877 526 1916 prorsus
560 1863 785 1913 assentior,
826 1863 911 1915 qui,
953 1875 1086 1916 quum
1119 1863 1190 1904 illo
1222 1864 1419 1916 tempore
1451 1862 1628 1916 singulae
1660 1861 1800 1903 tribus

240 2049 267 2091 ³)
294 2051 453 2086 Klotzius
493 2052 633 2087 codices
675 2052 763 2095 (non
802 2056 925 2086 tamen
959 2051 1107 2094 Erfurt.)
1139 2051 1352 2095 simpliciter
1382 2054 1528 2086 secutus
1560 2051 1610 2085 sic
1641 2050 1800 2095 scripsit:

302 2113 377 2146 Cur
403 2116 520 2145 tamen
546 2113 580 2144 si
604 2110 742 2153 (voluit,
770 2111 914 2155 opinor:
946 2112 1021 2144 Cur
1046 2117 1174 2154 tamen,
1200 2109 1246 2152 si)
1271 2112 1443 2144 metuitur
1462 2110 1568 2144 etiam
1587 2122 1682 2144 nunc
1701 2109 1800 2153 Milo,

297 2182 368 2205 non
396 2173 468 2204 iam
500 2171 563 2204 hoc
599 2170 814 2204 Clodianum
849 2171 982 2204 crimen
1015 2172 1189 2212 timemus,
1227 2171 1288 2203 sed
1321 2188 1361 2192 —
1390 2170 1726 2212 perhorrescimus?
1758 2168 1800 2203 In

299 2241 370 2274 qua
396 2230 574 2273 scriptura
599 2233 639 2263 ut
667 2233 786 2264 cetera
813 2230 1099 2274 praetermittam,
1126 2239 1296 2272 perverse
1322 2231 1355 2262 et
1382 2228 1532 2263 ridicule
1558 2228 1681 2262 Cicero
1707 2237 1802 2272 quae-

299 2289 354 2329 rit,
394 2299 457 2322 cur
490 2289 639 2322 tandem
665 2289 827 2333 Pompeii
860 2288 1084 2333 suspiciones
1110 2288 1372 2332 perhorrescat,
1410 2288 1487 2332 ipse
1513 2286 1686 2321 nimirum
1711 2286 1800 2320 nihil

299 2359 376 2381 esse
404 2347 537 2389 dicens,
565 2359 628 2382 cur
654 2348 719 2382 has
747 2348 938 2392 tragoedias
965 2347 1107 2382 excitet.

243 2404 269 2449 ²)
296 2405 353 2449 [In
380 2409 481 2440 sexta
507 2410 541 2440 et
569 2406 723 2450 septima
756 2406 913 2441 editione
945 2406 1090 2450 scripsi:
1130 2411 1307 2449 comperta
1343 2410 1437 2440 suut.
1493 2406 1568 2448 Quo
1603 2410 1731 2448 tamen,
1770 2405 1804 2438 si

300 2467 472 2498 metuitur
499 2468 605 2499 etiam
640 2478 734 2499 nune
761 2467 881 2507 Milo&
921 2466 976 2499 his
1010 2466 1047 2499 in
1077 2465 1288 2509 praefatione
1320 2467 1430 2499 sextae
1463 2463 1630 2498 editionis
1655 2462 1800 2507 positis:

302 2524 456 2568 „Aperte
482 2524 716 2567 significatur,
743 2527 869 2558 contra
895 2524 1095 2558 certissima
1120 2523 1337 2558 innocentiae
1354 2523 1495 2557 Milonis
1513 2521 1645 2556 indicia
1662 2524 1802 2556 metum

298 2586 433 2623 tamen,
459 2582 534 2617 sive
560 2594 687 2617 verum
714 2583 788 2617 sive
814 2583 950 2624 fictum,
978 2586 1132 2620 restare3
1166 2583 1249 2617 huic
1275 2582 1527 2627 significationi
1554 2581 1803 2624 adiunguntur

299 2641 454 2686 graviter
480 2652 533 2683 ea,
561 2653 642 2686 quae
667 2646 887 2686 sequuntur:
917 2643 996 2676 Non
1021 2644 1096 2676 iam
1122 2646 1188 2677 cet.
1226 2642 1358 2676 Forma
1383 2640 1556 2675 orationis
1582 2642 1731 2684 apparet
1757 2649 1801 2673 ex

299 2703 332 2736 si
357 2701 545 2745 particula.
596 2701 855 2745 interrogando
887 2700 1010 2736 Cicero
1043 2701 1218 2745 queritur,
1256 2700 1346 2734 nihil
1379 2699 1472 2733 effici
1504 2698 1720 2733 innocentiae
1752 2697 1802 2731 in-

300 2760 411 2801 diciis,
438 2760 466 2793 si
493 2759 605 2793 nihilo
631 2760 752 2794 minus
778 2764 898 2794 metus
924 2763 1086 2795 maneat:
1118 2760 1192 2802 Quo
1218 2765 1336 2793 tamen
1353 2760 1395 2799 si,
1423 2758 1491 2792 hoc
1509 2761 1574 2799 est,
1601 2759 1660 2791 cui
1686 2762 1803 2791 tamen

300 2820 399 2862 bono,
433 2820 466 2853 si
492 2845 499 2853 .
527 2845 534 2853 .
562 2821 598 2853 ..2
637 2820 753 2860 Quum
784 2824 902 2852 tamen
933 2830 997 2863 pro
1034 2824 1065 2852 et
1096 2824 1214 2852 tamen
1245 2818 1282 2852 in
1315 2816 1570 2861 conquerendo
1602 2826 1675 2850 non
1707 2817 1803 2850 recte

300 2878 446 2919 dicitu1·;
485 2879 518 2911 si
548 2877 698 2911 licenter
729 2877 939 2911 omittitur.“
999 2877 1144 2911 Halmio
1176 2880 1299 2911 tamen
1333 2876 1426 2910 hanc
1458 2873 1703 2919 interrogandi
1735 2873 1803 2907 for-

300 2947 400 2971 mam
426 2947 556 2980 parum
584 2935 859 2970 Ciceronianam
886 2935 1002 2970 visam
1033 2946 1111 2970 esse
1136 2934 1236 2978 scio]
