1915 3235
859 113 946 162 475

112 243 154 283 et
185 242 344 283 similes
376 239 509 294 locos)
550 241 632 296 dici
669 244 824 294 potest,
871 244 1042 283 tantum
1091 242 1143 283 de
1190 241 1429 283 actionibus
1469 243 1693 294 separatis.

108 325 195 353 non
227 313 279 353 de
311 312 530 364 perpetuis
564 312 747 353 consiliis
779 313 972 353 futurum
1005 314 1203 353 exactum
1244 325 1322 364 pro
1361 312 1543 364 simplici
1580 312 1693 364 poni,

111 382 190 423 etsi
221 382 487 435 frequentius
519 383 579 423 ita
611 383 796 435 ponitur.
858 383 967 424 Illud
1008 383 1051 423 in
1092 383 1175 423 hac
1216 395 1263 423 re
1302 382 1585 423 memorabile
1617 384 1694 429 est,

109 452 209 506 quia
240 452 309 494 hic
340 453 547 494 transitus
580 453 623 493 in
655 453 785 494 futuri
819 454 1022 510 simplicis
1054 454 1195 495 locum
1217 453 1357 494 factus
1381 455 1445 493 est
1466 466 1543 506 per
1565 452 1695 505 signi-

111 523 355 564 ficationem
389 523 568 564 actionis
608 523 741 565 finitae
781 537 831 565 ex
870 525 1089 577 praeterito
1132 524 1413 565 inhaerentem
1462 521 1595 576 (quod
1636 524 1694 564 ita

109 607 215 643 esse,
262 594 331 635 vel
368 594 467 634 hinc
506 594 814 647 confirmatur),
863 608 1084 647 nunquam
1133 595 1226 643 illis,
1276 608 1383 647 quos
1431 594 1694 636 enumeravi.

107 665 245 716 modis
276 665 465 718 positum
496 666 674 718 reperiri
706 665 899 706 futurum
931 666 974 706 in
1013 679 1068 713 so,
1117 665 1232 718 quod
1271 677 1403 717 quum
1446 664 1695 716 primariam

107 736 309 789 simplicis
342 735 473 777 futuri
505 735 873 788 significationem,
907 738 1075 777 retenta
1098 736 1230 777 futuri
1259 735 1410 783 exacti,
1446 735 1695 776 amisisisset

108 804 161 859 (si
190 806 295 859 faxo
327 804 594 859 excipimus),
628 820 714 848 non
746 808 886 859 potuit
908 820 1003 848 eam
1025 806 1097 848 illa
1124 807 1193 847 via
1215 818 1484 858 recuperare.
1532 806 1695 858 Itaque.

109 877 225 929 quod
264 890 563 937 saepenumero
603 876 646 917 in
685 877 928 930 linguarum
967 877 1146 918 historia
1187 876 1487 929 persequenda
1529 876 1695 925 accidit,

106 946 302 988 videmus
335 947 459 1000 quasi
490 960 567 1000 per
600 947 749 989 orbem
782 949 825 989 in
848 948 1109 990 contrarium
1134 948 1284 988 ductas
1307 947 1543 988 formarum
1567 946 1695 999 signi-

106 1017 326 1059 ficationes
371 1031 477 1067 esse,
527 1021 575 1059 ut
617 1021 659 1059 et
691 1019 871 1072 simplex
906 1019 1095 1060 futurum
1130 1031 1253 1059 suam
1288 1018 1517 1065 amitteret,
1567 1019 1608 1058 et
1639 1017 1695 1063 id,

106 1087 149 1128 in
192 1102 276 1141 quo
318 1090 477 1131 inesset
515 1090 721 1143 praeteriti
761 1090 964 1131 adiuncta
1010 1089 1140 1138 notio,
1190 1089 1321 1130 futuri
1368 1087 1572 1141 simplicis
1619 1087 1696 1128 ali-

107 1159 279 1211 quando
311 1160 507 1201 haberet.

223 1230 309 1271 Sed
357 1231 567 1272 hactenus
621 1232 672 1272 de
719 1231 890 1272 comicis
930 1231 1036 1280 dixi,
1085 1231 1319 1272 videndum
1369 1232 1430 1271 est
1480 1230 1695 1282 deinceps.

106 1300 222 1352 quod
255 1301 307 1342 de
329 1301 539 1343 industria
561 1302 749 1355 seposui,
785 1315 985 1355 quaenam
1007 1302 1133 1343 huius
1156 1301 1366 1343 liberioris
1389 1314 1491 1341 usus
1517 1300 1697 1352 vestigia

106 1371 223 1423 apud
255 1371 466 1413 inferioris
499 1375 540 1413 et
573 1372 760 1413 maxime
787 1373 1078 1414 Ciceronianae
1111 1372 1251 1413 aetatis
1284 1372 1513 1425 scriptores
1547 1384 1696 1424 super-

105 1441 202 1482 sint.
265 1442 328 1483 Ac
360 1444 548 1496 primum
581 1442 632 1496 (I)
665 1442 735 1488 illi,
778 1457 910 1497 quum
953 1444 1005 1484 de
1044 1443 1190 1484 futura
1223 1443 1389 1484 actione
1423 1443 1482 1483 sic
1514 1442 1695 1494 loquun-

106 1516 187 1561 tur,
228 1515 276 1554 ut
314 1513 517 1566 perfectae
551 1514 728 1554 effectus
762 1516 804 1554 et
836 1513 999 1554 fructus
1033 1513 1177 1555 animo
1209 1514 1398 1554 maxime
1431 1513 1695 1557 obversetur,

109 1583 260 1633 rarius,
309 1584 385 1625 sed
417 1586 598 1626 utuntur
637 1588 786 1626 tamen
818 1584 962 1625 futuro
996 1587 1148 1625 exacto
1182 1583 1314 1637 (quod
1347 1597 1477 1636 supra
1509 1583 1695 1635 primum

105 1653 259 1706 posui),
301 1655 418 1695 velut
450 1655 597 1696 Cicero
630 1655 683 1696 de
715 1655 805 1697 Fin.
839 1656 906 1705 ΙΙΙ,
940 1656 980 1705 4,
1017 1656 1089 1695 14:
1132 1654 1390 1709 Multumque
1423 1654 1480 1694 acl
1512 1668 1573 1706 ea,
1607 1668 1697 1708 quoe
1717 1664 1749 1684 ›

201 1818 347 1862 ebrium,
375 1821 489 1864 Atque
524 1821 608 1853 illuc
643 1832 786 1854 sarsum
824 1821 1027 1860 escender0;
1067 1821 1146 1854 inde
1178 1825 1317 1863 optume
1351 1820 1519 1861 aspellam
1547 1820 1695 1860 viram);

199 1877 298 1911 Asin.
326 1878 368 1919 II,
402 1878 433 1919 2,
467 1878 521 1919 61,
555 1879 675 1913 Aulul.
703 1879 762 1919 ΙΙΙ,
803 1879 833 1920 6,
873 1878 927 1920 34,
968 1879 1068 1922 Capt.
1096 1879 1138 1920 ΙΙ,
1177 1878 1208 1919 2,
1249 1877 1291 1911 91
1326 1881 1360 1911 et
1386 1878 1444 1919 ΙΙΙ,
1479 1877 1509 1920 1,
1545 1876 1590 1910 35
1620 1876 1698 1918 (Sic

199 1947 319 1979 eqero:
345 1938 449 1971 Num·
477 1939 529 1972 ibo
556 1940 603 1971 ad
622 1943 771 1981 portam
797 1939 888 1979 hinc,
916 1941 982 1972 cet.
1020 1938 1121 1971 Idem
1149 1941 1212 1977 est,
1241 1937 1337 1981 quod
1363 1936 1461 1980 apud
1487 1935 1694 1970 Ciceronem

200 1995 237 2028 in
263 1995 411 2030 consilio
438 1996 654 2030 declarando
691 1998 749 2030 Sic
775 2009 892 2040 aqam,
931 2000 971 2030 ut
1003 1997 1049 2030 ad
1081 1996 1180 2030 Fam.
1207 1996 1297 2036 XIV,
1330 1994 1362 2036 4,
1394 1994 1431 2028 3:
1471 1997 1609 2038 opinor,
1648 1996 1698 2028 sic

199 2066 315 2098 aqam,
343 2055 388 2089 ad
415 2066 526 2099 quam
552 2056 707 2089 formam
733 2056 770 2089 in
796 2056 912 2099 primo
936 2056 1139 2099 fragmento
1158 2054 1330 2088 orationis
1349 2058 1473 2088 contra
1492 2054 1697 2088 contionem

200 2113 333 2147 Metelli
359 2114 591 2148 scribendum
619 2119 690 2148 est:
726 2115 784 2148 Sic
810 2127 927 2158 aqam,
954 2120 993 2148 ut
1018 2116 1164 2158 opinor,·
1199 2115 1371 2156 insequar
1397 2112 1495 2154 cet.);
1535 2113 1612 2147 Cas.
1640 2113 1696 2152 IV,

201 2170 234 2213 2,
260 2171 281 2204 2
308 2176 343 2206 et
371 2173 400 2214 7,
427 2173 528 2217 Epid.
556 2174 596 2215 V,
625 2174 655 2214 1,
683 2173 737 2215 50,
765 2173 932 2207 Bacchid.
959 2173 1016 2214 IV,
1045 2173 1076 2214 6,
1104 2172 1135 2213 5,
1162 2172 1313 2206 Mostell.
1342 2172 1383 2212 ΙΙ,
1417 2171 1449 2213 2,
1485 2170 1539 2213 93,
1574 2172 1630 2211 IV,
1664 2170 1697 2211 3,

201 2230 255 2271 15,
282 2231 322 2272 V,
350 2231 381 2273 1,
409 2231 464 2273 54,
491 2232 635 2266 Mercat.
663 2232 705 2273 ΙΙ,
732 2231 764 2273 3,
793 2231 846 2272 78,
874 2233 916 2272 ΙΙ,
943 2232 975 2273 4,
1002 2231 1059 2272 29,
1091 2232 1151 2273 ΙΙΙ,
1186 2230 1218 2274 2,
1253 2230 1274 2263 5
1299 2230 1467 2271 (recolam
1494 2250 1536 2253 —-
1563 2231 1698 2263 sert-ibo

202 2307 245 2311 --
272 2290 509 2333 delectavero)‚
537 2291 666 2325 Pseud.
693 2291 736 2332 ΙΙ,
764 2290 796 2332 2,
823 2291 879 2333 35,
906 2291 1004 2325 Poen.
1031 2291 1089 2331 IV,
1122 2289 1154 2331 2,
1181 2289 1237 2330 35,
1270 2289 1367 2323 Pers.
1395 2290 1420 2330 I,
1454 2289 1485 2330 1,
1522 2288 1576 2329 51,
1613 2289 1637 2327 Ι,
1664 2288 1697 2329 3,

200 2347 256 2389 55,
282 2349 324 2390 ΙΙ,
351 2348 382 2390 2,
410 2349 442 2391 3,
469 2350 511 2390 ΙΙ,
539 2348 570 2390 2,
600 2349 654 2390 68,
681 2350 723 2391 ΙΙ,
751 2350 783 2391 3,
812 2350 960 2391 iis—17,
987 2350 1044 2391 IV,
1070 2349 1103 2391 4,
1129 2348 1185 2390 26,
1212 2349 1306 2382 Rud.
1321 2349 1362 2389 ΙΙ,
1389 2347 1422 2389 2,
1449 2347 1492 2380 24
1508 2349 1696 2390 (sividem,

201 2408 446 2451 eoequisivero),
466 2409 525 2449 III,
545 2408 576 2450 5,
596 2408 616 2441 9
636 2407 747 2451 (Quid
765 2412 873 2453 ayes?
897 2429 940 2432 —
967 2410 1043 2452 Eyo
1062 2406 1259 2449 recessero),
1280 2407 1388 2441 Stich.
1410 2407 1451 2448 ΙΙ,
1478 2406 1510 2448 2,
1529 2406 1573 2439 27
1601 2406 1698 2450 (cape

201 2486 243 2490 —-
271 2469 430 2510 capiarm
467 2479 633 2502 eom-erre
660 2486 702 2490 ——
727 2466 866 2510 fecero),
893 2468 950 2508 IV,
984 2467 1016 2508 2,
1052 2467 1095 2500 13
1122 2470 1157 2500 et
1183 2466 1238 2507 27,
1271 2466 1433 2500 Trinum.
1460 2467 1486 2506 Ι,
1513 2465 1544 2507 2,
1572 2465 1627 2507 23,
1655 2466 1696 2505 ΙΙ,

199 2525 231 2567 4,
260 2526 314 2566 64,
342 2527 401 2562 ΙΙΙ,
429 2526 461 2568 2,
488 2526 532 2560 29
558 2526 633 2568 (ubi
661 2527 933 2560 Lindemannus
967 2526 1016 2560 ait
1043 2537 1120 2560 esse
1146 2513 1268 2560 sta-tim
1286 2526 1510 2569 perscribere
1529 2536 1696 2569 possum;

201 2589 254 2618 est
280 2588 442 2620 tantum:
468 2587 520 2619 vel
538 2587 776 2629 perscribam,
802 2585 838 2618 id
865 2589 929 2627 est,
956 2585 1178 2628 perscribere
1203 2596 1369 2629 possum3
1396 2595 1462 2618 nec
1480 2584 1517 2618 in
1535 2588 1697 2628 tempore

199 2644 300 2678 verbi
326 2645 481 2679 editores
507 2645 710 2689 superiores
736 2642 941 2685 haeserant),
968 2644 1028 2686 III,
1055 2643 1087 2684 2,
1119 2643 1181 2685 843
1214 2644 1388 2677 Terent.
1416 2643 1610 2677 Heautont.
1639 2642 1696 2681 ΙΙΙ,

202 2703 222 2735 5
253 2702 325 2745 (IV,
360 2702 405 2746 1),
438 2703 470 2745 8,
502 2703 647 2737 Phorm.
675 2703 731 2744 IV,
765 2703 796 2744 3,
832 2703 875 2736 76
905 2702 1010 2744 (Inde
1041 2714 1200 2743 summm·
1237 2705 1360 2745 uxori,
1399 2703 1463 2736 tibi
1494 2713 1583 2745 opus
1615 2712 1696 2743 esse,

201 2761 349 2805 dixero),
377 2764 416 2805 V,
445 2762 465 2795 5
490 2762 553 2804 (GN,
580 2762 625 2795 42
652 2761 755 2806 (rape
780 2773 844 2796 me.
870 2761 1025 2804 Fecero),
1052 2761 1205 2805 Adelph.
1226 2762 1252 2803 Ι,
1278 2760 1311 2802 2,
1337 2761 1393 2795 47.
1431 2761 1472 2794 In
1498 2760 1614 2804 primo
1634 2760 1698 2793 Te-

201 2822 307 2856 rentii
333 2823 411 2856 loco
437 2822 544 2856 tertia
568 2832 725 2866 persona
751 2824 815 2854 est.
865 2821 985 2854 Plauti
1009 2820 1110 2864 Epid.
1137 2820 1180 2862 II,
1208 2819 1240 2861 2,
1267 2819 1311 2853 87
1338 2820 1483 2853 incertae
1510 2822 1563 2853 est
1589 2818 1696 2862 sciip-

201 2884 307 2922 turae,·
341 2882 377 2915 in
403 2881 473 2915 Mil.
500 2881 542 2922 II,
569 2880 601 2922 3,
630 2880 670 2913 61
700 2881 912 2914 deterruerit
938 2883 992 2913 est
1018 2879 1268 2914 coniunctivus
1293 2877 1509 2923 potentialis.
1561 2875 1697 2921 [Haup—

201 2939 288 2974 tius:
315 2937 527 2982 deterrebit]
