1915 3235
141 1060 192 1084 398

966 129 1052 170 322

331 259 429 299 Mox
461 257 504 298 in
537 258 689 299 eodem
723 258 862 311 capite
886 256 909 310 ξ
936 259 992 300 46
1020 257 1315 314 (relinquenda
1338 259 1480 300 studia
1512 259 1807 314 delectationis,

215 329 383 381 iudices,
417 328 555 381 ludus,
588 330 702 369 iocus
730 327 829 381 cet.)
862 330 989 370 nimis
1021 330 1237 382 patienter
1254 332 1542 383 propagatum
1577 332 1642 371 est
1659 333 1809 371 contra

214 401 407 442 codicum
453 404 494 440 et
536 402 731 441 veterum
777 400 874 441 edd.
918 399 1049 441 fidem
1093 401 1354 441 vocabulum
1396 401 1567 441 iudices.
1637 400 1685 441 In
1725 401 1808 442 hac

214 471 457 512 vehementi
491 470 815 511 enumeratione
850 469 1098 523 (obterendoe
1129 476 1225 512 sunt
1257 495 1313 500 —-
1347 472 1621 527 relinquenda
1653 495 1708 501 —-
1740 472 1811 513 de-

211 540 428 595 serendus)
470 541 866 583 incommodissime
908 541 1196 594 interponitur
1237 542 1427 583 iudicum
1470 543 1716 596 appellatio,
1764 543 1809 584 in

212 613 355 654 medio
387 614 629 666 praesertim
669 612 775 654 colo.
838 612 1049 653 Auctores
1089 612 1310 662 Gruterus,
1360 614 1432 666 qui
1475 614 1653 665 addidit,
1703 615 1807 656 citat

212 685 305 726 cod.
351 683 597 725 Palatinum
636 697 799 724 nonum
843 685 886 723 et
928 683 1239 725 Erfurtensem.
1307 684 1468 725 Verum
1510 684 1553 725 in
1594 686 1676 726 hoc
1719 687 1808 726 est:

212 755 353 796 studia
386 755 674 795 delectationes
707 754 864 794 iudices
896 754 1018 803 loeus,
1056 754 1315 795 vocabulum
1348 754 1473 796 ludus
1505 756 1728 805 omittitur,
1762 757 1810 796 ut

212 828 436 879 appareat,
471 824 656 866 evanida
689 837 820 865 curva
852 824 1020 874 lineola,
1063 838 1149 878 qua
1179 840 1230 866 us
1261 826 1429 879 syllaba
1461 828 1697 877 notaretur,
1739 827 1808 868 lit-

211 901 327 938 teras
360 896 434 937 Zucl
464 895 673 937 transisse
705 896 749 936 in
780 895 876 945 »etum
910 897 969 937 sic
1003 897 1117 937 enim
1150 896 1351 938 scribitur
1382 898 1427 938 in
1459 897 1582 938 codd.
1624 897 1710 938 Sed
1727 897 1809 938 hoc

211 968 317 1009 leve.
368 967 571 1020 Sequitur
603 967 720 1008 locus
754 967 1005 1019 gravissime
1041 970 1280 1020 corruptus,
1316 967 1388 1020 qui
1420 967 1479 1009 sic
1511 968 1672 1009 editur:
1709 968 1810 1020 Quce

213 1053 277 1080 res
309 1039 354 1078 in
385 1038 459 1078 hoe
498 1051 646 1092 {seuere
684 1037 869 1079 homines
909 1052 935 1078 α
974 1037 1114 1079 labore
1152 1038 1367 1093 studioque
1411 1038 1579 1079 dicendi
1617 1038 1808 1090 deterret,

211 1124 293 1151 von
325 1122 402 1164 quo
436 1113 510 1149 emt
543 1109 712 1163 efntqenia
736 1108 931 1161 deficiant
958 1114 1031 1149 aut
1056 1108 1249 1149 doctrina
1267 1109 1462 1162 puerilis,
1498 1112 1540 1150 et
1561 1109 1809 1162 longissime

211 1194 237 1222 a
270 1180 466 1222 codicum
498 1180 687 1232 vestigiis
721 1181 763 1220 et
795 1179 905 1220 adeo
937 1193 1144 1232 perversa
1176 1180 1404 1230 sententia,
1438 1182 1486 1221 ut
1518 1180 1642 1221 labor
1673 1180 1809 1221 mole-

212 1253 380 1304 stiaque
415 1250 523 1306 (quse
555 1250 638 1303 res)
672 1263 697 1291 a
729 1250 878 1292 labore
917 1251 1136 1292 deterrere
1180 1251 1347 1292 dicatur
1390 1250 1487 1304 (etsi
1529 1252 1672 1304 ipsum
1704 1250 1809 1292 illud

212 1337 302 1378 (stae
336 1337 400 1363 res
431 1322 637 1375 singulari
669 1335 850 1363 numero
891 1323 1115 1375 superiora
1153 1323 1225 1363 illa
1267 1323 1413 1364 omnia
1456 1321 1682 1374 complecti
1723 1334 1811 1362 non

211 1390 418 1447 potest)¹)
453 1396 495 1434 et
529 1395 571 1434 in
604 1393 778 1434 dicendo
811 1392 873 1446 (m
905 1393 978 1434 hoe
1008 1392 1173 1447 qenere)
1217 1407 1243 1434 a
1283 1393 1426 1435 studio
1465 1392 1632 1434 dicendi
1665 1392 1808 1433 deter-

210 1478 318 1506 rere.
382 1464 495 1515 Quid
527 1465 682 1505 dixerit
721 1464 881 1513 Cicero,
931 1465 1036 1505 satis
1078 1467 1143 1505 est
1185 1467 1398 1517 apertum.
1467 1464 1577 1505 Nam
1619 1459 1810 1504 comme-

211 1539 379 1577 morato
411 1536 606 1588 proxime
639 1537 860 1576 oratorum
886 1535 1225 1577 laboriosissimo
1251 1535 1350 1576 vitae
1375 1548 1544 1588 genere,
1580 1533 1808 1584 concludit,

211 1609 387 1660 propter
418 1607 545 1647 huius
578 1606 738 1647 laboris
771 1606 931 1659 fugam,
966 1619 1053 1647 non
1085 1609 1262 1659 propter
1292 1607 1450 1660 ingenii
1482 1606 1686 1659 inopiam,
1718 1606 1811 1646 tam

211 1691 372 1731 paucos
406 1678 605 1719 oratoriae
654 1678 735 1718 arti
775 1690 953 1730 operam
995 1677 1099 1718 dare
1147 1678 1330 1730 (itaque,
1379 1678 1423 1718 id
1462 1678 1533 1730 qui
1572 1676 1716 1725 faciat,
1765 1679 1813 1716 ut

213 1749 366 1790 Caelius
401 1748 543 1798 faciat,
578 1761 665 1789 non
696 1761 823 1800 posse
856 1748 1123 1790 luxuriosum
1158 1747 1283 1800 esse).
1340 1749 1425 1790 Sed
1458 1748 1654 1790 codicum
1687 1748 1810 1788 Vetu-

212 1820 426 1861 stissimus
459 1832 556 1859 cum
590 1818 880 1859 Bernensibus
913 1819 1067 1860 habet:
1117 1819 1256 1870 Quare
1288 1820 1334 1859 m
1365 1819 1438 1860 hoe
1467 1832 1615 1873 [seuere
1648 1818 1810 1859 labore—

209 1890 340 1943 fiendc'
371 1890 555 1931 homines
588 1904 613 1930 (ι
652 1890 868 1945 studioque
900 1889 1098 1939 deterret3
1147 1891 1246 1931 hinc
1285 1893 1527 1931 ceterorum
1566 1890 1810 1942 profluxere

213 1962 449 2014 scripturae,
499 1975 552 2001 ex
591 1961 747 2014 quibus
780 1961 823 2002 in
856 1961 943 2002 Erf.
978 1963 1039 2002 est
1074 1961 1193 2002 labor
1224 1961 1458 2015 confitendi,
1506 1974 1584 2014 pro
1616 1961 1810 2001 monstro

212 2032 283 2073 illo
317 2031 467 2084 efiemli
498 2032 632 2073 verbo
665 2032 748 2073 alio
781 2032 958 2073 licenter
991 2032 1241 2074 substituto.
1304 2032 1411 2082 Quae
1444 2045 1497 2073 ex
1528 2032 1593 2073 his
1628 2030 1810 2072 Orellius

214 2102 366 2152 effecit,
402 2103 648 2144 admonitus
681 2104 773 2156 ipse
806 2103 930 2144 facile
963 2104 1251 2156 improbabit3
1291 2116 1394 2144 nam
1427 2105 1469 2144 et
1501 2102 1810 2144 alienissimam

212 2174 589 2226 interrogationem
625 2174 678 2215 de
711 2187 843 2215 causa
874 2174 1048 2224 laboris,
1092 2174 1148 2215 ad
1180 2188 1311 2227 quam
1344 2174 1450 2214 nihil
1481 2173 1809 2226 respondeatur,

212 2244 367 2293 intulit,
403 2246 456 2294 et,
497 2258 522 2285 a
554 2245 867 2286 sententiarum
900 2259 1131 2298 progressu
1164 2246 1385 2294 aberrans,
1426 2258 1504 2297 pro
1538 2242 1809 2285 conclusione

212 2314 514 2367 repetitionem
546 2317 817 2368 superiorum
850 2316 994 2357 verbis
1028 2317 1241 2357 variatam
1275 2316 1416 2356 effecit
1457 2314 1519 2368 (in
1559 2314 1634 2355 hoc
1662 2327 1811 2368 yenere

214 2385 374 2426 labores
411 2387 678 2426 consumenda?
716 2400 872 2435 omne-Q
922 2387 1024 2439 quid
1065 2389 1129 2427 est
1168 2388 1313 2427 autem
1364 2386 1523 2427 ”chores
1576 2397 1812 2426 consumere

214 2454 411 2507 oweneSP),
446 2458 488 2496 et
519 2456 699 2508 vestigia
733 2456 929 2498 codicum
963 2457 1072 2498 adeo
1104 2470 1191 2498 non
1223 2456 1393 2510 pressit,
1427 2460 1486 2507 ut,
1514 2456 1629 2509 quod
1662 2454 1810 2496 certis-

215 2526 371 2567 simum
405 2528 471 2567 est
502 2526 706 2567 indicium
740 2528 1055 2569 emendationis
1087 2528 1313 2569 infeliciter
1345 2529 1387 2568 et
1409 2528 1573 2568 incerta
1596 2526 1810 2567 fluctuan-

214 2598 332 2649 tique
379 2597 544 2637 ratione
590 2599 782 2647 tentatae,
832 2599 1051 2651 optionem
1101 2599 1173 2640 det
1211 2599 1322 2639 inter
1355 2598 1462 2639 duas
1496 2597 1810 2638 diversissimas

311 2796 381 2818 non
412 2786 540 2825 dicam,
579 2784 788 2819 Ciceronem
820 2797 964 2830 semper
998 2786 1151 2831 simplex
1183 2787 1252 2827 sed,
1292 2797 1482 2829 nunquam
1514 2787 1575 2820 sed
1606 2787 1713 2819 etiam
1744 2795 1810 2818 nec

312 2855 431 2876 rernm
457 2845 563 2876 etiam
588 2855 721 2887 ponere
748 2848 888 2888 putant.
927 2846 1017 2879 Nam
1044 2846 1165 2879 minus
1191 2848 1244 2878 est
1266 2844 1422 2888 cogitare
1441 2855 1552 2888 quam
1571 2854 1685 2888 agere,
1713 2843 1810 2887 quod

312 2901 526 2946 cogitatione
553 2901 679 2935 nititur
705 2901 789 2944 (vid.
816 2903 915 2937 Brut.
945 2901 1019 2945 70);
1047 2903 1127 2937 add.
1155 2903 1191 2936 in
1218 2903 1336 2937 Vatin.
1365 2903 1396 2944 9,
1423 2902 1478 2937 21.

254 2958 282 3003 1)
308 2961 434 2995 Melius
459 2960 566 3004 igitur
592 2961 768 2995 hactenus
795 2962 849 2995 ed.
878 2972 908 2995 a.
939 2961 1028 2994 1472
1055 2963 1241 2996 deterrent.
