1915 3235
165 278 235 321 20.

161 490 231 531 21.

164 631 233 672 22.

802 147 885 188 241

298 277 480 318 Suessa
514 276 766 317 Aurunca
797 276 841 316 in
872 274 1110 328 Campania
1143 288 1181 316 a.
1207 275 1292 317 313
1325 273 1432 328 (Liv.
1464 275 1534 325 IX,
1568 262 1646 324 28,

293 360 377 389 sec.
405 347 510 388 Vell.
536 347 562 388 3
595 346 719 387 annis
750 347 849 399 post
880 345 1117 395 Luceriam,
1154 345 1208 386 14
1238 348 1337 398 post
1368 344 1522 399 Cales),
1556 347 1638 388 La-

291 420 396 468 tina,
430 417 541 458 inter
575 417 642 458 12.

293 489 504 538 Pontice,
544 487 694 528 insulae
727 486 975 528 Volscorum
1014 486 1125 527 litori
1164 487 1358 537 obiectae,
1400 487 1493 529 eod.
1527 500 1640 529 anno

292 558 399 613 (Liv.
418 557 538 611 ibd.),
561 558 728 608 Latina,
755 558 866 598 inter
893 557 959 599 18.
1008 555 1149 609 [Diod.
1169 557 1251 598 Sic.
1270 557 1380 607 XIX,
1407 557 1487 599 101
1513 556 1639 611 extr]

296 629 536 671 Saticula
567 629 611 669 in
643 628 819 669 Samnio
851 628 919 668 vel
950 628 1093 680 potius
1125 628 1169 668 in
1201 627 1439 680 Campania
1471 628 1641 670 Samni-

289 703 403 750 tum,
460 699 611 741 eodem
666 712 779 740 anno
827 697 957 751 (Fest.
1005 698 1085 738 sub
1133 699 1214 740 hoc
1259 699 1433 740 nomine
1480 712 1522 751 p.
1556 699 1642 741 340

293 771 449 820 Muell.,
491 771 563 823 qui
596 769 791 811 consules
825 769 1025 821 diemque
1068 769 1260 810 natalem
1292 768 1386 810 Kal.
1419 768 1641 809 Ianuarias

290 844 435 890 notat,
489 841 632 882 Livius
689 840 866 881 coloniae
922 838 1225 881 deductionem
1271 852 1357 881 non
1405 839 1640 888 annotavit,

293 915 468 965 captum
501 911 706 965 oppidum
735 924 773 952 a.
800 911 885 952 315
909 911 1120 952 narravit:
1154 910 1272 963 apud
1295 910 1504 951 Velleium
1529 909 1642 951 male

236 1015 240 1019 ,
290 983 634 1035 interpungendo
666 983 792 1023 huius
825 994 983 1023 nomen
1015 994 1040 1022 a
1073 981 1244 1022 Suessae
1280 978 1525 1033 divellitur),
1559 981 1642 1021 La—

163 1124 232 1166 23.

291 1054 395 1103 tina,
429 1053 540 1094 inter
576 1053 642 1095 18.

295 1122 456 1176 [Quam
503 1125 584 1165 hoc
630 1136 810 1165 numero
857 1135 1102 1176 posueram,
1151 1122 1376 1172 Casinum,
1426 1122 1642 1175 adscripto

291 1194 396 1235 Livii
428 1195 675 1236 testimonio
701 1194 788 1247 (IX,
823 1192 909 1246 28),
943 1193 1106 1235 tollitur
1129 1206 1245 1234 nunc
1270 1194 1500 1235 emendata
1532 1193 1643 1234 illius

203 1299 206 1302 .
290 1265 370 1306 loci
388 1266 614 1318 scriptura.
652 1265 762 1306 Nam
780 1264 971 1305 Frontini
992 1265 1285 1305 testimonium
1302 1278 1344 1317 p.
1364 1264 1448 1305 232
1467 1264 1642 1305 Lachm.

164 1406 232 1447 24.

163 1618 232 1660 25.

162 1901 230 1942 26.

164 2042 234 2083 27.

167 2325 236 2366 28.

67 2537 135 2578 29.
174 2537 244 2579 30.

291 1335 348 1376 ad
380 1335 592 1377 coloniam
624 1336 854 1377 militarem
887 1335 1099 1376 inferioris
1132 1335 1271 1376 aetatis
1304 1333 1524 1388 pertinet]

297 1405 599 1447 Interamna
638 1404 901 1459 (Saccasina)
949 1406 993 1446 in
1031 1405 1195 1447 Volscis
1234 1419 1273 1446 a.
1307 1405 1392 1446 312
1432 1404 1538 1457 (Liv.
1571 1404 1641 1446 IX.

291 1477 360 1527 28,
394 1477 516 1519 Diod.
551 1478 632 1519 Sic.
657 1477 767 1525 XIX,
804 1476 907 1525 105;
940 1489 1024 1517 sec.
1058 1476 1164 1517 Vell.
1199 1476 1367 1518 duobus
1400 1475 1522 1517 annis
1547 1478 1645 1528 post

291 1547 509 1597 Suessam,
547 1548 598 1589 16
631 1550 730 1601 post
761 1544 916 1599 Cales),
951 1547 1117 1596 Latina,
1151 1547 1262 1588 inter
1298 1547 1364 1588 18.

295 1617 421 1659 Sora
452 1619 496 1659 in
527 1619 689 1660 Volscis
722 1618 765 1658 in
797 1630 899 1670 agro
924 1631 950 1658 a
975 1617 1244 1659 Samnitibus
1268 1629 1469 1671 possesso
1493 1629 1532 1658 a.
1559 1616 1643 1657 303

290 1689 446 1730 iterum
507 1690 741 1731 constituta
799 1687 948 1741 (supra
1005 1702 1046 1741 p.
1095 1688 1179 1730 268
1237 1691 1347 1737 not.;
1405 1700 1489 1728 sec.
1539 1686 1641 1728 Vell.

293 1759 442 1801 decem
468 1760 591 1801 annis
618 1762 717 1813 post
738 1760 1049 1808 Interamnam,
1084 1759 1138 1800 26
1164 1761 1263 1812 post
1287 1758 1443 1811 Cales),
1477 1758 1642 1804 Latina.

292 1831 404 1871 inter
439 1831 505 1871 12.

293 1900 425 1941 Alba
458 1902 501 1942 in
532 1901 678 1954 AEquis
711 1901 865 1942 eodem
897 1914 1023 1951 anno,
1059 1914 1143 1953 quo
1176 1901 1283 1942 Sora
1317 1900 1423 1953 (Liv.
1457 1901 1507 1950 X,
1548 1902 1567 1941 1
1603 1903 1645 1942 et
1666 1910 1718 1935 208

293 1970 430 2024 Ve11.),
465 1971 631 2021 Latina,
665 1972 776 2013 inter
812 1973 878 2012 12.
943 1970 1149 2024 [Appian.
1184 1971 1416 2012 Hannibal.
1451 1970 1541 2024 39.]

300 2042 536 2083 Carseoli
567 2042 611 2083 in
642 2042 872 2095 AEquicolis
905 2042 948 2083 in
981 2042 1144 2083 Marsos
1178 2055 1327 2083 versus
1361 2055 1398 2083 a.
1424 2042 1507 2083 298
1538 2041 1644 2094 (Liv.

292 2112 343 2161 X,
387 2113 460 2161 13;
508 2126 609 2154 nam
653 2127 691 2154 a.
726 2114 810 2155 302
850 2113 979 2155 Marsi
1019 2113 1344 2165 prohibuerant,
1384 2113 1473 2153 Liv.
1506 2112 1558 2153 X.
1598 2112 1646 2161 3;

294 2184 469 2224 secund.
517 2184 622 2224 Vell.
671 2185 841 2226 duobus
892 2184 1016 2225 annis
1073 2186 1171 2236 post
1225 2182 1422 2235 Albam).
1479 2184 1643 2233 Latina,

295 2254 407 2295 inter
443 2255 508 2295 12.

301 2324 505 2366 Narnia
536 2326 580 2366 in
611 2325 793 2366 Umbria
826 2338 864 2366 a.
892 2324 975 2365 299
1001 2323 1108 2378 (Liv.
1133 2325 1184 2374 X,
1221 2323 1305 2378 10),
1339 2326 1505 2374 Latina,
1539 2325 1648 2366 inter

298 2396 366 2436 12.
430 2394 659 2448 [Suppleta
696 2398 795 2448 post
835 2395 997 2436 bellum
1030 2396 1241 2437 Punicum
1280 2398 1389 2437 teste
1429 2396 1647 2437 Plutarch.

295 2466 476 2507 Flamin.
513 2465 571 2519 1.]

307 2536 584 2577 Minturnae
616 2539 657 2578 et
690 2536 954 2587 Sinuessa,
988 2538 1030 2578 in
1055 2537 1295 2590 Campania
1319 2551 1357 2579 a.
1384 2537 1482 2587 296,
1515 2537 1646 2578 mari—

293 2607 412 2648 timae
461 2608 617 2649 civium
665 2606 814 2660 (supra
862 2621 903 2660 p.
948 2608 1053 2657 265;
1109 2621 1193 2650 sec.
1238 2609 1342 2650 Vell.
1387 2621 1425 2649 a.
1469 2607 1554 2649 295
1597 2607 1646 2657 Q.

295 2678 429 2719 Fabio
461 2678 509 2728 V,
550 2678 680 2720 Decio
713 2678 833 2718 Mure
867 2678 921 2718 IV
960 2675 1148 2731 coss.).¹)
1212 2678 1294 2731 [De
1327 2679 1530 2720 Sinuessa
1563 2678 1648 2719 vid.

297 2749 426 2789 etiam
459 2749 549 2790 Liv.
582 2749 711 2791 XXII.
748 2747 836 2801 14.]

99 2909 127 2955 ¹)
152 2912 369 2947 Huiusmodi
395 2913 502 2947 unius
528 2913 729 2947 duorumve
756 2923 936 2946 annorum
963 2912 1213 2957 discrepantiae
1240 2916 1326 2947 ortae
1345 2924 1389 2946 ex
1407 2923 1448 2946 eo
1466 2923 1543 2947 esse
1569 2922 1648 2956 pos·

155 2974 249 3013 sunt,
289 2972 385 3015 quod
419 2972 509 3005 alter
542 2972 693 3016 scriptor
725 2982 874 3011 annum,
917 2982 988 3015 quo
1014 2971 1071 3006 lex
1096 2972 1179 3007 lata.
1218 2972 1308 3005 alter
1334 2982 1429 3012 eum,
1469 2982 1539 3015 quo
1566 2981 1649 3005 vere

1319 3029 1364 3063 16
