1915 3235
867 126 947 166 591

111 266 194 306 que
226 254 281 295 sit
312 267 403 308 que,
447 266 587 306 neque
620 254 728 308 quod
759 253 1010 304 scribemus,
1059 257 1107 295 ut
1138 254 1344 308 plerique,
1392 268 1532 309 neque
1566 269 1706 310 quam,

110 326 158 365 ut
190 324 429 365 Gronovius
461 324 648 374 volebat,
697 337 851 376 parum
892 338 996 366 sane
1036 327 1149 378 apte,
1198 326 1275 367 sed
1317 326 1447 367 aliam
1480 329 1706 379 exspecta-

110 395 252 435 bimus
293 395 560 447 reliquorum
601 394 833 436 verborum
873 395 1234 445 emendationem,
1283 396 1449 438 interea
1488 397 1570 438 hoc
1611 397 1705 438 1000

108 477 187 517 pro
217 464 466 506 testimonio
498 477 585 505 non
617 462 850 518 utemur.²)
913 466 999 507 Sed
1038 479 1212 519 prorsus
1257 470 1421 508 certum
1454 470 1611 520 putant
1642 468 1705 509 al-

108 537 248 576 terum
281 535 390 576 Livii
423 535 579 585 locum,
612 534 657 575 in
687 535 796 577 libro
829 536 940 576 XLV
973 549 1007 577 c.
1040 537 1110 586 41,
1146 538 1218 589 qui
1249 551 1338 579 non
1368 538 1522 579 melius
1553 538 1702 588 habet,

108 605 189 646 nisi
222 606 337 659 quod
372 606 617 647 emendatio
655 619 741 647 non
784 607 916 648 dubia
948 610 1026 648 est.
1089 607 1318 649 Scribitur:
1367 622 1621 663 quanquam,
1670 614 1706 650 et

108 690 233 731 quam
262 676 445 729 feliciter
478 691 564 717 rem
599 676 814 731 publicam
860 677 1247 719 adminlstracerim
1290 684 1326 720 et
1367 679 1476 733 quod
1507 679 1588 720 cluo
1618 679 1705 732 ful-

108 748 225 787 mina
256 747 423 788 domum
456 761 588 788 meam
613 761 695 801 per
726 747 798 788 hos
839 747 928 788 (lies
958 749 1230 802 perculerint,
1278 763 1360 790 non
1401 751 1597 804 lynci-are
1636 764 1704 791 vos
1724 765 1776 790 236

107 817 305 859 arbitror.
367 817 565 859 Postulat
605 818 849 859 necessario
891 819 1095 860 orationis
1141 820 1380 872 aequalitas,
1429 823 1477 861 ut
1519 822 1703 873 utraque

105 888 320 929 sententia
353 887 407 942 (et
440 902 565 943 quam
599 912 654 917 ——
693 893 729 929 et
767 887 892 943 qnod)
935 889 1121 930 eandem
1164 890 1350 931 formam
1393 891 1576 940 habeat3
1623 904 1704 932 nec

104 958 148 999 id
179 961 349 1000 tantum
383 959 496 1000 cives
535 960 744 1008 sciebant,
794 959 880 1000 duo
921 960 1101 1001 fulmina
1142 960 1319 1002 domum
1357 961 1515 1002 AEmilii
1547 975 1702 1014 percu-

105 1028 216 1079 lisse,
250 1029 327 1070 sed
359 1043 454 1082 quae
489 1031 531 1070 et
563 1043 695 1082 quam
727 1031 875 1082 gravia
907 1031 1204 1082 perculissent.
1267 1032 1402 1073 Recte
1434 1033 1562 1084 igitur
1594 1032 1702 1073 Gro-

104 1099 268 1149 novius,
318 1101 434 1152 quod
477 1101 520 1141 in
562 1100 687 1141 unico
731 1100 877 1141 codice
919 1101 1126 1154 scriptum
1169 1105 1246 1152 est,
1296 1103 1330 1143 si
1372 1103 1502 1144 modo
1543 1102 1603 1143 ita
1643 1103 1702 1143 ibi

104 1170 312 1222 scriptum
346 1174 422 1220 est,
457 1170 565 1225 quod
596 1171 781 1211 mutavit
811 1172 855 1211 in
888 1185 992 1226 quw.
1041 1172 1094 1213 Et
1126 1173 1384 1225 quantulum
1417 1174 1509 1214 haec
1539 1173 1702 1214 distant

103 1241 147 1281 in
180 1237 467 1293 codicibus2)!
516 1241 647 1294 Apud
679 1241 897 1283 Caesarem
931 1242 977 1282 B.
1013 1242 1057 1284 C.
1091 1243 1107 1283 I
1141 1256 1175 1284 0.
1209 1244 1264 1284 23
1299 1243 1460 1298 (panea
1494 1244 1609 1298 apud
1638 1257 1703 1285 eos

107 1312 301 1366 loquitur,
346 1312 454 1366 qnod
495 1312 575 1353 sihi
619 1326 645 1352 a
677 1317 804 1366 parte
843 1326 981 1352 eorum
1019 1315 1164 1367 qratia
1197 1315 1331 1355 relata
1366 1328 1446 1355 non
1477 1313 1547 1367 sit)
1579 1317 1703 1367 patet

104 1382 211 1436 quod
244 1382 419 1435 adiungi
453 1383 509 1423 ad
532 1396 689 1436 panca,
738 1386 785 1423 ut
817 1383 1084 1433 ostendatur,
1134 1385 1186 1426 de
1230 1399 1316 1438 qua
1358 1398 1404 1426 re
1447 1398 1587 1437 pauca
1629 1385 1702 1426 illa

104 1452 218 1494 dicta
249 1454 347 1502 sint,
396 1466 483 1494 non
522 1453 577 1494 ad
610 1453 812 1508 [equitum
859 1466 999 1506 neque
1046 1456 1159 1496 enim
1203 1456 1349 1497 Caesar
1391 1456 1514 1497 facile
1558 1457 1701 1497 dicere

102 1526 292 1575 poterat:
341 1525 538 1578 loquitur,
580 1525 768 1577 qratiam
806 1524 886 1564 siha·
923 1538 1006 1565 non
1039 1526 1229 1567 relatam.
1293 1526 1440 1567 Habet
1471 1526 1600 1579 igitur
1630 1527 1700 1567 hic

105 1606 276 1646 quoque
318 1594 436 1635 locus
470 1594 716 1647 exemplum
749 1595 974 1636 sententiae
1018 1595 1206 1649 legitime
1239 1610 1265 1638 a
1304 1597 1412 1651 qzcocl
1443 1597 1699 1649 incipientis,

102 1665 178 1706 sed
210 1665 340 1717 paulo
373 1665 535 1706 rariore
569 1666 709 1706 forma
741 1666 948 1706 subnexae
981 1667 1037 1707 ad
1060 1667 1281 1708 notionem
1306 1667 1497 1720 aliquam
1522 1667 1700 1708 distinc-

101 1736 186 1776 tius
234 1736 547 1788 explicandam,
597 1737 814 1788 quomodo
858 1737 952 1777 libr.
987 1738 1003 1777 1
1041 1737 1089 1778 Β.
1131 1737 1179 1778 G.
1213 1751 1249 1778 0.
1285 1738 1337 1779 19
1382 1738 1528 1780 Caesar
1571 1739 1697 1779 dixit:

102 1819 227 1860 quum
259 1807 499 1847 certissima?
532 1821 597 1848 res
629 1807 880 1860 accederent,
914 1807 1022 1861 quosl
1046 1822 1128 1861 per
1156 1808 1260 1861 fines
1284 1807 1572 1863 Sequanorewn
1597 1809 1698 1850 Hel-

105 1877 225 1917 cetios
255 1877 524 1930 traduxisset,
573 1878 680 1932 quod
719 1877 878 1918 obsides
918 1879 1025 1919 inter
1063 1892 1127 1920 eos
1159 1879 1323 1920 (landos
1355 1884 1551 1929 curasset,
1601 1882 1697 1930 cet„

102 1950 144 1987 et
176 1947 329 1988 eodem
363 1947 471 1989 libro
505 1961 540 1989 0.
573 1948 650 1995 4ῧ;
702 1948 847 1989 C'oesar
885 1962 963 1989 sua
1002 1954 1247 2004 senatusque
1284 1950 1331 1990 in
1370 1964 1461 1990 eccm
1501 1950 1698 2003 beneficia

101 2019 447 2071 commemorat-it,
483 2019 592 2073 qnod
625 2033 698 2059 rex
733 2020 967 2074 appellatus
999 2025 1098 2061 esset
1131 2034 1157 2060 α
1186 2025 1347 2073 senatu,
1381 2020 1490 2075 quod
1523 2022 1695 2071 ccmicus,

101 2088 209 2142 quod
247 2102 430 2129 munera
463 2090 725 2143 amplissima-
757 2091 899 2131 missa..
961 2091 1099 2132 Recta
1131 2091 1244 2140 haec;
1292 2091 1397 2132 illud
1436 2091 1578 2132 dicere
1609 2104 1696 2132 non

100 2159 259 2211 potuit:
312 2159 456 2200 Csesar
496 2163 842 2214 commemorarit,
891 2162 999 2216 quod
1039 2176 1111 2202 rex
1144 2163 1379 2215 appellatus
1411 2166 1522 2203 esset.
1587 2160 1694 2214 [Cfr.

101 2229 186 2270 Cic.
230 2229 282 2270 de
323 2230 462 2271 Divin.
496 2231 544 2281 H,
589 2230 664 2281 31,
709 2231 799 2284 67]
877 2232 1071 2273 Eandem
1120 2232 1416 2285 explicationis
1463 2245 1541 2285 per
1588 2232 1697 2287 qnod

136 2416 165 2460 1)
190 2418 268 2452 Non
294 2418 371 2453 sine
403 2429 511 2452 causa
545 2418 581 2452 in
615 2429 656 2453 00
689 2430 834 2464 quoque
861 2419 1062 2454 Gronovius
1089 2423 1124 2454 et
1150 2420 1339 2454 Couterius
1364 2420 1560 2461 haeserunt,
1599 2420 1695 2464 quod

194 2476 374 2511 omittitur
399 2479 611 2519 tribunicla;
638 2489 757 2522 neque
783 2478 890 2520 enim,
918 2479 1015 2522 quod
1032 2478 1155 2512 Livius
1180 2478 1344 2512 Duilium
1369 2478 1559 2513 tribunum
1585 2478 1697 2513 fuisse

195 2535 345 2577 dixerat,
372 2536 452 2571 ideo
478 2537 567 2571 illud
594 2540 690 2571 recte
716 2537 753 2571 in
770 2537 879 2571 Duilii
903 2538 1066 2572 oratione
1083 2538 1305 2572 audiendum
1325 2537 1553 2582 relinquitur,
1580 2549 1691 2582 quum

194 2594 283 2628 nihil
309 2595 354 2628 ab
382 2606 423 2629 00
450 2596 494 2629 de
520 2595 708 2630 tribunatu
741 2599 862 2630 actum
895 2606 972 2630 esse
999 2600 1107 2630 antea
1132 2596 1269 2631 dictum
1295 2597 1352 2631 sit.
1404 2594 1470 2639 [De
1502 2598 1577 2630 sine
1610 2607 1694 2630 cum

194 2653 382 2697 participio
408 2655 627 2689 sententiam
654 2654 793 2688 mutavi
819 2655 1012 2699 locumque
1038 2655 1129 2689 Livii
1156 2655 1332 2700 corrigere
1359 2655 1497 2690 tentavi
1518 2655 1595 2689 Em.
1616 2654 1693 2689 Liv.

194 2723 228 2756 p.
248 2712 316 2746 100
341 2723 419 2757 sqq.
459 2713 639 2757 Quicquid
665 2717 730 2754 est,
755 2715 908 2748 scituros
934 2716 1028 2757 quod
1053 2718 1178 2748 contra
1204 2714 1344 2749 codices
1369 2725 1539 2758 perverse
1565 2713 1693 2747 scribe-

193 2769 328 2813 batur]

137 2826 167 2870 ²)
193 2827 248 2872 [ln
274 2829 395 2864 codice
420 2830 600 2864 omittitur
625 2842 721 2874 quoe3
754 2832 848 2875 (stood
883 2831 1056 2875 Grynaeus
1081 2829 1246 2873 addidit]
1298 2832 1349 2866 De
1375 2831 1465 2865 Livii
1491 2831 1572 2865 libri
1598 2831 1692 2864 XLII

194 2898 223 2921 c.
249 2887 295 2921 33
328 2888 524 2924 satisfaciet
555 2889 882 2924 Drakenborchius.
939 2890 1056 2933 Miror,
1096 2890 1206 2925 etiam
1237 2890 1483 2934 Kreyssigium
1516 2890 1692 2924 mendum

194 2945 392 2991 reliquisse.
