1915 3235
824 154 876 195 21

62 299 159 340 quae
206 286 260 327 de
307 285 540 335 Turranio,
588 284 780 334 Melisso,
827 284 960 334 Varo,
1010 283 1217 334 Graccho,
1265 284 1474 334 Fontano,
1523 284 1650 326 Cotta

61 357 264 407 dixerim,
313 356 437 409 quasi
482 369 560 409 ego
607 355 838 408 quicquam
887 354 1087 405 dixerim,
1134 354 1215 396 nisi
1253 356 1336 396 1100
1372 354 1515 408 ipsum
1555 368 1651 397 esse

60 427 223 468 fraudis
269 427 518 480 Vestigium,
568 426 683 478 quod
720 425 765 467 hi
804 424 944 466 Ovidii
985 425 1111 466 amici
1153 438 1179 466 a
1218 425 1501 478 grammatico
1543 426 1650 467 cita-

59 502 220 547 rentur,
259 497 340 538 nisi
381 497 498 550 quod
528 496 687 546 addidi,
728 495 910 538 Fontani
942 495 1040 536 libri
1071 496 1126 536 HI
1157 497 1450 549 nympharum
1482 498 1650 550 satyro-

59 580 241 620 rumque
263 581 459 609 amorum
483 567 783 609 auctoritatem
816 566 1035 619 perlepide
1063 567 1278 617 advocari,
1312 569 1360 607 ut
1383 566 1650 616 ostendatur,

60 653 117 680 au
148 639 464 693 diphthongum
496 651 605 681 esse.
668 637 754 679 Sed
785 637 884 678 huic
916 650 994 690 ego
1034 638 1279 690 desparatae
1319 650 1462 679 causae
1501 637 1651 678 defen-

59 710 167 751 sioni
197 710 505 762 responderem
537 708 712 761 aliquid,
755 708 791 749 si
829 711 905 749 aut
938 708 1034 761 plus
1066 708 1273 761 temporis
1312 708 1651 761 impendendum

58 767 257 834 putarem
305 779 530 833 impostori
578 779 636 820 illi
687 778 810 831 („der
859 779 1049 820 schnode
1096 779 1304 832 Betriiger
1348 779 1556 832 Apuleius
1599 779 1652 820 de

58 851 388 904 orthographia“
426 851 513 892 iam
545 850 789 903 appellatur
829 863 854 891 a
887 849 1168 904 Bernhardyo
1208 863 1352 891 meam
1391 850 1652 891 sententiam

58 924 218 972 secuto,
268 921 498 963 Grundriss
538 921 614 962 der
652 921 852 962 romisch.
887 921 984 961 Litt.
1018 934 1060 973 p.
1095 920 1198 972 329)
1242 923 1318 962 aut
1348 934 1441 962 rem
1474 921 1651 962 dubiam

57 992 191 1033 videri
223 1006 350 1045 posse
383 992 516 1033 semel
548 988 840 1043 admonitis.¹)
903 991 950 1032 Id
990 993 1138 1032 tamen
1180 991 1408 1032 ferendum
1446 1005 1533 1033 non
1574 995 1651 1041 est,

57 1064 174 1116 quod
216 1077 286 1104 me
328 1064 443 1104 mala
483 1062 567 1115 fide
614 1062 809 1103 omisisse
858 1065 1036 1114 questus
1080 1065 1145 1103 est
1187 1061 1246 1114 (p.
1281 1061 1383 1114 314)
1427 1062 1480 1103 de
1523 1062 1653 1104 Caelio

55 1134 313 1187 Rhodigino,
347 1147 444 1187 quae
476 1134 567 1187 ipse
600 1134 701 1174 meis
727 1133 858 1174 verbis
883 1136 1222 1174 commemorata
1246 1133 1425 1185 protulit
1451 1132 1510 1185 (p.
1535 1132 1652 1186 309),

57 1209 99 1245 et
146 1217 215 1245 me
263 1204 348 1246 doli
395 1205 659 1246 insimulavit
707 1203 766 1256 (p.
801 1203 923 1255 319),
980 1204 1103 1256 quasi
1149 1216 1401 1257 negassem,
1450 1205 1581 1245 ullum
1631 1218 1653 1246 e

56 1275 336 1328 scriptoribus
370 1276 425 1317 ab
459 1275 612 1317 Ovidio
645 1276 688 1316 in
720 1275 797 1327 Ep.
832 1288 883 1315 ex
915 1275 1039 1316 Pont.
1072 1275 1139 1323 IV,
1182 1275 1234 1315 1ss
1268 1274 1500 1316 nominatis
1534 1276 1651 1328 apud

56 1346 360 1399 grammaticos
408 1346 543 1388 citari.
621 1347 732 1387 Nam
780 1349 923 1387 cetera
969 1359 1056 1388 non
1111 1345 1330 1386 intercedo
1378 1359 1462 1398 quo
1510 1346 1652 1387 minus

55 1417 261 1469 p'raeclare
294 1417 515 1470 disputata
547 1419 682 1470 putet,
717 1418 834 1458 velut
866 1417 981 1470 quod
1015 1416 1135 1469 (319)
1169 1416 1339 1469 Apuleii
1373 1420 1415 1458 et
1445 1417 1652 1458 Prisciani

55 1490 222 1529 veteres
261 1488 490 1540 scriptores
532 1488 691 1529 citandi
731 1488 943 1529 rationem
990 1487 1174 1528 similem
1215 1490 1358 1540 putat,
1409 1491 1483 1528 aut
1522 1488 1651 1540 quod,
1674 1507 1689 1531 2

55 1558 129 1599 ubi
162 1571 253 1611 ego,
288 1560 464 1613 exceptis
497 1558 616 1611 (nam
650 1559 709 1600 sic
742 1558 910 1611 scripsi)
951 1559 1127 1611 Pedona,
1169 1558 1315 1599 ssim-so
1353 1559 1651 1613 similibusque,

54 1629 207 1682 negavi
260 1628 454 1681 Tuscum,
504 1629 671 1683 Lupum
718 1631 952 1685 similesque
999 1630 1249 1685 quisquilias
1297 1643 1321 1670 a
1369 1630 1652 1682 grammatico

56 1700 207 1741 Latino
247 1700 458 1741 inferioris
497 1701 636 1742 aetatis
675 1704 874 1742 auctores
918 1701 1039 1742 citari
1085 1702 1297 1754 potuisse,
1347 1700 1526 1754 opponit
1566 1701 1651 1741 Ra-

55 1771 221 1820 birium,
272 1771 498 1812 AEmilium
538 1772 748 1822 illacrum,
798 1772 1003 1813 Peslonem
1044 1772 1104 1825 (p.
1138 1771 1255 1825 320),
1304 1774 1380 1813 aut
1420 1772 1536 1824 quod
1568 1785 1650 1821 me,

54 1841 306 1894 pusillorum
340 1842 510 1884 illorum
543 1846 785 1896 poetarum,
820 1857 926 1896 quos
953 1843 1130 1884 Ovidius
1165 1856 1262 1884 cum
1286 1843 1436 1896 paucis
1462 1843 1651 1884 clariori-

55 1912 136 1954 bus
177 1912 220 1953 in
259 1913 330 1954 illa
371 1914 553 1966 epistola
593 1914 792 1955 amicitiae
832 1927 975 1963 causa,
1025 1917 1072 1955 ut
1111 1915 1170 1963 fit,
1220 1914 1388 1963 laudat,
1438 1927 1571 1966 opera
1611 1918 1653 1955 et

55 1984 218 2024 faniam
251 1984 307 2025 ad
340 1984 639 2037 posteritatem
672 1985 919 2037 pervenisse
952 1998 1039 2026 non
1072 1985 1332 2033 credentem,
1375 1985 1431 2026 ad
1469 1985 1651 2035 Attium,

54 2054 296 2105 Afranium,
345 2055 508 2105 Attam,
559 2056 604 2097 C.
639 2056 871 2102 Fannium,
921 2056 1144 2105 Catonem,
1194 2056 1392 2106 Ennium,
1442 2055 1651 2096 Lucilium

55 2128 181 2166 vocat
218 2125 277 2179 (p.
311 2125 434 2178 320),
476 2128 640 2180 primos
678 2127 863 2167 homines·
901 2126 1218 2181 siyniferosque.
1268 2130 1313 2167 ut
1355 2126 1415 2167 ait
1452 2126 1522 2166 ille
1560 2126 1652 2178 ipse

56 2196 252 2247 Lucilius,
301 2202 377 2238 aut
408 2198 524 2250 quod
555 2201 716 2247 narrat,
764 2198 860 2250 fieri
892 2202 1030 2238 tcmeen
1054 2199 1251 2251 potuisse,
1302 2200 1348 2238 ut
1386 2200 1474 2238 tres
1508 2200 1653 2238 essent

54 2270 207 2319 poetae,
257 2267 307 2318 Q.
342 2268 604 2317 Trinacrius,
654 2269 800 2321 Lupus
840 2268 1021 2317 Siculus,
1072 2269 1217 2321 Lupus
1250 2268 1430 2318 Anilius,
1481 2271 1527 2308 ut
1566 2281 1652 2309 non

53 2337 194 2379 fraudi
227 2338 469 2379 debeantur
500 2339 610 2380 mira
642 2339 735 2380 haec
769 2353 820 2380 ex
845 2339 985 2380 Ovidii
1011 2353 1077 2379 VV.
1102 2339 1158 2380 25
1191 2341 1233 2380 61
1265 2339 1320 2380 26
1354 2339 1478 2391 quasi
1510 2339 1652 2392 pullu—

53 2409 187 2450 lantia
234 2409 411 2450 nomina
450 2409 509 2462 (p.
544 2410 668 2462 326),
718 2413 794 2451 aut
841 2411 956 2463 quod
1004 2411 1202 2465 (loymccta
1241 2410 1520 2464 philosophice
1565 2423 1652 2451 non

52 2482 178 2532 putat
209 2479 434 2521 ridiculam
469 2494 563 2522 esse
600 2481 814 2534 poematis
853 2481 1042 2534 plurium
1081 2481 1289 2522 libroruin
1330 2481 1652 2533 inscriptionem

53 2549 171 2601 (nam
215 2550 541 2603 epigrammatis
574 2552 791 2593 Goethiani
832 2558 944 2593 esset
984 2565 1072 2593 non
1109 2550 1275 2604 inepta)
1318 2551 1377 2604 (p.
1412 2550 1529 2603 324),
1577 2554 1651 2592 aut

53 2620 167 2673 quod
198 2620 517 2674 ineptissimum
550 2622 763 2675 poematis
796 2636 969 2672 nomen,
1011 2622 1290 2664 Pindaricum
1333 2623 1651 2671 oemulationem,

52 2691 111 2732 ita
144 2691 350 2742 defendit,
391 2696 440 2733 ut
472 2692 613 2745 (paene
655 2693 849 2743 dixerim,
890 2692 1183 2746 impudenter)
1222 2695 1364 2746 neget,
1404 2693 1650 2745 Apuleium,

52 2761 124 2814 qui
170 2761 236 2802 bis
284 2762 344 2803 sic
391 2763 564 2813 scribat,
615 2763 758 2816 Rufus
795 2765 841 2804 ‘in
880 2763 1120 2805 Pincloerica
1160 2764 1435 2814 (emulatione,
1480 2763 1651 2804 titulum

52 2832 192 2884 operis
225 2832 371 2884 citare,
405 2839 480 2875 aut
512 2834 628 2886 quod
660 2834 879 2875 hominem
913 2834 1057 2882 istum,
1092 2847 1221 2887 quem
1253 2834 1486 2887 Apuleium
1511 2836 1651 2883 vocat,

90 2983 117 3025 ‘)
143 2986 184 3019 A.
211 2986 438 3021 Weichertus
464 2989 589 3020 tamen
615 2989 739 3029 postea
767 2986 957 3030 aliquoties
983 2987 1072 3021 nihil
1101 2987 1288 3030 suspicans
1316 2986 1449 3020 citavit.
