1915 3235
861 100 942 141 727

107 225 256 279 [moris
289 227 544 276 Graecorum,
589 227 670 269 hoc
702 230 768 269 est
799 228 970 281 Graeci]
1019 230 1067 269 ut
1105 231 1256 281 postea
1295 227 1508 269 dixerunt.
1570 228 1701 281 Apud

105 297 335 349 scriptores
357 297 551 338 Ciceroni
583 298 771 350 aequales
801 300 931 340 moris
963 313 1046 340 esse
1077 298 1251 340 omnino
1272 311 1359 340 non
1380 299 1557 351 reperiri
1579 300 1698 351 puto.

223 366 315 408 Ibd.
348 365 372 419 ἓ
405 367 481 408 72:
530 367 654 409 Illud
686 370 794 409 enim
823 374 959 423 potest
989 369 1074 411 dici
1111 368 1245 409 iudici
1283 383 1357 409 —:
1409 368 1589 421 „Iadica
1626 369 1701 410 hoc

103 436 265 489 factum
307 451 390 478 esse
423 442 495 479 aut
526 452 741 493 nunquam
775 453 857 481 esse
885 440 1045 493 factum
1080 439 1140 479 vel
1172 439 1418 493 eoyitatum7·
1455 438 1574 480 erede
1605 439 1702 484 huie

104 508 195 548 testi
203 522 221 559 ;
252 507 331 548 has
352 508 571 562 comproba
593 508 813 561 tabulas“,·
844 510 918 550 hoe
948 523 1030 550 non
1054 514 1209 564 potest:
1246 509 1352 561 „Cui
1380 509 1495 562 filius
1522 515 1703 564 aquatus

103 578 168 627 sit,
203 579 291 618 eius
322 583 608 619 testamentum·
640 593 724 620 non
757 593 840 623 6336
871 585 1055 634 ruptum,
1088 580 1232 620 iudica
1239 595 1257 632 ;
1289 580 1397 634 quod
1430 580 1582 620 mulier
1613 580 1702 621 sine

103 653 235 690 tutore
267 653 434 690 auctore
457 650 716 703 promiserit,
751 650 933 691 deberi“.
996 651 1091 692 Duo
1123 650 1227 691 vitia
1257 650 1351 692 haec
1383 651 1520 691 oratio
1552 650 1699 699 habet,

103 731 200 770 quae
231 718 415 771 figuram
440 720 530 761 eius
559 723 825 773 pervertunt,
859 734 1007 770 unum,
1041 721 1157 773 quod
1188 721 1232 761 in
1259 721 1412 773 priore,
1447 734 1544 773 quae
1575 721 1702 774 fingi-⁷

103 794 185 839 tur,
234 789 385 831 iudicis
428 792 757 844 compellatione
796 791 975 844 singulae
1006 793 1152 844 partes
1184 804 1285 832 suos
1315 791 1481 832 habent
1511 791 1699 844 impera-

101 860 225 909 tivos,
258 860 303 901 in
334 861 471 902 altera
504 875 582 915 pro
616 862 787 903 duobus
819 874 931 904 unus
965 863 1043 911 est,
1078 861 1276 910 alterurn,
1311 861 1427 913 quod
1458 862 1494 902 is
1514 862 1700 914 impera—

101 931 214 971 tivus
247 932 370 983 quasi
403 933 643 975 occultatur
676 935 719 974 et
749 932 1044 985 supprimitur,
1084 932 1286 985 languide
1318 932 1537 974 subiectus
1569 932 1698 985 priori

103 1001 444 1054 compellationis
476 1003 611 1056 parti;
651 1003 844 1044 debebat
875 1005 1022 1045 autem
1055 1003 1199 1044 extolli
1230 1002 1349 1044 initio
1380 1003 1545 1055 positus
1578 1009 1626 1045 ut
1656 1003 1700 1044 in

100 1072 242 1124 priore
282 1073 625 1125 compellatione.
695 1073 802 1114 Vide
845 1086 972 1123 nunc,
1022 1086 1152 1126 quam
1196 1075 1438 1126 opportune
1481 1087 1700 1127 quamque

101 1144 269 1196 egregie
302 1144 532 1185 subveniat
565 1144 700 1185 codex
733 1143 1082 1196 Tegernseensis‚
1131 1145 1261 1186 modo
1305 1145 1348 1185 in
1381 1157 1467 1185 una
1510 1144 1699 1185 litterula

100 1213 194 1254 haec
238 1213 329 1255 eius
373 1214 600 1255 adiuvetur
641 1215 874 1267 scriptura:
915 1218 1049 1268 potest
1090 1228 1131 1255 se
1170 1219 1212 1255 at
1250 1228 1313 1267 *ne7
1361 1215 1427 1254 eui
1462 1213 1578 1267 filius
1617 1217 1696 1255 cet.

101 1282 219 1336 (nam
254 1284 297 1325 in
331 1285 483 1326 ceteris
516 1285 749 1333 codicibus
791 1286 834 1326 in
875 1285 1031 1338 quibus
1065 1288 1129 1326 est
1152 1290 1286 1339 potest
1319 1299 1400 1326 6336
1432 1286 1498 1325 cm·
1527 1284 1577 1337 fi,
1619 1285 1697 1326 ob—

101 1355 266 1396 scurius
314 1355 519 1396 indicium
566 1357 657 1396 veri
705 1359 782 1405 est,
831 1356 1036 1397 indicium
1083 1355 1268 1407 tamen):
1316 1356 1389 1396 hoe
1431 1369 1512 1396 non
1542 1361 1698 1409 potest:

101 1424 299 1478 Statue,
348 1427 415 1466 eui
443 1426 559 1479 filius
592 1431 773 1480 aquatus
804 1428 871 1480 sit,
920 1428 1007 1468 eius
1045 1431 1330 1467 testamentum
1371 1440 1452 1467 non
1485 1440 1566 1467 6336
1598 1441 1698 1481 rup-

99 1501 186 1536 tum
194 1512 212 1548 ;
243 1497 441 1549 iudica,
475 1498 584 1553 quod
614 1498 766 1539 mulier
797 1511 829 1538 3.
863 1502 890 1538 t.
925 1512 965 1538 α.
995 1498 1250 1551 promiserit,
1291 1497 1443 1538 deberi.
1507 1498 1559 1538 Et
1590 1498 1698 1539 duos

99 1567 379 1620 imperativos
412 1569 528 1609 nacti
560 1581 710 1609 sumus
745 1571 786 1609 et
818 1568 947 1609 rectis
980 1567 1084 1609 locis
1116 1569 1294 1621 positos.

218 1638 310 1679 Ibd.
345 1637 368 1690 ἓ
403 1639 457 1679 73
490 1639 767 1680 scribendum
808 1642 891 1680 est:
939 1638 1050 1690 Quid
1089 1638 1184 1691 (pro
1224 1637 1348 1693 quod)
1391 1639 1499 1678 enim
1539 1643 1594 1678 est
1635 1639 1698 1679 ius

99 1709 249 1749 civile?
291 1709 408 1760 Quod
440 1723 566 1764 neque
588 1709 744 1762 inflecti
778 1733 829 1737 —
856 1711 1002 1763 possit.
1052 1709 1175 1761 (Quae
1199 1722 1267 1750 res
1291 1712 1375 1750 -—‘?
1409 1722 1472 1757 ea,
1507 1722 1603 1761 quae
1628 1731 1696 1749 -.

100 1779 242 1829 Vides,
277 1779 600 1820 substantivum
633 1779 825 1833 requiri.)

217 1850 309 1891 Ibd.
336 1849 360 1902 ἓ
386 1851 439 1891 78
465 1850 592 1891 scribi
625 1852 816 1902 oportet:
850 1864 1064 1905 nunquam
1099 1851 1186 1890 eius
1210 1850 1497 1890 auctoritatem
1520 1850 1697 1889 nimium

99 1921 251 1973 valere,
300 1922 445 1961 euius
484 1920 760 1974 prudentiam
809 1944 861 1948 —
903 1935 949 1974 p.
984 1921 1036 1961 R.
1087 1944 1139 1947 —
1183 1920 1467 1974 perspexerit;
1515 1921 1598 1974 qui
1642 1943 1694 1947 —

99 2005 315 2047 nunquam
354 1992 669 2042 se2?unoee·2·it,·
709 1993 792 2045 qui
823 2013 879 2020 ——
904 1991 1219 2045 proebuerit;
1260 1991 1343 2045 qui
1375 1991 1436 2031 ita
1466 1991 1599 2031 iustus
1630 1991 1698 2031 sit

101 2062 196 2114 (pro
219 2061 293 2115 est)
318 2067 353 2103 et
377 2062 504 2103 bonus
526 2064 592 2103 scir
615 2078 697 2114 —;
729 2063 872 2103 cuius
893 2067 1054 2102 tantum
1077 2063 1119 2102 3ἱ
1128 2067 1143 2102 t
1165 2061 1260 2114 (pro
1284 2059 1357 2113 est)
1390 2062 1603 2115 inqem'um
1627 2084 1695 2101 —-.

100 2134 297 2186 Apparet
328 2133 371 2173 in
411 2133 615 2175 orationis
659 2134 799 2175 forma
841 2133 992 2174 ceteris
1037 2145 1088 2173 ex
1132 2132 1329 2185 partibus
1373 2131 1696 2184 diligentissime

102 2204 341 2257 composita
386 2207 430 2245 et
471 2207 643 2245 servata
689 2204 819 2244 etiam
862 2203 982 2243 verbi
1024 2203 1202 2244 modum
1235 2203 1421 2244 eundem
1452 2202 1696 2244 necessario

100 2275 339 2316 tenendum
371 2275 522 2324 fuisse;
557 2275 628 2328 qui
662 2287 795 2327 quum
827 2274 871 2314 in
895 2273 1044 2314 ceteris
1078 2274 1219 2315 verbis
1251 2278 1317 2315 ter
1349 2276 1544 2314 servatus
1568 2277 1693 2323 esset,

100 2346 301 2387 librarius
333 2346 376 2386 in
409 2345 588 2387 extremi
621 2344 741 2385 verbi
774 2345 913 2386 forma
941 2344 997 2385 ad
1019 2345 1276 2385 mutandum
1300 2346 1543 2397 opportuna
1568 2344 1695 2385 aber-

100 2417 232 2465 ravit3
279 2430 382 2458 nam
427 2419 474 2457 ut
515 2415 753 2468 saepissime
796 2428 847 2456 ex
891 2419 947 2455 est
990 2414 1059 2467 (st)
1103 2415 1264 2456 librarii
1296 2416 1349 2456 sit
1381 2415 1586 2464 fecerunt,
1634 2415 1695 2456 ita

100 2487 278 2528 minime
309 2500 409 2528 raro
443 2492 499 2528 est
531 2499 552 2527 e
585 2487 651 2526 sit.

219 2558 312 2599 Ibd.
345 2557 369 2610 ξ
400 2558 495 2598 103.
550 2557 597 2597 In
629 2556 709 2597 hoc
743 2557 835 2597 loco
867 2556 1064 2596 Baiterus
1098 2558 1139 2596 et
1172 2569 1196 2596 a
1229 2557 1443 2596 sententia
1476 2555 1694 2596 aberravit

102 2631 144 2669 et
175 2642 201 2669 a
234 2629 427 2670 codicum
461 2627 662 2680 vestigiis,
698 2627 817 2667 cuius
850 2626 1094 2666 coniectura
1125 2626 1192 2666 vel
1223 2626 1304 2667 hoc
1328 2639 1413 2667 uno
1439 2628 1693 2678 argumento

103 2699 379 2748 convincitur,
415 2699 530 2752 quod
563 2698 606 2738 in
639 2697 821 2750 eleganti
854 2698 935 2737 hac
969 2699 1010 2737 et
1042 2699 1195 2738 ornata
1228 2697 1419 2738 clausula
1452 2696 1560 2738 exile
1587 2696 1693 2737 illud

103 2772 145 2810 et
175 2770 425 2822 languidum
458 2782 697 2824 pronomen
732 2768 774 2808 id
807 2767 1067 2820 respondere
1106 2768 1278 2809 iubetur
1318 2782 1369 2809 ex
1402 2768 1536 2809 altera
1568 2769 1693 2820 parte

102 2840 188 2880 his:
237 2854 361 2894 quam
394 2854 444 2880 ne
483 2840 677 2880 dissolute
717 2853 802 2879 rem
835 2840 1066 2893 *relinquere
1098 2839 1321 2880 videretur.
1384 2838 1691 2879 Mommsenius

99 2910 327 2951 sententiae
370 2911 554 2951 formam
598 2910 699 2949 vidit
745 2923 795 2950 ac
838 2909 1020 2950 fortasse
1063 2909 1192 2950 etiam
1237 2910 1330 2961 ipsa
1371 2908 1518 2949 verba.
1580 2908 1692 2948 Fieri
