1915 3235
108 607 157 632 337

94 2660 145 2686 338

939 109 1025 152 670

184 236 270 276 suri
302 235 400 286 sint,
440 249 618 289 poenam
650 238 918 292 exaggeret);
957 253 1099 293 neque
1131 238 1154 292 ἓ
1186 240 1212 281 9
1244 242 1443 282 revocavi
1476 240 1590 295 (cum
1624 243 1777 285 eodem

183 304 378 359 Klotzio),
428 307 544 359 quod
591 308 760 351 codices
806 310 970 351 habent
1019 310 1113 363 (sed
1159 313 1318 364 praeter
1365 325 1517 353 sanam
1564 313 1776 355 rationem

182 378 312 418 etiam
345 378 587 420 scholiastae
628 381 877 422 testimonio
910 380 1132 434 convicti):
1172 396 1355 423 meorum
1391 383 1673 437 periculorum
1704 398 1776 425 ra-

180 449 309 489 tiones
346 449 508 490 utilitas
545 451 609 490 rei
640 450 823 504 publicae
862 452 1046 493 vindieat
1094 450 1194 505 (nisi
1232 452 1341 494 forte
1381 455 1463 495 hoc
1501 454 1561 495 sic
1600 455 1777 508 intelligi

180 532 306 571 posse
337 519 610 572 putabimus:
658 522 787 562 vitam
826 536 962 563 meam
1000 524 1059 564 sie
1096 523 1260 564 utilitas
1297 524 1361 564 rei
1384 538 1431 578 p.
1464 524 1544 565 sibi
1574 525 1774 579 vindieat,

178 595 223 630 ut
254 604 346 630 eam
377 590 589 645 quibusvis
612 591 818 644 perieulis
849 593 1022 635 obiicere
1054 593 1263 647 debeam);
1312 595 1390 636 sed
1428 595 1471 636 in
1504 595 1658 647 eadem
1689 595 1712 648 ἓ
1745 597 1771 638 9

178 661 281 701 nihil
314 663 540 704 cunctatus
580 676 678 704 cum
718 664 883 706 Klotzio
923 678 975 706 ex
1014 665 1214 706 omnibus
1253 665 1391 706 tribus
1431 665 1577 707 Orellii
1617 666 1774 708 codici-

178 732 271 781 bus,
306 731 476 774 duobus
509 733 617 775 Oxx.
650 735 832 787 restitui,
882 736 997 789 quod
1036 736 1116 777 fuit
1155 736 1246 777 sine
1279 736 1410 778 dubio
1443 737 1574 778 etiam
1606 738 1650 778 in
1680 737 1774 791 ple-

176 803 318 855 risque
351 804 627 856 reliquorum,
676 806 753 847 sed
795 807 963 849 silentio
1005 807 1347 860 praetermissum
1390 810 1475 849 est:
1523 809 1772 850 intellectum

176 880 244 927 est,
283 876 384 930 quid
417 877 639 927 interesset,
679 891 757 930 pro
791 891 876 931 quo
909 878 966 919 ad
996 878 1133 920 nostri
1165 879 1374 920 sermonis
1410 892 1577 920 morem
1609 879 1786 921 substi-v

176 948 317 987 tutum
351 949 443 988 erat
475 947 652 989 intersit.

294 1017 406 1059 Satis
440 1018 602 1060 dictum
636 1032 731 1061 esse
763 1024 881 1073 puto,
922 1023 970 1061 ut
1008 1020 1135 1073 periti
1166 1020 1402 1073 intelligere
1433 1022 1612 1074 possint,
1654 1021 1771 1063 Cati-

175 1087 425 1130 linariarum
457 1103 628 1142 quoque
661 1091 906 1133 orationum
938 1094 1133 1133 nostram
1160 1092 1455 1132 recensionem
1486 1105 1574 1134 non
1605 1095 1769 1135 temere

174 1172 314 1212 neque
346 1161 616 1213 negligentia,
651 1163 728 1203 sed
759 1162 884 1204 firmo
917 1165 960 1203 et
992 1163 1207 1204 constanti
1238 1163 1394 1204 iudicio
1419 1163 1474 1204 ab
1498 1176 1662 1215 eorum,
1696 1164 1769 1217 qui

173 1243 311 1283 nuper
344 1232 519 1273 easdem
553 1234 769 1274 orationes
809 1246 831 1274 e
873 1233 1091 1275 codicibus
1134 1234 1430 1276 emendandas
1472 1236 1769 1288 susceperunt,

171 1303 493 1344 recensionibus
526 1303 772 1357 discrepare
804 1304 1081 1358 maximeque
1112 1307 1251 1346 totam
1291 1305 1443 1347 Klotzii
1480 1305 1693 1347 rationem
1725 1307 1769 1347 et

171 1372 239 1413 hic
287 1375 330 1414 et
375 1373 418 1414 in
457 1374 608 1416 ceteris
649 1375 865 1417 Ciceronis
913 1376 1180 1417 orationibus
1227 1389 1314 1418 non
1362 1376 1577 1418 immerito
1625 1390 1651 1418 a
1697 1389 1768 1418 me

171 1443 450 1486 vehementer
488 1446 739 1498 improbari.
802 1447 953 1499 Itaque
997 1446 1049 1487 de
1094 1447 1271 1500 singulis
1314 1447 1417 1488 locis
1460 1447 1585 1500 plura
1625 1447 1767 1488 dicere

171 1514 322 1557 omitto
362 1529 520 1569 eosque
560 1517 840 1570 prudentium
880 1517 1035 1558 iudicio
1074 1518 1281 1571 relinquo,
1330 1517 1412 1559 nisi
1452 1518 1568 1570 quod
1607 1518 1660 1559 de
1701 1530 1765 1569 eo,

170 1585 242 1638 qui
275 1589 340 1628 est
371 1588 414 1628 in
447 1587 641 1629 oratione
664 1588 718 1628 IV
750 1586 773 1639 ξ
800 1590 849 1629 11
886 1589 1075 1629 breviter
1106 1588 1319 1630 rationem
1350 1588 1619 1629 reddendam
1645 1590 1765 1641 puto.

170 1657 281 1698 Nam
329 1671 462 1710 quum
510 1660 579 1700 hic
626 1659 727 1700 olim
777 1659 996 1700 ederetur:
1044 1660 1128 1699 sive
1175 1658 1316 1699 Silani
1361 1660 1607 1700 sententiam
1652 1659 1768 1714 sequi

171 1729 417 1782 malueritis,
447 1730 577 1782 facile
609 1744 672 1771 me
705 1735 826 1785 atque
858 1742 927 1770 vos
960 1743 987 1770 a
1013 1729 1275 1770 crudelitatis
1298 1730 1600 1783 vituperatione
1623 1729 1766 1783 defen-

169 1798 298 1851 (leti8;
331 1804 451 1855 atque
483 1801 679 1854 obtinebo7
714 1815 806 1842 eam
838 1801 965 1841 multo
998 1801 1195 1841 leniorem
1224 1800 1370 1853 fuisse,
1404 1813 1518 1841 nunc
1551 1813 1573 1841 e
1606 1800 1763 1841 codici-

168 1869 249 1911 bus
289 1871 604 1924 Salisburgensi
649 1874 691 1913 et
735 1872 980 1914 Coloniensi
1023 1871 1225 1925 (quorum
1268 1871 1336 1912 hic
1379 1884 1550 1924 quoque
1592 1871 1764 1912 bonitas

168 1941 430 1994 agnoscitur)
474 1943 614 1983 editur
653 1943 708 1984 ab
742 1943 900 1984 Orellio
944 1945 986 1984 et
1028 1943 1213 1984 Klotzio:
1259 1942 1388 1995 facile
1429 1956 1492 1983 me
1534 1946 1655 1997 atque
1696 1954 1765 1982 vos

167 2011 428 2053 crudelitatis
460 2014 761 2067 ¹vituperatione
784 2014 942 2068 populo
974 2013 1165 2054 Romano
1198 2014 1428 2062 eoesolveti3;
1462 2013 1539 2054 sed
1571 2013 1614 2053 in
1647 2011 1763 2053 codi-

168 2082 288 2124 cibus
327 2085 528 2125 scribitur
565 2087 736 2126 tantum
775 2085 823 2127 P.
857 2085 911 2126 R.
945 2085 1170 2126 exsolvetis.
1232 2085 1324 2125 Iam
1362 2084 1551 2137 primum
1591 2083 1762 2124 dativus

166 2153 235 2194 hic
266 2168 343 2206 pro
377 2167 440 2205 eo,
476 2156 591 2208 quod
624 2159 708 2198 est:
743 2157 859 2210 apud
889 2156 1089 2210 populum
1122 2154 1373 2204 Romanum,
1415 2154 1532 2195 nullo
1566 2153 1762 2206 exemplo

166 2224 358 2276 ponitur;
393 2226 547 2267 deinde
579 2240 666 2268 non
698 2231 920 2269 senatores
952 2226 1212 2268 sententiam
1241 2225 1298 2266 ad
1318 2225 1527 2278 populum
1553 2226 1762 2277 praestare

166 2307 299 2347 seque
332 2298 374 2336 et
406 2298 626 2339 consulem
660 2298 893 2339 defendere
926 2297 1161 2347 debebant,
1194 2296 1272 2337 sed
1304 2296 1452 2337 consul
1486 2298 1529 2337 et
1559 2308 1684 2336 suam
1717 2296 1761 2336 et

165 2365 334 2406 illorum
368 2379 544 2409 causam
577 2368 808 2410 defendere
844 2368 938 2423 (cfr.
973 2369 1108 2409 verba
1141 2367 1385 2420 superiora:
1426 2366 1626 2407 dederitis
1656 2364 1762 2406 mihi

165 2436 349 2476 comitem
368 2437 424 2477 acl
441 2438 698 2492 contionem).
746 2440 885 2481 Recta
902 2439 997 2480 haec
1019 2439 1196 2479 demum
1218 2438 1433 2479 sententia
1455 2438 1555 2478 erit:
1575 2435 1760 2490 populus

166 2506 381 2548 Romanus
404 2507 567 2561 (iudex)
601 2510 787 2552 exsolvet.
840 2510 926 2551 Sed
959 2523 1092 2562 quum
1125 2510 1169 2550 in
1193 2508 1343 2549 litteris
1366 2508 1416 2549 P.
1440 2508 1493 2549 R.
1516 2506 1759 2548 subiectum

165 2579 371 2620 contineri
403 2593 490 2621 non
521 2581 843 2633 intelligeretur,
877 2593 1064 2634 persona
1096 2579 1217 2621 verbi
1251 2579 1307 2620 ad
1338 2578 1563 2631 superiora
1587 2589 1758 2618 accom-

166 2650 342 2691 modata
386 2653 463 2691 est.
536 2651 776 2702 Postremo,
826 2651 941 2704 quod
983 2651 1026 2692 in
1060 2654 1167 2692 orat.
1201 2650 1217 2690 I
1250 2648 1272 2702 ἓ
1306 2650 1358 2690 31
1403 2648 1569 2702 vulgari
1600 2646 1758 2688 mendo

165 2720 410 2762 coniectura
448 2721 620 2763 sublato
660 2722 831 2775 scripsi:
880 2723 917 2763 si
957 2735 1111 2776 aquam
1148 2719 1332 2775 9elidam
1373 2719 1574 2771 biberunt,
1615 2718 1758 2772 primo

166 2791 345 2831 relevari
379 2792 570 2833 videntur
608 2791 699 2846 (ubi
733 2795 827 2834 erat
860 2792 1049 2843 biberint,
1090 2792 1214 2844 quasi
1247 2791 1482 2832 diceretur:
1530 2789 1758 2829 relevatum

166 2862 222 2901 iri
272 2861 493 2915 ridentur),
543 2863 595 2904 de
643 2876 694 2904 ea
741 2876 786 2904 re
835 2863 921 2905 dixi
968 2864 1012 2904 in
1057 2861 1312 2916 praefatione
1350 2860 1468 2901 Laelii
1508 2864 1550 2901 et
1582 2858 1756 2901 Catonis

164 2947 205 2986 p.
239 2933 321 2975 281
357 2947 451 2986 sqq.
483 2935 609 2976 huius
643 2934 744 2975 edit.
778 2936 821 2975 et
853 2935 906 2975 de
938 2934 1153 2987 particula
1193 2946 1319 2988 quum
1359 2931 1416 2973 acl
1454 2930 1546 2972 Fin.
1577 2930 1614 2970 V
1644 2927 1668 2981 ξ
1699 2928 1753 2969 41
