1915 3235
816 101 902 142 335

181 231 220 271 A
251 231 425 284 reliquis
458 231 658 272 omnibus
691 229 896 271 orationis
940 242 1018 282 pro
1061 229 1201 271 Sestio
1247 228 1464 270 codicibus
1508 242 1655 282 segre-

63 302 229 355 gandus
263 303 329 342 est
361 303 404 342 et
434 300 478 341 in
509 314 589 341 sua
621 300 785 342 familia
822 299 1048 353 ponendus
1080 300 1388 352 palimpsestus
1426 300 1496 341 ille
1534 300 1655 341 Vati-

64 385 208 421 canus,
243 385 265 412 e
298 385 382 424 quo
414 371 465 412 A.
499 371 637 412 Maius
669 371 967 412 commentarii
999 370 1164 422 antiqui
1195 371 1239 411 in
1270 371 1383 411 hanc
1415 371 1654 411 orationem

63 445 106 483 et
138 443 243 484 alias
275 442 516 491 nonnullas,
552 442 682 482 etiarn
714 442 1004 490 Vatinianam,
1037 443 1183 493 partes
1217 440 1364 489 edidit,
1398 441 1554 493 quibus
1583 441 1655 482 hic

61 513 145 554 illic
177 512 509 565 interponuntur
540 512 674 565 ipsius
702 512 917 553 Ciceronis
949 511 1096 552 verba.
1145 511 1183 552 Is
1217 513 1259 552 et
1290 513 1506 552 Vetustate
1539 513 1655 553 cete-

61 597 130 624 ros
163 584 342 636 superat
375 584 417 623 et
447 582 704 635 integritate,
750 584 798 622 ut
836 582 907 634 qui
947 582 1061 623 solus
1095 582 1258 634 aliquot
1288 582 1391 623 locis
1424 582 1654 624 manifesto

62 667 209 694 veram
237 653 493 705 scripturam
519 653 694 703 habeat,
728 666 874 705 quam,
906 653 950 693 in
976 653 1128 693 ceteris
1153 653 1460 702 oblitteratam,
1493 653 1652 705 partim

61 724 139 764 viri
173 723 286 765 docti
319 724 566 764 coniectura
597 727 891 776 reppererant,
940 723 1099 775 partim
1142 736 1228 764 non
1259 725 1492 776 potuerant
1523 724 1655 765 attin-

60 807 172 847 gere,
207 794 324 848 velut
357 807 391 834 c.
425 794 465 843 5,
502 795 555 834 12
588 792 792 847 (fortasse
823 807 901 846 pro
931 793 1142 846 fortassis,
1177 793 1293 846 quod
1325 794 1653 836 Ciceronianum

60 878 146 906 non
179 877 286 914 esse,
321 867 436 905 recte
468 865 655 906 ostendit
687 864 876 905 Klotzius
909 863 953 904 in
984 863 1121 904 Iahnii
1153 864 1324 905 Annall.
1356 865 1507 906 Philol.
1541 865 1654 918 Sup-

60 935 263 988 plement.
296 935 379 976 vol.
412 935 448 975 II
479 949 521 987 p.
555 933 642 986 64),
687 934 725 985 7,
773 935 824 975 16
859 933 1068 988 (putabat,
1112 939 1159 975 ut
1198 935 1364 976 Ernest.
1398 937 1652 986 coniecerat,

59 1019 138 1058 pro
163 1004 368 1059 putaret),
410 1006 448 1055 8,
501 1006 552 1046 18
596 1004 640 1058 (α
679 1005 837 1060 quibus,
886 1008 935 1046 ut
966 1006 1206 1046 coniecerat
1239 1006 1526 1056 Hotomanus,
1575 1020 1653 1060 pro

61 1075 211 1132 atque),
256 1077 321 1126 13,
363 1077 418 1118 3Ο
451 1075 568 1128 (socii
600 1081 636 1117 et
668 1075 828 1125 Latini,
869 1076 985 1128 quod
1025 1089 1101 1129 ego
1134 1077 1409 1118 scribendum
1443 1077 1651 1128 dixeram,

59 1161 136 1200 pro
175 1148 276 1188 socii
314 1146 493 1200 Latini),
540 1147 606 1196 19,
650 1147 706 1187 43
747 1146 936 1201 (quidam
974 1160 1053 1199 pro
1086 1146 1282 1201 quidem),
1326 1147 1395 1198 57,
1445 1148 1527 1188 122
1559 1146 1654 1200 (im-

60 1232 201 1259 munes
233 1232 310 1270 pro
345 1216 521 1270 inanes),
555 1218 743 1259 maxime
775 1230 877 1257 vero
912 1230 946 1257 c.
965 1217 1004 1266 3,
1039 1218 1078 1266 8,
1111 1218 1186 1258 ubi
1219 1218 1371 1259 verba:
1406 1218 1453 1259 P.
1482 1218 1651 1271 Sestius,

59 1303 150 1329 cum
183 1294 282 1338 esset¹
313 1303 404 1329 cum
437 1289 590 1343 colleya
624 1302 722 1341 meo,
756 1289 929 1328 senserit
960 1288 1003 1328 in
1034 1288 1207 1341 reliquis
1241 1289 1363 1330 codd.
1390 1289 1651 1330 exciderant,

58 1360 169 1401 Nam
203 1360 352 1401 addita
384 1360 427 1400 in
458 1360 667 1400 Vaticano
700 1359 841 1400 aliena
873 1372 1006 1399 manu
1040 1372 1132 1400 esse
1164 1372 1251 1400 non
1282 1362 1477 1412 possunt,
1520 1373 1652 1413 quum

58 1431 175 1472 nulla
214 1444 389 1483 prorsus
438 1430 626 1471 addendi
673 1443 805 1471 causa
851 1429 953 1482 fingi
1000 1432 1143 1482 queat.
1206 1430 1356 1483 Itaque
1402 1431 1470 1471 hic
1519 1431 1654 1472 codex

60 1502 330 1542 consentiens
364 1514 461 1541 cum
494 1501 740 1541 testimonio
772 1500 1035 1553 reliquorum
1060 1501 1233 1542 aliunde
1256 1502 1464 1554 originem
1491 1502 1651 1542 ducen-

58 1572 165 1612 tium
199 1570 317 1624 (nam
350 1572 394 1612 in
426 1584 475 1612 eo
508 1573 679 1612 tantum
711 1571 971 1612 scholiorum
1005 1571 1212 1613 lemmata
1252 1570 1391 1624 erant)
1432 1585 1649 1613 summam

58 1643 203 1692 habet,
238 1644 280 1683 et
313 1656 337 1683 a
370 1655 455 1694 qua
488 1643 558 1682 vix
590 1642 811 1683 discedere
844 1642 982 1691 liceat,
1018 1644 1333 1683 auctoritatem.
1390 1642 1650 1695 Quanquam

59 1713 267 1754 affirmari
298 1714 460 1765 nequit,
509 1726 587 1753 nec
627 1726 729 1754 casu
762 1712 924 1753 facturn
959 1725 1151 1764 unquam
1185 1726 1292 1762 esse,
1341 1716 1389 1754 ut
1420 1714 1650 1766 utrobique

59 1783 207 1824 similis
241 1784 424 1824 oriretur
457 1796 587 1831 error,
636 1797 715 1824 nec
760 1783 802 1823 in
834 1784 1074 1835 antiquiore
1108 1786 1150 1823 et
1182 1785 1399 1825 communi
1432 1785 1549 1825 fonte
1583 1797 1650 1825 er-

57 1867 199 1895 rorem
232 1854 442 1895 inhaerere
475 1855 680 1907 potuisse.
728 1854 776 1894 In
807 1854 889 1894 hac
922 1856 1036 1894 certe
1070 1854 1263 1895 oratione
1296 1855 1413 1896 nulla
1446 1859 1510 1896 est
1537 1856 1650 1896 eius-

58 1926 174 1966 modi
214 1925 466 1977 suspicionis
507 1938 652 1965 causa.
715 1924 753 1964 A
802 1924 952 1965 ceteris
1001 1926 1146 1964 autem
1195 1925 1419 1966 discedens
1460 1928 1503 1966 et
1540 1939 1651 1966 unus

58 1996 131 2036 uni
163 1994 228 2047 (ut
260 1996 406 2036 statim
439 1993 684 2048 apparebit)
714 1995 976 2047 reliquorum
1000 1995 1246 2036 testimonio
1271 1996 1494 2048 oppositus
1518 1996 1651 2037 habet

59 2066 219 2118 aliquid
250 2066 455 2118 praecipui
489 2079 540 2106 ex
573 2066 842 2117 antiquitate,
877 2079 1009 2117 quum
1044 2068 1086 2105 et
1119 2066 1290 2106 errandi
1314 2068 1482 2108 occasio
1507 2067 1648 2108 multi-

57 2137 216 2189 plicata
259 2137 313 2177 sit
360 2136 535 2189 singulis
582 2136 987 2188 transcriptionibus
1047 2138 1090 2176 et
1146 2136 1363 2177 interdum
1412 2137 1650 2190 corrigendi

58 2207 249 2248 studium
282 2207 531 2255 accesserit;
581 2206 657 2247 sed
699 2208 848 2247 tamen
886 2206 995 2247 ratio
1034 2208 1141 2257 tum,
1189 2221 1276 2248 non
1309 2209 1543 2249 auctoritas
1577 2221 1650 2249 ex-

58 2277 266 2330 quirenda
300 2279 392 2327 erit,
441 2278 476 2318 si
514 2277 643 2318 modo
684 2277 960 2329 perspicuum
1007 2277 1088 2318 erit
1119 2278 1224 2318 illud
1257 2280 1497 2320 ceterorum
1530 2280 1650 2319 testi-

57 2349 249 2390 monium
295 2362 376 2389 nec
422 2350 564 2401 ipsum
613 2348 862 2400 discrepans
911 2350 986 2388 aut
1017 2348 1284 2400 perplexum.
1347 2349 1497 2402 Neque
1537 2349 1650 2390 enim

58 2420 229 2460 errandi
260 2420 451 2472 periculo
485 2422 710 2471 exemptus
743 2419 812 2459 ille
845 2418 1045 2460 librarius
1079 2422 1173 2461 erat
1212 2422 1287 2461 aut
1325 2421 1373 2470 is,
1424 2421 1543 2461 cuius
1582 2420 1651 2460 hic

58 2490 246 2531 codicem
280 2495 452 2531 secutus
486 2492 563 2530 est,
627 2488 730 2542 (Cfr.
765 2489 924 2541 disput.
965 2489 1018 2530 de
1051 2492 1158 2531 orat.
1188 2490 1293 2532 Cael.
1327 2504 1369 2543 p.
1402 2490 1502 2531 402.
1565 2490 1650 2530 Ita-

58 2573 139 2613 que
183 2563 297 2602 recte
341 2560 524 2602 Orellius
569 2560 624 2601 ad
665 2573 699 2600 c.
734 2559 803 2607 23,
844 2558 899 2600 52
946 2560 1151 2601 iudicavit
1198 2562 1250 2602 de
1299 2561 1390 2602 eius
1437 2562 1651 2613 scriptura

57 2631 239 2681 sedendi,
273 2631 316 2671 in
344 2643 476 2683 quam
499 2630 692 2671 Graevius
726 2630 971 2672 coniectura
1002 2630 1243 2684 inciderat.)
1291 2632 1376 2673 Sed
1409 2634 1475 2673 est
1506 2631 1652 2683 aliqua

57 2700 100 2741 in
131 2701 197 2742 his
231 2701 483 2754 fragmentis
524 2701 773 2742 adhibenda
813 2701 968 2742 cautio.
1030 2702 1143 2743 Nam
1182 2716 1316 2755 quum
1356 2702 1490 2743 verba
1530 2702 1650 2742 Cice-

56 2772 171 2812 ronis
203 2772 493 2813 annotationis
525 2774 696 2812 tanturn
729 2771 1028 2812 adscribendae
1054 2785 1185 2814 causa
1208 2775 1484 2826 ponerentur,
1518 2772 1650 2812 libra-

57 2841 144 2883 rius
177 2842 393 2883 interdum
427 2845 469 2883 et
501 2843 643 2884 omisit
675 2842 889 2883 vocabula
929 2842 1104 2896 aliquot,
1154 2843 1310 2895 quibus
1348 2842 1649 2896 praetermissis

57 2912 222 2965 integra
267 2915 418 2954 tamen
466 2926 517 2954 ea
565 2915 781 2954 constaret
828 2913 1059 2954 verborum
1108 2914 1366 2967 complexio,
1416 2913 1472 2954 ad
1519 2926 1649 2966 quam

1671 2079 1722 2101 414
