1915 3235
141 1322 174 1347 15

945 119 1030 160 418

191 247 420 297 videbitur,
465 259 552 288 non
585 248 814 300 attingam3
863 261 914 288 ea
946 261 1195 301 persequar,
1245 261 1342 301 quae
1373 249 1552 291 meliora
1584 249 1676 291 fieri
1708 263 1788 303 po-

192 320 349 368 terunt,
391 330 522 370 quan]
554 317 598 358 in
630 318 816 359 editione
849 317 1068 360 Orelliana
1099 321 1213 360 sunt.
1276 319 1419 372 Atque
1452 319 1540 361 iam
1572 321 1616 362 in
1646 321 1788 373 primo

194 389 333 441 capite
366 388 552 441 graviter
584 389 868 442 interpolatus
901 392 966 430 est
1003 390 1038 430 is
1076 390 1208 440 locus,
1256 390 1331 431 ubi
1365 390 1512 431 Cicero
1545 390 1788 433 Stoicorum

192 459 413 512 paradoxo
446 459 592 510 utitur,
641 462 689 501 ut
725 460 983 513 Pompeium
1021 463 1198 514 propter
1238 460 1377 502 omnis
1410 461 1580 503 virtutis
1612 475 1786 515 posses-

193 531 357 571 sionem
392 529 523 571 etiam
562 533 779 572 oratorem
818 532 910 572 sine
952 531 1156 585 singulari
1201 531 1291 573 eius
1334 532 1438 573 artis
1483 532 1789 574 exercitatione

194 614 243 642 ac
276 601 417 642 studio
450 600 613 642 factum
646 601 774 643 dicat.
837 602 1007 643 Editur:
1056 608 1100 643 ut
1138 603 1243 643 mihi
1284 604 1373 643 iam
1416 617 1555 644 cerum
1595 603 1791 644 videatur

194 672 300 713 illud
332 685 427 724 esse,
461 672 569 726 (stood
601 673 803 726 nonnulli,
837 673 987 714 litteris
1019 687 1067 713 ac
1091 674 1243 715 studiis
1265 673 1465 714 (loom-ime
1491 673 1634 726 dediti,
1669 674 1791 729 quasi

193 743 397 805 quiddam
437 743 678 784 incredibile
716 744 853 785 dicere
882 744 1162 798 putabantur,
1211 758 1314 798 enm,
1363 746 1434 800 qui
1473 758 1611 785 omnes
1650 745 1791 786 animo

196 815 364 855 virtutes
387 815 558 868 penitus
590 814 973 868 comprehendisset,
1007 817 1161 869 omnia,
1202 830 1293 871 quse
1322 816 1466 869 face-re
1501 816 1626 868 vellet,
1666 815 1791 869 facil-

193 887 288 927 lime
321 891 517 927 tractare.
566 885 652 927 Sed
685 885 853 927 codices
885 899 972 928 non
1004 887 1251 940 interpolati
1275 886 1379 940 (PE)
1401 900 1480 940 pro
1514 901 1605 927 eum
1626 886 1792 928 habent

193 959 230 998 ei
269 957 320 1010 (P
359 959 396 998 ei
435 956 560 1012 quoi),
610 957 764 998 deinde
807 958 961 1007 omnia,
1011 971 1101 1012 qna?
1145 956 1195 1011 (E
1239 957 1330 1013 qne)
1372 958 1543 1011 faceret,
1593 962 1790 999 tractare.

194 1028 377 1081 [Eadem
410 1028 664 1077 Beruenses,
699 1028 776 1069 sed
809 1029 858 1081 ei,
893 1042 983 1083 qno.
1035 1027 1183 1081 1842]
1246 1029 1443 1082 Apparet
1470 1029 1684 1080 dativum,
1719 1030 1792 1082 qui

194 1100 407 1141 tenendus
440 1102 541 1141 ante
571 1100 719 1141 omnia
753 1102 830 1149 est,
878 1099 921 1140 in
961 1101 1256 1141 accusativum
1289 1102 1505 1141 mutatum
1540 1114 1649 1151 esse,
1698 1103 1791 1142 tum

195 1184 366 1212 summa
398 1171 569 1212 licentia
609 1171 758 1211 addita
796 1170 1016 1221 nonnulla,
1065 1173 1113 1211 ut
1160 1173 1410 1224 corruptum
1457 1171 1563 1213 illud
1609 1176 1794 1213 tractare

194 1243 454 1284 sententiam
501 1242 697 1283 haberet.
769 1241 896 1282 Vellet
941 1254 994 1282 ne
1042 1242 1085 1282 in
1118 1241 1255 1283 Guelf.
1297 1242 1472 1295 quidem
1521 1245 1599 1292 est,
1648 1244 1791 1284 ortum

193 1316 300 1363 tum,
335 1327 481 1367 quum,
517 1313 712 1354 detracta
744 1312 900 1363 littera,
932 1312 1075 1365 faeere
1107 1313 1312 1366 scripturn
1339 1315 1467 1354 esset.
1483 1310 1517 1366 ¹)
1566 1313 1794 1355 Sententia

195 1387 399 1438 apparet3
439 1385 574 1425 verba
611 1383 868 1436 reperienda
900 1385 1000 1424 sunt
1033 1385 1136 1436 apta
1169 1384 1225 1424 ad
1258 1383 1428 1425 facilem
1461 1385 1601 1426 omnis
1633 1384 1792 1438 negotii

196 1458 237 1496 et
270 1455 373 1496 artis
406 1455 710 1497 tractationem
743 1454 1083 1508 significandam,
1117 1457 1210 1495 tum
1244 1468 1340 1508 quae
1374 1455 1519 1497 dativo
1551 1455 1610 1496 illi
1637 1468 1792 1497 conve-

194 1527 335 1575 niant,
384 1527 529 1579 itaque
563 1529 604 1567 et
635 1530 820 1567 tractare
852 1527 894 1566 et
932 1538 1059 1566 omne
1091 1526 1286 1575 verbum,
1337 1526 1451 1579 quod
1484 1526 1540 1567 ad
1571 1527 1792 1568 hominem

194 1598 420 1648 referatur,
465 1597 718 1638 excluditur.
781 1596 1074 1649 Relinquitur:
1125 1597 1174 1650 ei,
1216 1598 1288 1652 qni
1319 1619 1374 1625 —
1407 1597 1792 1651 comprehendisset,

195 1670 349 1722 omnia,
398 1683 488 1723 quse
528 1668 701 1722 faceret,
751 1673 854 1708 recte
896 1681 937 1708 se
979 1667 1096 1708 dare.
1161 1667 1365 1709 Confusio
1409 1668 1587 1721 syllabae
1629 1668 1794 1709 ultimae

194 1740 310 1781 vocis
340 1740 499 1792 faceret
532 1742 574 1781 et
605 1739 755 1792 primae
788 1738 971 1791 proximi
1003 1739 1202 1780 vocabuli
1226 1739 1367 1780 locum
1395 1739 1663 1792 depravavit.
1711 1739 1795 1780 Res

195 1825 235 1852 se
268 1811 372 1852 (lare
405 1811 572 1860 dicitur,
606 1811 648 1851 id
682 1812 759 1860 est,
798 1810 1045 1862 procedere,
1087 1809 1331 1860 succedere,
1373 1812 1575 1851 eventurn
1609 1810 1793 1859 habere3

196 1882 470 1935 appellantur
502 1883 546 1923 in
577 1882 723 1922 lexicis
758 1881 932 1922 Terent.
966 1881 1072 1922 Hec.
1106 1881 1173 1931 III,
1208 1880 1247 1930 3,
1282 1881 1350 1929 ΞΟ,
1392 1883 1523 1934 poeta
1555 1881 1674 1934 apud
1707 1878 1792 1923 Cic.

196 1953 248 1994 de
281 1953 332 1994 N.
366 1953 414 1994 D.
448 1953 515 2003 ΠΙ,
551 1953 619 2003 26,
654 1952 739 1993 Cic.
774 1952 829 1992 ad
861 1952 991 1993 Attic.
1024 1952 1092 2002 ΙΙΙ,
1126 1952 1181 1992 23
1216 1954 1322 1992 extr.
1385 1952 1519 1993 Addit
1552 1952 1793 1994 Gronovius

197 2025 252 2066 ad
285 2024 451 2065 Livium
484 2024 669 2073 XXVIII,
711 2023 738 2064 5
771 2023 920 2064 Senec.
954 2022 1088 2076 Epist.
1123 2023 1176 2063 79
1219 2021 1424 2075 (omnibus
1456 2028 1668 2076 prceterea
1697 2023 1793 2076 feli-

197 2096 297 2136 citer
329 2095 395 2135 laic
427 2096 537 2136 locus
568 2109 610 2136 se
642 2092 772 2147 dedit)
807 2096 849 2135 et
881 2094 994 2146 Virg.
1029 2093 1181 2147 Georg.
1215 2093 1244 2143 Ι,
1279 2093 1378 2135 287.

314 2165 450 2207 Paulo
492 2168 590 2218 post
622 2164 644 2218 ἓ
678 2166 717 2215 5,
767 2165 882 2219 quod
930 2165 1053 2206 codd.
1103 2167 1145 2205 et
1191 2177 1244 2205 ex
1290 2164 1340 2205 iis
1388 2164 1484 2205 edd.
1533 2164 1793 2206 recentiores

197 2235 382 2277 habent:
422 2236 595 2291 digsnmn
629 2238 691 2277 rel
732 2236 905 2286 videtur,
946 2249 1031 2277 non
1071 2235 1210 2277 solum
1242 2235 1339 2276 ideo
1372 2235 1620 2288 improbare
1653 2248 1792 2288 cogor,

198 2307 313 2359 quod
352 2307 517 2348 nullum
556 2309 621 2349 est
663 2307 780 2348 aliud
823 2307 1069 2360 exemplum
1114 2307 1204 2347 eius
1249 2309 1477 2348 structurae
1519 2319 1544 2347 a
1589 2306 1793 2348 Cicerone

197 2380 431 2430 usurpatae,
466 2378 542 2419 sed
576 2379 703 2431 quod,
738 2378 841 2431 quid
872 2391 945 2419 reo
979 2378 1154 2431 dignum
1188 2379 1314 2426 esset,
1350 2377 1680 2419 commemorari
1711 2378 1793 2419 hoc

198 2448 290 2489 loco
322 2461 409 2489 non
441 2449 593 2501 potuit.
656 2449 767 2490 Nam
802 2451 843 2489 et
874 2449 1061 2502 incipere
1095 2462 1121 2490 a
1157 2448 1506 2501 splendidissimo
1540 2449 1669 2490 debet
1700 2448 1794 2490 haec

199 2519 466 2560 enumeratio
506 2517 716 2572 (sequitur
757 2519 952 2573 Pompeii
998 2519 1360 2572 praestantissiina
1408 2519 1554 2572 gloria,
1603 2519 1792 2560 iudicum

198 2589 401 2639 officium,
434 2589 529 2642 ipsa
562 2590 724 2643 causa),
758 2604 837 2632 nec
869 2590 1045 2643 dignum
1078 2589 1214 2631 Balbo
1248 2589 1330 2630 dici
1362 2589 1448 2631 ullo
1482 2590 1610 2632 modo
1634 2592 1791 2643 potest,

198 2661 341 2700 ratum
374 2660 538 2711 haberi,
588 2662 704 2713 quod
741 2661 972 2714 Pompeius
1011 2660 1172 2702 fecerit.
1234 2660 1304 2700 Ad
1343 2661 1483 2713 ipsam
1515 2661 1576 2702 rei
1608 2661 1793 2714 publicae

200 2730 453 2783 dignitatem
485 2733 725 2783 spectabat,
775 2733 865 2773 eius
899 2732 1013 2781 civis,
1064 2732 1130 2772 cui
1169 2732 1339 2772 tantum
1381 2744 1432 2772 ea
1465 2734 1505 2772 et
1540 2731 1719 2773 deberet
1751 2734 1794 2773 et

203 2893 229 2935 1)
292 2895 476 2933 Gruterus,
515 2895 610 2939 quod
644 2894 849 2938 speciminis
882 2895 959 2929 loco
992 2896 1036 2929 de
1070 2898 1146 2929 tota
1173 2895 1335 2929 oratione
1362 2905 1439 2929 esse
1465 2898 1593 2939 potest,
1633 2894 1722 2928 nihil
1748 2894 1792 2928 de

319 2954 391 2987 suis
420 2952 572 2995 codd.(S.
600 2953 701 2995 Viet„
728 2954 801 2987 Pal.
830 2954 860 2995 9,
888 2954 976 2995 Erf.)
1002 2954 1100 2988 dixit.
