1915 3235
111 1039 160 1065 178

949 120 1030 161 144

190 260 303 288 nunc
335 248 465 289 etiam
497 249 719 291 molestius
752 251 796 290 in.
827 250 992 302 aliquot
1023 249 1126 290 locis
1161 251 1238 299 est,
1272 255 1370 302 post
1393 252 1564 292 tantum
1590 252 1785 294 codicum

190 330 417 359 numerum
450 332 588 372 nuper
619 320 823 361 collatum
854 322 1003 361 tamen
1036 333 1114 361 nos
1148 320 1240 372 cogi
1274 333 1326 361 ex
1357 321 1560 362 tenuibus
1583 323 1709 363 unius
1743 326 1786 364 et

189 388 364 430 alterius
406 390 593 443 vestigiis
633 390 686 431 de
725 390 926 432 omnibus
966 390 1158 431 iudicare
1207 395 1283 431 aut
1330 404 1477 432 rursus
1525 405 1611 434 non
1657 406 1785 446 posse

188 459 452 511 suspiciones
485 473 536 501 ex
574 474 661 502 una
702 464 745 503 et
781 461 918 502 altera
958 461 1249 514 discrepantia
1288 464 1405 503 ortas
1453 462 1557 504 satis
1604 463 1784 505 firmiter

187 529 450 582 reliquorum
483 543 696 573 consensu
727 532 937 573 refellere.
1001 532 1064 572 Ac
1108 531 1277 573 codices
1322 533 1498 585 quidem
1540 547 1627 575 non
1670 534 1783 575 eius-

187 599 285 641 dem
318 600 361 641 in
393 602 593 643 omnibus
626 602 892 644 orationibus
931 602 1138 644 bonitatis
1183 603 1400 653 adhibuit;
1451 604 1566 645 velut
1607 604 1650 645 in
1692 605 1782 646 Ro-

185 671 331 713 sciana
378 672 680 714 confirmatum
728 676 806 723 est,
855 673 971 726 quod
1019 673 1226 723 dixeram,
1276 687 1425 715 omnes
1469 675 1572 725 eius,
1621 676 1694 728 qui
1739 675 1784 717 in

183 741 452 783 bibliothecis
485 743 612 796 vulgo
643 744 923 795 haberentur,
973 744 1142 786 codices
1180 747 1377 786 recentes
1411 758 1506 787 esse
1540 748 1582 786 et
1615 747 1782 799 exiguae

184 812 450 854 auctoritatis
482 827 562 855 nec
594 815 826 868 quicquam
859 828 1123 869 magnopere
1163 827 1216 855 ex
1253 815 1303 856 iis
1337 815 1482 856 auxilii
1514 817 1781 869 sperandum

183 895 276 924 esse
309 883 353 924 in
384 884 486 926 locis
519 885 692 938 gravius
726 885 1040 927 laborantibus.
1091 885 1178 927 Sed
1210 888 1359 927 tamen
1391 887 1575 928 duorum
1607 887 1780 930 illorum

182 953 398 1005 codicum,
449 955 521 1007 qui
560 956 713 997 ceteris
752 957 882 1009 paulo
921 959 1153 1009 praestant,
1201 957 1338 998 Paris.
1378 970 1467 1010 reg.
1506 971 1548 999 n.
1582 958 1696 999 6369
1737 961 1780 1000 et

181 1025 308 1077 7777,
350 1030 552 1068 accurate
582 1030 756 1069 notatas
789 1027 952 1068 habere
985 1027 1221 1080 scripturas
1254 1028 1357 1069 utile
1391 1031 1516 1079 esset,
1558 1042 1692 1082 quum
1723 1043 1778 1071 ne

180 1110 290 1138 unus
324 1098 499 1150 quidem
532 1099 574 1139 in
607 1098 689 1140 hac
721 1098 914 1140 oratione
947 1098 1173 1151 diligenter
1215 1099 1395 1140 collatus
1439 1099 1494 1140 ab
1537 1100 1630 1141 aliis
1663 1101 1731 1142 sit.
1745 1097 1778 1154 1)

179 1168 266 1221 Ego
298 1169 381 1211 hoc
412 1170 505 1212 loco
534 1169 749 1212 delectum
773 1183 936 1219 eorum,
971 1169 1024 1210 de
1048 1169 1204 1222 quibus
1231 1169 1386 1219 dicam,
1420 1170 1480 1211 sic
1503 1171 1777 1222 moderabor,

178 1241 237 1289 ut,
287 1240 321 1281 si
361 1241 477 1293 quid,
526 1241 642 1295 quod
675 1254 753 1294 ego
786 1253 1075 1291 correxeram,
1124 1241 1192 1281 vel
1225 1240 1488 1294 disputando
1520 1241 1588 1282 vel
1620 1242 1777 1284 saltem

178 1312 483 1353 auctoritatum
518 1312 884 1354 demonstratione
918 1325 944 1353 a
977 1311 1253 1353 Steinmetzio
1283 1311 1586 1353 confirmatum
1619 1315 1698 1363 est,
1733 1313 1777 1354 id

272 1489 396 1530 spoliis
437 1489 538 1523 Sem
573 1490 696 1523 Roscii
727 1490 790 1524 hoc
824 1487 968 1530 iudicio)
1009 1488 1208 1533 disputans,
1247 1500 1320 1523 non
1358 1487 1557 1530 annotavit,
1597 1489 1695 1532 quod
1733 1499 1777 1523 ex

273 1546 415 1582 Gruteri
441 1548 676 1582 annotatione
702 1548 847 1589 scimus,
874 1548 1015 1582 codices
1041 1548 1209 1582 omittere
1235 1559 1369 1582 nomen
1394 1549 1520 1582 Roscii
1538 1546 1597 1589 (ex
1625 1558 1696 1591 quo
1723 1547 1775 1590 fit,

272 1607 368 1650 quod
396 1618 459 1650 ego
486 1607 597 1641 edidi:
624 1609 749 1651 spolils
774 1619 817 1641 esc
842 1609 905 1642 hoe
933 1606 1089 1649 laodicio).
1135 1608 1170 1642 C.
1189 1606 1246 1648 40,
1274 1606 1342 1640 118
1368 1606 1457 1641 nihil
1484 1605 1570 1640 dicit
1595 1607 1639 1641 de
1661 1617 1775 1651 prava

271 1665 449 1709 scriptura
481 1679 504 1700 (ι
527 1668 729 1710 stadiumve
759 1669 953 1707 recessisse,
992 1678 1058 1711 pro
1091 1678 1163 1710 qua
1196 1666 1330 1701 scimus
1363 1664 1421 1709 (ex
1453 1665 1553 1707 Pau,
1593 1666 1643 1700 St.
1671 1665 1773 1707 Vict„

270 1723 358 1758 Oxx.
386 1724 569 1768 omnibus)
602 1726 638 1760 in
665 1725 834 1760 omnihus
861 1726 1043 1760 codicibus
1069 1736 1147 1760 esse
1173 1738 1195 1760 α
1219 1727 1420 1769 qlaclicctore
1446 1727 1589 1759 cessisse
1614 1723 1674 1767 (ex
1702 1736 1774 1769 quo

268 1783 320 1825 fit,
346 1788 386 1818 ut
413 1784 519 1826 edidi,
546 1797 568 1819 α
591 1787 713 1829 9ῑαᾶἱο
738 1784 947 1822 recessisse).
994 1785 1035 1818 In
1061 1795 1135 1818 una
1160 1786 1318 1819 sectione
1345 1788 1433 1819 orat.
1460 1785 1475 1818 I
1501 1784 1538 1818 in
1565 1785 1640 1819 Cat.
1668 1784 1700 1827 8,
1729 1784 1774 1818 19

269 1846 341 1877 tres
366 1843 573 1879 verissimas
599 1845 795 1889 scripturas
828 1844 976 1878 omnino
1009 1855 1082 1877 non
1115 1844 1425 1885 commemoravit,
1463 1845 1558 1887 quod
1587 1855 1653 1888 pro
1685 1845 1774 1888 quid

269 1904 362 1945 quod
388 1902 516 1944 (altero
542 1903 637 1945 loco)
663 1907 698 1938 et
724 1905 772 1937 acl
797 1904 859 1937 Μ’.
887 1905 1065 1946 Lepidum
1089 1914 1154 1947 pro
1181 1905 1280 1947 apud
1305 1904 1365 1936 Μ’.
1394 1904 1571 1946 Lepidum
1597 1906 1632 1937 et
1657 1905 1696 1937 id
1719 1914 1771 1937 re-

268 1964 392 2005 sponsi
416 1974 480 2006 pro
509 1964 544 1996 id
569 1973 791 2006 responsum,
831 1973 874 1996 ex
907 1962 1039 2006 quibus
1070 1961 1226 2006 primam
1260 1966 1295 1996 et
1328 1961 1473 1996 tertiam
1506 1965 1602 1996 certe
1634 1962 1671 1996 in
1697 1962 1772 1997 suis

269 2021 450 2055 codicibus
477 2021 640 2056 invenire
672 2024 831 2065 poterat;
870 2032 956 2055 nam
989 2021 1142 2055 alteram
1175 2032 1194 2055 e
1226 2021 1547 2065 grammaticorum
1578 2021 1679 2056 libris
1713 2021 1771 2056 de-

267 2079 439 2124 prompsi.
497 2080 657 2114 Summae
689 2084 725 2114 et
756 2091 799 2114 ex
831 2091 962 2124 magno
995 2072 1160 2114 codicum
1194 2091 1346 2114 numero
1379 2083 1474 2114 notae
1509 2080 1770 2125 discrepantiae,
1803 2090 1807 2092 ’

268 2149 340 2182 qua
364 2139 495 2173 lacuna
520 2138 804 2182 deprehenditur
830 2150 895 2183 pro
921 2139 991 2173 Mil.
1019 2138 1075 2180 37,
1104 2138 1181 2180 102,
1210 2150 1255 2173 ne
1280 2139 1392 2173 verbo
1419 2139 1567 2183 quidem
1588 2139 1767 2175 meminit.

266 2197 412 2231 Infinita
436 2201 522 2232 sunt
548 2198 710 2232 eiusdem
736 2198 877 2242 generis
903 2198 983 2232 alia.

209 2254 239 2297 1)
264 2256 345 2290 Una
371 2261 424 2291 est
449 2268 493 2291 ex
518 2256 588 2291 illis
615 2257 798 2292 codicibus
825 2258 861 2292 in
888 2269 931 2292 ea
956 2257 1119 2292 oratione
1150 2260 1335 2301 protracta
1365 2256 1556 2301 singularis
1588 2257 1770 2302 scriptura

267 2327 294 2350 c.
323 2315 378 2357 12,
404 2315 466 2350 33;
505 2328 584 2360 quce
608 2315 722 2358 (mors
749 2315 931 2360 Scaevolae)
958 2322 1098 2351 tantum
1117 2318 1248 2360 potuit,
1281 2321 1320 2350 ut
1345 2327 1464 2350 omnes
1490 2318 1625 2351 occisus
1643 2318 1770 2360 perdi-

266 2376 357 2408 derit
395 2380 426 2408 et
463 2376 637 2418 affliaeerit
680 2386 745 2419 pro
784 2376 947 2420 vulgato:
994 2381 1033 2409 ut
1075 2387 1194 2410 omnes
1238 2377 1327 2409 cives
1370 2386 1454 2409 suos
1490 2377 1694 2419 perdiderit
1738 2381 1770 2410 et

266 2435 450 2477 afflixerit.
508 2434 720 2478 Corruptela
751 2434 979 2469 manifestior
1010 2435 1051 2468 fit
1082 2435 1191 2478 paulo
1224 2446 1251 2468 c.
1279 2433 1343 2475 23,
1377 2433 1432 2468 64.
1491 2434 1638 2468 Frustra
1671 2433 1768 2468 Orel-

265 2492 334 2526 lius
371 2492 575 2533 (Scholiast.
609 2493 678 2527 Cic.
711 2494 743 2527 II
775 2505 809 2537 p.
836 2492 922 2535 427)
959 2484 1273 2538 corruptissimum
1310 2492 1452 2534 locum,
1491 2493 1553 2537 qui
1591 2497 1646 2528 est
1677 2504 1706 2528 c.
1734 2493 1766 2535 5,

265 2550 321 2591 11,
347 2551 556 2586 restitutum
581 2564 679 2586 nunc
704 2556 820 2597 putat,
846 2552 909 2586 ubi
935 2563 980 2587 ne
1007 2552 1144 2596 species
1170 2552 1318 2596 quidem
1343 2552 1533 2585 sententiae
1560 2555 1624 2586 est.
1671 2551 1767 2595 Quid

265 2614 319 2644 est
345 2610 442 2644 enim
468 2613 650 2654 maleficiis
675 2617 706 2646 et
738 2614 914 2655 sanquine
945 2613 1178 2646 dimissorum
1209 2609 1259 2653 (id
1292 2614 1355 2652 est,
1394 2614 1435 2644 ut
1467 2610 1764 2655 interpretantur,

258 2675 411 2713 propter
444 2669 628 2713 maleficia)
663 2672 744 2714 fieri
775 2670 1027 2715 quceste'onem?
1070 2671 1144 2704 Aut
1181 2670 1332 2714 quinam
1363 2669 1413 2703 illi
1446 2669 1584 2703 dimissi
1616 2672 1652 2703 et
1685 2669 1766 2713 quis

265 2739 391 2763 eorum
424 2729 593 2773 sanguis?
631 2730 666 2764 C.
693 2729 750 2771 46,
789 2729 857 2762 133
883 2741 966 2764 cum
992 2730 1069 2764 cod.
1103 2729 1136 2763 S.
1163 2729 1253 2763 Vict.
1280 2728 1501 2762 Parisienses
1532 2727 1583 2761 illi
1615 2727 1766 2772 vestigia

264 2787 394 2822 veteris
433 2788 618 2832 scripturae
655 2789 785 2822 melius
830 2792 1154 2830 conservaverunt,
1200 2799 1244 2822 ex
1287 2788 1419 2832 quihus
1463 2786 1622 2831 vestigiis
1667 2789 1764 2821 recte

264 2846 516 2880 Steinmetzius
543 2847 670 2881 edidit:
710 2849 772 2890 qm?
796 2853 1067 2891 sumam-euntes,
1106 2849 1193 2891 qnid
1218 2858 1340 2890 prceco
1365 2851 1602 2889 ermmeraret,
1641 2846 1763 2880 audie-

263 2906 364 2943 baum
404 2909 547 2940 tanturn
580 2907 816 2940 emmam-andi
845 2906 998 2940 verbum
1031 2909 1158 2950 aptum
1192 2917 1265 2940 non
1299 2909 1363 2940 est.
1414 2906 1494 2949 Ipse
1526 2905 1613 2939 olim
1645 2904 1763 2939 conie-

263 2975 399 2999 ceram:
439 2966 526 3008 quid
551 2976 672 3008 praeeo
701 2967 973 3008 pronuntiaret;
1013 2965 1049 2999 in
1077 2964 1244 3006 editione,
1282 2965 1402 2999 nescio
1429 2975 1503 3006 cur,
1543 2974 1623 2998 eam
1649 2963 1762 3007 suspi-

263 3023 403 3057 cionem
428 3023 552 3066 pressi.
1701 3027 1704 3030 ’
