1915 3235
851 122 934 163 537

344 252 628 305 Naufragium
662 251 767 293 velis
800 252 1065 293 ardentibus.
1129 250 1285 292 Omnia
1317 251 1425 293 fiunt

343 324 481 373 Talia,
514 325 606 363 tam
641 323 839 375 graviter,
873 323 909 363 si
941 322 1114 375 quando
1147 324 1315 375 poetica
1346 323 1482 376 surgit

342 394 616 446 Tempestas.
681 393 824 434 Genus
859 406 957 434 eece
990 393 1106 433 aliud
1139 393 1418 434 discriminis:
1452 394 1553 435 audi

341 465 395 505 Et
424 465 631 505 miserere
662 464 831 513 iterum,
866 476 1115 516 quanquam
1148 463 1233 504 sint
1266 468 1408 505 cetera
1441 464 1568 506 sortis

340 535 565 576 Eiusdem:
598 547 700 587 pars
733 534 826 574 dira
858 534 1046 586 quidem,
1080 534 1157 574 sed
1189 535 1359 587 cognita
1390 535 1539 576 multis

340 606 394 646 Et
426 618 556 658 quam
591 606 736 646 votiva
769 607 981 645 testantur
1013 604 1116 646 fana
1147 605 1310 646 tabella

339 677 545 717 Plurima.

97 794 144 834 In
174 793 240 834 his
273 807 405 846 quam
438 795 581 834 essent
612 793 749 834 multa
780 806 929 845 prava,
970 793 1057 834 iam
1097 793 1152 833 ab
1187 793 1279 834 aliis
1311 793 1580 834 intellectum
1613 795 1690 843 est,
1715 805 1763 829 21:

97 865 281 917 duoque,
317 877 412 917 quae
445 864 666 917 praecipua
698 866 834 913 erant,
869 863 924 904 ab
959 863 1005 903 E.
1032 863 1080 904 G.
1106 863 1296 905 Webero
1328 867 1443 906 recte
1477 865 1691 918 expedita.

97 934 200 984 Quis
234 935 348 976 enim
380 935 568 987 primum
601 947 687 975 non
720 933 849 986 videt,
882 947 1084 986 perverse
1109 939 1271 988 praeter
1299 934 1463 987 fulmen
1503 949 1692 976 comme-

97 1006 256 1046 morari
288 1005 431 1058 ignem
465 1005 596 1045 alium
630 1007 669 1045 et
703 1004 802 1045 huic
834 1004 1080 1045 incendium
1114 1005 1273 1046 tribui?
1307 1006 1461 1047 deinde
1487 1020 1582 1059 quae
1610 1007 1694 1047 ista

97 1077 162 1116 est
205 1075 446 1117 coniunctio
495 1078 536 1116 et
583 1088 727 1116 rerum
777 1077 1041 1116 consecutio:
1091 1075 1311 1116 Antemzas
1359 1078 1522 1130 impulit
1568 1078 1691 1131 ipsuis,

97 1160 221 1200 (secum
255 1160 296 1186 se
329 1147 498 1201 quisque
532 1147 600 1186 illo
624 1160 868 1199 percussum
904 1146 1116 1187 crederet?
1152 1147 1215 1187 Ac
1242 1148 1360 1199 prius
1392 1148 1497 1188 illud
1528 1149 1692 1188 incom-

95 1217 272 1258 modum
308 1217 488 1258 Carolus
529 1217 804 1266 Schmidtius,
854 1218 925 1269 qui
967 1216 1181 1257 Iuvenalis
1219 1219 1454 1258 satirarum
1494 1218 1689 1258 delectum

94 1287 340 1329 Bielefeldae
374 1301 412 1328 a.
449 1287 561 1329 1835
595 1284 786 1339 edidit1),
835 1287 895 1327 sic
938 1288 1100 1328 evitare
1145 1288 1302 1338 studet,
1352 1291 1399 1329 ut
1442 1302 1591 1329 versus
1639 1289 1689 1330 18

94 1358 213 1399 initio
247 1357 393 1411 (evasi)
426 1371 599 1399 versum
623 1359 678 1398 24
712 1357 857 1411 (glenus
890 1372 973 1398 ecoe
1007 1358 1126 1398 aliud
1149 1358 1246 1411 cet.)
1281 1360 1513 1409 continuet,
1549 1361 1691 1400 cetera

95 1430 239 1470 omnia
272 1430 521 1481 parenthesi
555 1429 795 1470 concludat.
859 1429 905 1469 In
945 1442 1043 1481 quo,
1093 1432 1140 1470 ut
1180 1443 1267 1470 non
1310 1430 1464 1479 dicam,
1513 1430 1692 1471 mirifice

93 1501 374 1553 parenthesin
406 1500 563 1549 induci,
605 1500 679 1540 ubi
712 1499 876 1540 nullum
909 1500 1136 1540 minimum
1169 1500 1403 1541 insistentis
1437 1503 1478 1541 et
1513 1514 1691 1542 conver-

93 1571 223 1612 tentis
255 1583 301 1611 se
334 1571 417 1612 alio
450 1570 654 1612 orationis
687 1571 913 1622 vestigium
958 1571 1023 1620 sit,
1073 1571 1199 1623 quale
1242 1571 1420 1612 tandem
1465 1572 1570 1612 illud
1613 1574 1688 1620 est,

96 1641 211 1694 quod
242 1644 340 1694 post
371 1641 663 1694 parenthesin,
705 1654 800 1692 quae
834 1641 928 1693 ipsa
961 1641 1069 1682 duas
1101 1642 1300 1694 periodos
1334 1643 1525 1683 maxima
1558 1642 1690 1682 inter-

93 1712 324 1765 punctione
361 1712 573 1753 diiunctas
607 1711 836 1760 contineat,
870 1712 929 1752 ita
959 1713 1234 1753 continuatur
1256 1712 1406 1762 oratio,
1442 1714 1564 1766 quasi
1586 1713 1689 1754 nihil

92 1784 363 1824 interiectum
397 1783 544 1823 fuerit:
594 1782 756 1822 Praeter
789 1783 936 1837 pelafsi
977 1797 1098 1823 casus
1141 1788 1175 1823 et
1211 1782 1408 1835 fulminis
1450 1785 1574 1824 ictum
1607 1798 1690 1824 ecce

95 1854 215 1895 aliud
244 1868 373 1909 μηκας
405 1854 692 1894 discriminis?
737 1853 850 1894 Tum
883 1854 1157 1906 participium
1181 1855 1292 1894 emsa·
1315 1854 1475 1894 frustra
1498 1857 1687 1903 excusat,

94 1925 209 1977 quod
255 1927 371 1965 recte
411 1924 625 1964 Weberus
673 1923 911 1964 barbarum
952 1928 993 1965 et
1031 1924 1273 1965 inauditum
1312 1925 1499 1973 dixerat;
1548 1937 1688 1976 neque

93 1997 205 2036 enim
239 1996 378 2037 solum
414 1995 468 2035 ab
502 2007 584 2035 usu
615 1994 819 2046 loquendi
851 1995 1080 2047 respuitur,
1125 1996 1201 2036 sed
1234 1995 1289 2035 ab
1325 1995 1536 2048 analogia,
1583 2009 1688 2047 quo-

90 2067 209 2107 niam
242 2065 490 2107 huiusmodi
522 2065 669 2114 verba,
710 2065 852 2117 qualia
886 2069 987 2106 sunt
1019 2066 1162 2118 evado,
1203 2067 1362 2119 excedo,
1397 2066 1563 2119 invado,
1589 2080 1688 2120 per-

95 2137 211 2187 cado,
261 2150 513 2189 quanquam
546 2149 643 2176 cum
677 2135 922 2177 accusativo
956 2137 1286 2189 coniunguntur,
1335 2139 1484 2178 tamen
1516 2137 1687 2189 passive

93 2208 210 2259 apud
241 2208 377 2248 bonos
411 2208 642 2259 scriptores
675 2219 762 2247 non
795 2206 1014 2256 dicuntur3
1063 2207 1180 2259 apud
1210 2207 1455 2248 Palladium
1504 2208 1686 2257 invasus,

92 2277 209 2330 apud
239 2278 526 2319 Ammianum
551 2291 759 2331 pervasus
797 2277 927 2329 legas,
978 2278 1094 2330 apud
1134 2279 1449 2319 Tertullianum
1489 2292 1686 2319 excessus.

93 2347 178 2389 Sed
212 2350 259 2389 ut
291 2348 345 2389 sit
376 2348 540 2390 bonum
572 2347 845 2396 vocabulum,
894 2348 1158 2400 ineptissime
1201 2352 1349 2390 tamen
1392 2349 1546 2390 dicitur
1583 2350 1688 2390 ictus

89 2418 285 2471 fulminis
318 2420 442 2469 evasi,
477 2432 610 2471 quum
642 2420 751 2460 ictus
785 2420 969 2460 evitatus
1002 2420 1274 2472 significetur,
1309 2420 1432 2473 quasi
1463 2421 1589 2461 ictum
1620 2434 1686 2461 sa-

89 2490 203 2543 yittoe
247 2491 386 2530 vitate&
427 2503 505 2543 pro
549 2491 676 2530 <citato
720 2490 800 2530 ictu
840 2489 1010 2530 dixeris.
1074 2491 1304 2532 Verissime
1337 2491 1464 2544 igitur
1495 2492 1583 2531 iam
1614 2491 1685 2531 Pi-

91 2560 233 2601 thoeus
275 2563 317 2601 et
356 2573 494 2613 nuper
534 2561 582 2610 is,
632 2573 761 2613 quem
799 2560 1031 2611 nominavi,
1080 2561 1294 2602 Weberus
1327 2575 1380 2602 ex
1411 2575 1496 2602 uno
1528 2561 1685 2602 Pithoei

92 2630 236 2672 codice
267 2631 419 2684 reponi
452 2631 703 2672 voluerunt:

127 2827 156 2872 1)
182 2830 287 2864 Hunc
321 2841 435 2874 quum
467 2830 598 2875 saepius
630 2830 916 2874 reprehensurus
948 2830 1034 2871 sim,
1073 2841 1218 2874 aequum
1253 2833 1307 2864 est
1338 2841 1412 2864 non
1444 2830 1683 2872 dissimulare,

184 2899 299 2923 unum
326 2893 361 2923 et
386 2890 541 2923 alterum
568 2889 699 2930 locum,
727 2889 770 2923 de
797 2900 868 2932 quo
895 2900 994 2923 eram
1021 2889 1193 2927 dicturus,
1220 2889 1265 2922 ab
1287 2900 1328 2923 eo
1350 2893 1566 2933 occupatum
1587 2899 1681 2929 esse;

186 2948 285 2982 velut
311 2952 376 2982 sat.
403 2948 432 2981 V
458 2959 491 2982 v.
520 2947 586 2980 141
614 2959 691 2991 sqq.
718 2947 885 2988 breviter,
912 2948 974 2981 sed
1000 2952 1098 2982 recte
1123 2947 1315 2982 enarravit.
