1915 3235
886 89 966 130 751

126 217 340 266 Halmius,
390 217 587 259 Cardeno
628 221 669 259 et
711 218 945 260 Garatonio
978 219 1235 271 obsequens,
1286 233 1367 260 non
1400 223 1500 261 ante
1532 219 1727 261 habuisse

125 288 309 337 sustulit,
343 291 392 329 ut
423 291 603 341 negetur
635 302 662 330 a
694 289 912 339 Cicerone,
945 289 1150 330 habuisse
1183 290 1448 339 Deiotarum,
1484 304 1591 343 quos
1623 291 1724 331 mit-

124 360 255 407 te1·et;
302 371 406 399 nam
449 359 504 399 ab
549 361 875 401 accusatoribus
917 360 999 401 hoc
1040 361 1189 413 negari
1235 374 1322 402 non
1369 362 1560 414 potuisse
1608 360 1724 415 (quae

124 430 339 470 sententia
387 430 571 471 efficitur
617 443 670 470 ex
718 430 894 483 vulgata
940 430 1192 483 scriptura),
1243 432 1447 484 quoniam
1496 433 1576 486 ipsi
1624 446 1722 474 eum

123 500 291 541 misisse
324 500 381 540 ad
413 500 630 541 Caecilium
665 502 989 542 contenderent.
1050 502 1223 550 Vereor,
1256 505 1305 543 ut
1336 507 1452 544 recte
1484 504 1722 545 iudicatum

122 570 190 611 sit.
252 570 403 623 Neque
437 570 551 611 enim
585 570 637 611 de
669 571 877 612 militibus
907 572 1078 613 Caecilio
1110 572 1169 612 illi
1200 573 1344 613 missis
1376 586 1491 615 nunc
1524 576 1592 627 agi
1617 575 1722 616 mihi

121 640 292 681 videtur
333 639 404 692 (—
447 654 598 682 omnes
639 642 751 682 enim
793 643 939 695 copias
979 656 1080 683 suas
1120 644 1163 683 in
1202 643 1373 684 vincula
1406 645 1615 686 coniicere
1646 658 1723 686 rex

120 723 207 752 non
239 713 424 763 poterat,
458 724 537 752 nec
560 712 719 753 auxilia
747 713 978 753 summissa
1001 713 1147 754 Cicero
1180 713 1260 754 illis
1292 714 1455 756 Verbis:
1489 715 1561 756 sed
1582 717 1724 757 misit

122 781 186 822 ad
220 781 433 822 Caecilium
465 782 760 835 significasset,
802 796 956 836 neque,
998 797 1132 836 quum
1172 784 1347 836 exiguas
1386 786 1540 827 saltem
1574 786 1722 839 copias

119 851 325 892 habuisse
358 865 504 905 regem
537 853 630 905 ipse
653 853 942 902 confiteretur,
975 867 1134 906 negare
1156 857 1340 906 poterat,
1376 856 1507 897 fuisse
1530 857 1718 908 omnino,

120 935 227 974 quos
266 923 458 964 mitteret
496 923 584 976 ——),
625 924 702 965 sed
740 924 794 965 de
830 924 1004 973 nuntiis,
1054 925 1126 976 qui
1166 937 1261 965 cum
1306 925 1475 968 Caecilio
1515 927 1569 968 de
1603 940 1720 968 com-

118 993 322 1034 munibus
355 995 498 1035 rebus.
534 994 714 1045 auxiliis,
757 995 1080 1036 condicionibus
1113 998 1303 1048 agerent,
1345 997 1388 1036 in
1423 1010 1507 1049 qua
1540 1011 1586 1038 re
1617 1011 1719 1050 pro-

117 1063 211 1116 prie
243 1064 398 1105 dicitur
429 1066 590 1105 mittere
622 1065 680 1105 ad
713 1066 905 1120 aliquem.
953 1065 1103 1118 Itaque
1135 1079 1269 1119 quum
1303 1070 1577 1109 accusatores
1603 1068 1719 1109 dice-

117 1137 227 1184 rent,
276 1135 446 1176 misisse
493 1136 745 1177 Deiotarum
794 1136 850 1176 ad
898 1136 1137 1184 Caecilium,
1187 1137 1284 1186 sed,
1334 1151 1467 1190 quum
1514 1139 1561 1187 ii,
1611 1153 1720 1192 quos

117 1205 318 1255 misisset,
367 1207 430 1247 ire
471 1207 728 1257 noluissent,
777 1207 982 1248 omissam
1025 1220 1117 1247 rem
1160 1221 1240 1248 nec
1283 1209 1513 1261 quicquam
1557 1212 1718 1261 actum,

117 1276 199 1318 hoc
231 1276 379 1318 Cicero
413 1277 527 1327 dicit,
567 1291 725 1330 parum
756 1278 847 1318 veri
879 1277 1016 1318 simile
1049 1290 1157 1327 esse,
1199 1291 1345 1330 regem
1378 1292 1465 1320 non
1496 1280 1717 1331 habuisse,

118 1360 226 1400 quos
257 1348 463 1399 mitteret,
513 1361 647 1401 quum
687 1347 758 1397 illi,
809 1361 916 1400 quos
955 1348 1143 1400 primum
1178 1349 1215 1389 ei
1247 1350 1308 1390 rei
1342 1349 1582 1402 delegisset,
1630 1364 1718 1392 non

115 1419 375 1472 paruissent.

235 1488 258 1542 ἓ
291 1490 346 1531 29
379 1491 423 1531 in
456 1491 538 1531 hac
572 1489 767 1531 codicum
801 1489 1034 1541 scriptura:
1069 1490 1337 1531 calamitosus
1370 1490 1612 1543 Deiotarus,
1646 1493 1718 1546 qui

116 1565 152 1601 et
184 1560 236 1601 ab
268 1574 324 1613 eo,
358 1562 429 1615 qui
462 1562 505 1601 ιή
537 1560 685 1601 iisdem
718 1560 868 1600 castris
897 1558 1044 1613 fuerit,
1077 1574 1159 1601 non
1181 1561 1300 1602 modo
1323 1560 1509 1613 (codices
1531 1562 1716 1615 aliquot:

115 1636 152 1672 et
181 1645 265 1672 non
295 1631 433 1684 modo)
468 1630 583 1685 apud
613 1635 663 1683 te,
697 1630 768 1671 secl
801 1631 926 1670 etiam
959 1644 985 1670 α
1017 1632 1104 1672 suis
1129 1636 1356 1683 accusetur,
1391 1631 1623 1673 manifesta
1651 1635 1715 1674 est

113 1701 402 1755 interpolatio,
451 1701 567 1754 quod
605 1701 686 1741 illis
727 1706 763 1742 et
801 1700 852 1741 ab
891 1715 933 1741 eo
972 1701 1076 1742 nihil
1108 1703 1342 1755 respondet
1375 1705 1417 1743 et
1450 1702 1565 1755 quod
1597 1703 1715 1744 cala-

113 1772 243 1814 mitas
289 1774 333 1814 in
381 1772 644 1814 accusatoris
690 1785 878 1824 persona
924 1774 1076 1824 postea
1124 1773 1247 1814 aliter
1293 1775 1470 1814 notatur
1517 1771 1562 1825 (α
1593 1771 1712 1826 suis).

114 1842 354 1893 Quominus
388 1846 535 1885 autem
569 1842 629 1895 (in
662 1856 793 1895 quam
827 1843 1115 1895 suspicionem
1148 1846 1278 1884 antea
1308 1841 1564 1895 incideram)
1599 1845 1712 1885 exci-

113 1913 226 1955 disse
257 1916 475 1966 putemus,
517 1927 614 1967 quae
647 1914 863 1955 contraria
895 1913 1159 1954 referrentur
1190 1914 1271 1954 illis
1305 1919 1341 1954 et
1373 1914 1424 1954 ab
1458 1928 1514 1963 eo,
1557 1916 1599 1955 et
1630 1914 1713 1955 hoc

111 1984 255 2037 ipsum
289 1998 315 2025 α
347 1986 436 2026 suis
467 1985 615 2026 obstat
647 1987 689 2025 et
721 1984 837 2037 quod
868 1984 1086 2036 geminata
1118 1984 1212 2024 haec
1245 1984 1424 2037 duplicis
1454 1985 1712 2027 calamitatis

111 2055 366 2107 significatio
399 2054 454 2108 (et
486 2078 542 2083 ——
575 2060 623 2108 et,
663 2068 746 2095 non
784 2054 904 2095 modo
946 2078 997 2082 —
1038 2055 1110 2095 sed
1142 2054 1283 2108 etiam)
1318 2058 1360 2096 et
1391 2069 1468 2108 per
1500 2069 1546 2097 se
1577 2056 1712 2098 nimia

112 2128 177 2166 est
207 2138 289 2167 nec
320 2128 422 2179 apte
453 2126 689 2179 respondet
720 2125 982 2178 praecedenti
1003 2127 1229 2167 sententiae
1252 2126 1306 2167 de
1329 2127 1532 2167 felicitate
1555 2127 1711 2168 domus

111 2195 391 2238 Saocondarii
424 2199 467 2238 et
499 2197 702 2245 Castoris
736 2211 828 2251 quse
859 2210 941 2237 -ηοη
972 2197 1262 2250 impunitatem
1293 2198 1425 2238 solum
1458 2197 1612 2251 adepta
1642 2198 1709 2251 sit,

109 2266 181 2307 sed
214 2267 446 2308 accusandi
478 2268 603 2308 etiam
635 2268 859 2316 licentiam,
908 2268 952 2308 in
991 2280 1077 2319 qua
1108 2267 1212 2308 item
1245 2267 1330 2308 duo
1363 2270 1465 2308 sunt
1495 2268 1707 2309 membra.

110 2337 185 2387 Ea,
235 2350 331 2390 quae
370 2339 615 2390 requiritur,
665 2338 889 2379 sententiae
934 2341 977 2378 et
1018 2337 1222 2379 orationis
1265 2337 1406 2379 forma
1449 2338 1607 2391 duplici
1639 2339 1710 2380 via

109 2408 279 2449 videtur
325 2408 437 2449 effici
483 2422 630 2462 posse,
680 2421 864 2461 quarum
912 2408 1093 2449 alteram
1140 2407 1339 2449 Halmius
1385 2408 1601 2461 ingressus
1648 2409 1710 2450 sic

109 2478 298 2531 scripsit:
333 2480 404 2533 qui
436 2484 472 2520 et
505 2479 556 2520 ab
589 2493 645 2531 eo,
679 2480 750 2533 (sui
780 2480 826 2519 vin
858 2479 1003 2519 iisdem
1037 2479 1188 2519 castris
1216 2478 1363 2531 fuerit,
1397 2484 1433 2520 et
1465 2493 1491 2519 α
1522 2481 1610 2520 suis
1642 2494 1709 2520 ac-

109 2554 286 2590 cusetur.
350 2550 437 2591 Sed
477 2563 632 2602 parum
671 2552 788 2590 recte
828 2562 1058 2590 commune
1095 2548 1200 2589 illud
1239 2549 1416 2598 factum,
1466 2550 1582 2602 quod
1621 2550 1707 2590 dis-

108 2633 260 2673 parem
302 2620 346 2661 in
387 2620 576 2662 Castoris
618 2620 746 2661 domo
787 2622 829 2660 et
870 2619 913 2660 in
952 2619 1156 2660 Deiotaro
1197 2622 1401 2660 eventum
1440 2620 1613 2670 habuit,
1662 2620 1707 2660 in

109 2703 242 2731 unam
281 2693 452 2744 partem
493 2690 751 2731 calamitatis
790 2689 1021 2731 includitur
1060 2702 1299 2742 praveque,
1349 2703 1482 2742 quum
1526 2690 1579 2731 de
1618 2703 1706 2731 uno

109 2764 360 2803 accusatore
394 2764 559 2814 agatur,
593 2760 654 2801 sic
685 2763 895 2813 tanquam
928 2760 980 2801 de
1003 2760 1323 2812 oppugnatione
1347 2760 1523 2812 ancipiti
1550 2760 1706 2801 dicitur

109 2836 146 2872 et
178 2832 228 2872 ab
261 2846 304 2872 eo
340 2855 393 2860 —
426 2837 462 2872 et
495 2846 520 2872 α
552 2833 650 2881 sais,
699 2844 838 2884 neque
879 2830 1110 2883 excogitari
1148 2832 1303 2882 potest,
1353 2843 1427 2871 cur
1467 2831 1560 2883 quis
1600 2830 1705 2871 illud

107 2914 191 2942 non
220 2902 340 2942 modo
382 2902 497 2956 apud
539 2907 575 2942 te
617 2901 843 2952 addiderit,
891 2901 1010 2942 illata
1052 2913 1165 2942 nova
1205 2914 1393 2954 persona
1435 2900 1537 2950 eius,
1586 2900 1705 2953 apud
