1915 3235
920 116 1004 158 140

167 262 299 302 quum
332 249 402 289 vix
435 247 669 289 editoribus
693 248 808 287 notae
834 246 965 288 fuisse
990 245 1229 295 videantur,
1265 245 1524 299 vulgataque
1550 247 1761 301 scriptura

168 324 376 372 tanquam
426 317 663 359 certissima
708 319 927 367 teneatur,
976 329 1100 357 novae
1147 316 1281 357 videri
1329 317 1508 369 possint.
1586 318 1672 360 Sed
1718 320 1762 360 in

166 403 315 431 earum
351 389 443 430 aliis
476 388 672 429 mutandi
706 400 836 428 causa
860 387 915 428 ab
939 387 1002 436 iis,
1037 386 1109 439 qui
1134 388 1400 429 coniecturas
1428 392 1760 441 proposuerunt,

168 461 381 513 explicata
414 457 522 512 est1)
564 458 661 511 (etsi
702 458 919 499 interdum
952 459 1122 510 poterat
1155 458 1394 500 distinctius
1427 461 1470 500 et
1502 457 1678 512 verius),
1719 460 1762 501 in

166 531 259 585 aliis
293 530 397 572 nihil
431 532 496 571 est
529 529 704 578 dictum,
753 531 813 578 ut,
862 530 1075 581 quatenus
1115 529 1289 581 quidem
1330 529 1621 582 disputatione
1653 544 1761 584 opus

166 585 243 651 est,
288 602 453 653 integra
486 613 536 641 ea
570 599 637 641 sit.
701 599 763 640 Ex
794 599 876 641 hoc
908 612 1064 652 genere
1097 598 1150 640 de
1183 599 1353 641 duabus
1386 601 1762 643 emendationibus

166 672 350 725 exempli
383 684 514 712 causa
547 671 737 711 breviter
768 670 849 712 hoc
882 674 1075 711 extremo
1100 670 1192 711 loco
1217 670 1371 711 dicam.
1418 671 1541 712 Prior
1564 672 1762 713 Lambini

166 745 243 792 est,
293 756 319 783 a
351 742 441 783 solo
475 741 633 782 Orellio
666 741 898 794 adscripta,
947 741 1024 781 sed
1057 753 1153 781 cum
1172 732 1516 793 ‘improbationis
1549 742 1761 795 significa-

165 813 294 863 tione,
329 812 371 853 in
404 814 512 854 orat.
546 812 601 852 IV
632 811 676 852 in
709 811 832 853 Catil.
865 812 905 861 4,
940 812 979 861 8,
1013 811 1087 852 ubi
1120 811 1247 864 vulgo
1281 811 1513 853 edebatur:
1554 812 1763 867 Adiungit

166 897 338 937 gyravenz
363 896 534 936 paenam
565 883 845 937 municipibus
877 880 1166 936 (onmzicipiz's),
1214 883 1252 923 si
1292 884 1385 937 quis
1424 897 1564 924 coram
1596 884 1762 924 vincula

167 954 355 1008 raperit;
386 953 609 995 horribiles
641 954 852 995 custodias
883 953 1129 1006 circumdat,
1164 958 1199 994 ct
1224 952 1355 1008 aigyna
1380 954 1528 995 scelere
1550 954 1762 995 hominnm

161 1025 425 1078 perditorum
461 1026 608 1077 sancit,
648 1038 699 1065 nc
731 1026 823 1080 quis
855 1039 993 1066 eornm
1021 1039 1206 1079 poenaon,
1255 1039 1354 1080 quos
1385 1025 1642 1078 condemnat,
1691 1031 1764 1067 ant

161 1109 242 1149 per
273 1100 459 1136 senatum
497 1100 570 1136 ant
593 1110 675 1150 per
698 1096 900 1150 populum
942 1096 1079 1136 levare
1110 1097 1244 1149 possit
1283 1098 1363 1137 cet.
1432 1096 1479 1137 In
1520 1097 1586 1138 his
1626 1097 1763 1138 multa

94 1175 147 1199 1⁷3
166 1180 253 1208 non
285 1168 403 1208 recta
436 1169 557 1216 sunt;
605 1167 794 1220 primum
836 1167 1014 1220 pluralis
1046 1180 1253 1209 numerus
1287 1167 1402 1208 vocis
1435 1167 1580 1221 (liqna,
1629 1180 1762 1219 quum

165 1251 251 1279 una
284 1251 353 1279 res
387 1234 652 1291 sequatur2),
687 1238 842 1279 deinde
870 1239 965 1291 ipsa
989 1239 1216 1288 sententia,
1250 1238 1580 1279 accommodata
1603 1237 1659 1279 ad
1681 1238 1763 1279 1100

166 1309 427 1359 membrum,
477 1309 600 1362 quasi
647 1310 789 1350 minus
837 1309 981 1362 priora
1028 1308 1157 1361 digna
1197 1308 1447 1350 sanciantur
1478 1308 1554 1349 tali
1587 1308 1761 1358 scelere,

166 1382 279 1430 tum,
329 1393 413 1432 quo
461 1380 617 1421 indicio
665 1380 809 1421 nescio
857 1380 1074 1433 quomodo
1120 1380 1258 1421 multa
1305 1379 1392 1420 iam
1441 1379 1621 1429 menda,
1670 1378 1762 1420 aliis

168 1451 298 1492 etiam
332 1451 444 1492 notis
479 1450 686 1499 convicta,
727 1451 912 1504 coargui,
952 1451 1247 1492 membrorum
1282 1449 1487 1492 orationis
1521 1449 1762 1491 coniunctio

167 1520 384 1562 Ciceronis
418 1524 459 1562 et
493 1521 582 1562 eius
627 1521 859 1574 aequalium
898 1522 995 1563 usui
1034 1535 1295 1574 repugnans,
1343 1521 1455 1562 inter
1495 1521 1579 1562 duo
1619 1521 1762 1574 priora

166 1591 301 1633 verba
334 1605 386 1633 ex
418 1592 556 1633 tribus
592 1605 716 1645 aequo
759 1593 908 1634 ordine
952 1592 1103 1645 positis
1147 1592 1320 1642 omissa,
1369 1594 1472 1633 ante
1521 1593 1762 1633 extremum

166 1663 307 1715 posita
339 1663 551 1716 particula
584 1669 620 1704 et
653 1662 880 1718 (adianqit,
913 1663 1146 1704 circumdat
1170 1668 1205 1704 et
1227 1659 1439 1715 sancit).3)
1487 1662 1594 1703 Haec
1618 1661 1763 1704 omnia

165 1734 440 1776 incommoda
479 1735 716 1776 Lambinus
755 1735 929 1776 sustulit
970 1734 1267 1788 optimamque
1314 1734 1575 1775 sententiam
1623 1733 1764 1774 effecit

204 1883 233 1929 ¹)
257 1887 354 1922 Talis
381 1891 458 1922 erat
484 1888 521 1922 P.
549 1888 700 1922 Manutii
732 1887 939 1922 coniectura
970 1887 1007 1922 in
1040 1887 1194 1932 Philipp.
1227 1887 1373 1922 secund.
1408 1897 1436 1921 c.
1463 1884 1519 1927 20,
1557 1885 1614 1927 49,
1652 1896 1763 1930 quam

261 1957 374 1990 quum
408 1958 516 1981 nemo
549 1951 754 1982 ceterorum
786 1959 832 1982 ne
864 1949 1186 1981 commemorasset
1219 1945 1379 1990 quidem,
1419 1944 1636 1979 Garatonius
1677 1956 1763 1987 „nec

259 2004 371 2040 bene¹‘
413 2006 531 2050 inquit
574 2006 777 2048 „Manutius
814 2018 879 2051 pro
917 2018 1127 2051 quanquam
1164 2005 1358 2050 legendum
1397 2007 1519 2039 censet
1558 2002 1758 2048 quoniam.“

260 2065 332 2100 Nec
358 2066 387 2100 is
413 2066 541 2110 attigit,
576 2077 642 2100 nec
675 2066 869 2110 quisquam
903 2069 1042 2100 evertet
1066 2065 1191 2109 paucis
1217 2065 1336 2099 verbis
1362 2063 1668 2106 comprehensum
1693 2063 1762 2097 Ma-

260 2123 351 2157 nutii
385 2128 654 2169 argumentum.
716 2124 943 2167 „Sententia“
979 2124 1097 2168 inquit
1132 2123 1312 2168 „postulat
1350 2124 1537 2167 quoniam;
1576 2121 1764 2156 subiicitur

260 2182 357 2216 enim
384 2194 504 2226 causa,
544 2195 608 2218 cur
639 2195 723 2218 eum
757 2195 830 2218 non
862 2183 908 2218 sit
934 2181 1180 2218 adhortatus.“
1233 2183 1348 2224 Addo,
1386 2182 1526 2216 nullam
1552 2182 1763 2216 alieniorem

260 2242 472 2285 particulam
501 2243 626 2277 inferri
644 2243 804 2287 potuisse
824 2254 946 2287 quam,
973 2253 1054 2286 quae
1071 2242 1178 2286 vulgo
1196 2241 1337 2285 legitur,
1363 2253 1582 2285 quanquam,
1609 2251 1763 2285 eamque

261 2300 460 2344 saepissime
486 2313 570 2336 cum
597 2302 710 2336 altera
736 2302 797 2336 illa
822 2301 1034 2346 permutari.

202 2355 233 2399 2)
258 2358 336 2392 Νο11
374 2360 424 2394 ita
462 2360 545 2399 dixi,
587 2361 691 2405 quasi
723 2360 828 2395 scribi
864 2360 1022 2405 potuerit
1053 2361 1213 2403 diynmn,
1251 2359 1347 2403 quod
1378 2358 1551 2393 Latinum
1583 2369 1656 2393 non
1690 2360 1761 2396 est;

261 2429 374 2461 quum
401 2419 499 2453 enim
525 2420 603 2453 haec
629 2419 675 2454 sit
699 2419 908 2454 huiusmodi
934 2418 1087 2463 duplicis
1113 2417 1242 2452 obiecti
1268 2417 1453 2459 (adiectivi
1470 2417 1528 2452 vel
1546 2416 1763 2451 substantivi

260 2480 296 2511 et
321 2478 510 2513 sententiae
536 2489 601 2522 per
627 2478 919 2512 coniunctionem
945 2476 1111 2519 annexae)
1138 2477 1241 2519 ratio,
1279 2480 1320 2511 ut
1351 2477 1530 2521 posterius
1563 2488 1628 2521 per
1659 2487 1762 2521 epex-

260 2536 381 2580 egesin
407 2536 517 2581 priori
544 2537 821 2581 superaddatur,
847 2537 947 2581 prius
973 2537 1045 2571 tale
1071 2536 1179 2571 debet
1204 2547 1294 2574 esse,
1328 2539 1369 2570 ut
1394 2546 1458 2580 per
1483 2546 1522 2569 se
1549 2535 1667 2570 solum
1693 2535 1762 2569 dici

260 2594 382 2638 possit.
422 2595 550 2639 Itaque
576 2599 639 2630 aut
664 2595 831 2630 adiectivi
854 2595 1004 2640 pluralis
1022 2595 1179 2640 ponitur,
1205 2598 1380 2639 sequente
1398 2594 1623 2638 singularum
1640 2605 1762 2628 rerum

260 2653 546 2695 enumeratione,
573 2657 636 2688 aut
661 2654 950 2692 substantivum3
977 2665 1085 2689 nemo
1111 2654 1208 2688 enim
1233 2653 1319 2688 dicit
1335 2656 1452 2687 sancit
1469 2654 1620 2697 diynnm
1637 2654 1762 2687 scelere

260 2723 326 2756 pro
352 2723 406 2756 00,
432 2713 530 2756 quod
558 2716 627 2747 est:
654 2715 769 2747 sancit
794 2725 869 2747 rem
894 2715 1043 2757 diqnam
1067 2714 1203 2748 scelere.

204 2766 235 2811 ³)
259 2770 311 2804 De
344 2770 411 2804 hoc
443 2781 511 2805 usu
545 2769 621 2815 (qui
647 2773 743 2816 apud
769 2771 980 2806 Ciceronem
1006 2772 1153 2816 quidem
1179 2782 1252 2806 non
1278 2782 1390 2815 paene,
1416 2771 1479 2805 sed
1504 2771 1612 2815 plane
1638 2781 1761 2815 perpe-

261 2831 345 2863 tuus
372 2833 436 2871 est,
463 2841 529 2864 nec
556 2831 602 2864 ad
628 2831 856 2865 substantiva
881 2831 996 2875 magis
1021 2842 1133 2881 quam
1151 2831 1197 2864 ad
1214 2829 1393 2864 adiectiva
1410 2832 1446 2864 et
1463 2830 1576 2865 verba
1594 2830 1761 2874 pertinet,

260 2888 368 2922 modo
395 2899 438 2922 ea
462 2889 509 2923 sit
534 2889 782 2924 membrorum
809 2889 1024 2931 coniunctio,
1057 2901 1168 2934 quam
1195 2888 1280 2931 dixi)
1312 2888 1464 2933 exposui
1489 2888 1526 2923 in
1552 2888 1662 2933 Epist.
1685 2888 1760 2922 crit.

261 2947 305 2981 de
338 2950 443 2982 oratt.
477 2947 576 2982 Verr.
610 2959 644 2991 p.
671 2946 727 2989 39,
766 2947 931 2992 Append.
965 2948 1097 2992 disput.
1131 2949 1174 2983 de
1207 2948 1338 2982 Ascon.
1365 2948 1449 2982 Ped.
1476 2959 1510 2991 p.
1537 2946 1558 2981 8
1585 2950 1619 2982 et
1645 2959 1678 2992 p.
1704 2945 1760 2989 35,
