1915 3235
848 130 927 171 121

97 263 134 304 ei
165 261 394 303 dicendum
427 263 540 310 erat3
587 263 678 302 tum
717 259 874 301 usitate
907 259 1076 301 duobus
1108 259 1315 301 membris
1348 263 1682 304 enumerationis

95 333 186 374 sine
219 331 518 373 coniunctione
542 330 691 384 positis
717 343 795 383 per
819 345 894 386 que
917 331 1174 383 particulam
1198 331 1397 372 ultimum
1423 333 1681 387 adiungitur,

95 403 271 445 tertium
315 405 357 444 et
399 403 601 455 quartum
642 414 728 443 non
770 401 887 442 item.
959 401 1087 442 Patet
1129 402 1260 443 totius
1302 402 1383 443 loci
1423 405 1682 446 sententiam

94 474 166 515 illa
183 473 462 515 annotatione
479 471 667 513 breviter
682 484 762 512 nec
780 471 1102 513 accuratissime
1120 473 1438 525 comprehendi,
1461 474 1682 528 pinguius-

95 557 177 597 que
220 542 422 596 explicari
463 542 601 583 altera
643 544 766 594 parte
808 542 932 584 illud:
981 542 1076 595 fore
1105 542 1334 596 putabant,
1373 549 1419 585 ut
1461 568 1513 572 —
1554 545 1684 598 facile

90 614 232 668 fictum
265 614 422 657 crimen
453 613 665 654 resideret.
678 609 711 665 1)

211 676 424 726 Revertor
456 685 512 725 ad
545 683 760 725 orationes
793 683 1078 725 Catilinarias.
1128 684 1175 724 In
1209 697 1357 725 earum
1389 688 1544 738 quarta
1576 687 1682 728 duas

95 755 376 805 coniecturas,
417 754 532 807 quod
564 754 726 807 aliquid
758 753 814 795 ad
846 753 1107 794 evidentiam
1140 754 1290 796 deesse
1322 755 1563 807 videbatur,
1605 757 1683 798 etsi

93 826 313 879 vulgatam
345 826 603 878 scripturam
635 825 790 866 falsam
814 837 907 865 esse
933 826 1097 865 certum
1122 827 1239 883 erat,
1261 825 1303 866 in
1328 826 1520 879 margine
1544 828 1682 880 posui.

92 897 214 938 Prior
245 896 363 937 locus
397 898 461 937 est
494 908 529 936 c.
564 896 603 946 6,
640 895 713 936 11;
757 894 1031 946 Quamobrem
1069 896 1153 936 sive
1184 896 1257 937 hoc
1288 897 1530 950 statueritis,
1563 897 1682 939 dede-

91 968 188 1008 ritis
218 966 323 1007 mihi
354 967 538 1007 comitem
572 965 628 1006 ad
659 967 885 1007 contionem
909 966 1065 1019 populo
1103 980 1249 1007 earum
1289 972 1410 1022 atque
1442 968 1682 1021 iucundum,

92 1039 176 1079 sive
207 1037 347 1078 Silani
378 1038 623 1077 sententiam
664 1037 779 1092 sequi
816 1037 1064 1089 malueritis,
1110 1037 1240 1090 facile
1280 1051 1343 1079 me
1386 1043 1506 1093 atque
1546 1053 1615 1080 vos
1657 1053 1682 1080 α

93 1108 353 1150 crudelitatis
384 1108 686 1161 vituperatione
725 1106 956 1160 defendetis
962 1122 980 1159 ς
1027 1112 1148 1162 atque
1186 1107 1379 1161 obtinebo,
1428 1123 1516 1149 eam
1557 1110 1683 1150 multo

93 1180 289 1221 leniorem
325 1178 471 1231 fuisse.
541 1178 636 1219 Non
676 1178 815 1235 solum
855 1178 976 1228 dura,
1025 1179 1103 1220 sed
1149 1191 1355 1231 perversa
1402 1182 1467 1221 est
1512 1180 1555 1221 in
1601 1180 1683 1221 1130

93 1250 305 1302 scriptura
351 1249 534 1290 mutatio
582 1262 779 1302 personae
818 1249 939 1290 verbi
977 1249 1210 1302 defendetis
1242 1255 1362 1304 atque
1393 1250 1587 1300 obtinebo,
1635 1253 1683 1291 ut

92 1320 162 1362 alii
195 1320 427 1361 defendere
453 1332 549 1360 eam
576 1319 849 1369 sententiam,
882 1319 1004 1369 alius,
1039 1320 1176 1372 qualis
1202 1320 1255 1361 sit
1274 1320 1496 1370 habenda,
1529 1321 1683 1363 docere

93 1391 280 1440 dicatur;
314 1390 467 1431 deinde
502 1391 676 1431 omnino
708 1403 795 1432 non
826 1393 997 1444 poterat
1029 1390 1157 1431 tribui
1183 1391 1456 1432 senatoribus
1481 1392 1567 1432 ulla
1592 1393 1682 1432 eius

93 1461 317 1503 sententiae
351 1460 556 1510 defensio,
607 1474 714 1513 quas
755 1461 939 1502 consulis
981 1474 1075 1502 esse
1114 1464 1260 1514 partes
1300 1464 1342 1503 et
1380 1462 1498 1503 initio
1532 1463 1683 1514 capitis

92 1532 323 1585 superioris
358 1534 399 1572 et
431 1531 532 1573 alibi
566 1531 819 1584 significavit
851 1534 893 1572 et
924 1532 967 1572 in
998 1532 1081 1573 hac
1120 1532 1214 1585 ipsa
1252 1533 1429 1585 periodo
1467 1532 1547 1573 illis
1587 1545 1682 1573 ver-

91 1603 177 1644 bis:
226 1602 426 1643 dederitis
465 1602 570 1642 mihi
607 1602 791 1642 comitem
832 1602 889 1643 acl
927 1604 1151 1644 contionem
1183 1604 1338 1657 populo
1378 1617 1524 1643 carum
1564 1608 1684 1658 atque

91 1673 333 1714 iucundum.
397 1672 610 1725 Quicquid
643 1673 757 1712 enim
790 1672 1010 1714 decretum
1044 1678 1157 1715 esset
1190 1687 1216 1715 a
1249 1676 1414 1723 senatu,
1452 1673 1683 1714 defendere

92 1746 134 1785 et
164 1744 324 1797 populo
356 1743 542 1796 probare
577 1743 764 1784 consulis
798 1746 909 1793 erat;
957 1747 1133 1785 senatus
1175 1746 1250 1785 aut
1289 1744 1457 1785 facilem
1492 1744 1547 1785 ob
1581 1757 1683 1785 auc-

89 1817 228 1856 torem
260 1814 514 1867 popularem
547 1826 724 1854 causam
757 1814 1077 1855 defendendam
1110 1815 1213 1856 dare
1239 1817 1411 1867 poterat
1436 1819 1511 1855 aut
1543 1815 1683 1855 minus

92 1887 273 1939 gratam.
320 1885 480 1925 Verum
513 1883 645 1933 verbi,
681 1884 796 1936 quod
829 1887 894 1925 est
925 1884 1169 1937 defendetis,
1203 1899 1435 1938 personam
1467 1898 1599 1938 prave
1629 1885 1684 1926 ad

91 1955 341 2009 praecedens
384 1955 585 1995 dederitis
631 1957 807 2007 propter
853 1956 1076 2008 utriusque
1123 1957 1347 1997 sententiae
1395 1956 1683 1997 similitudinis

93 2026 281 2079 speciem
314 2025 689 2067 accommodatam
722 2039 828 2075 esse,
879 2031 920 2067 et
953 2027 1076 2080 longe
1110 2027 1234 2068 aliter
1266 2027 1516 2068 Ciceronem
1550 2026 1683 2079 scrip-

93 2098 212 2147 sisse,
263 2096 428 2138 codices
471 2096 725 2144 ostendunt;
772 2109 873 2151 nam
916 2098 960 2138 in
1001 2097 1239 2138 Erfurtensi
1283 2099 1325 2138 et
1367 2097 1683 2138 Oxoniensibus

95 2170 298 2221 quattuor
345 2169 445 2209 ante
494 2167 796 2220 vituperatione
842 2166 1015 2208 additur
1054 2168 1102 2209 P.
1142 2168 1194 2209 R.
1243 2167 1304 2221 (in
1351 2168 1498 2220 quinto
1546 2167 1682 2208 Oxon.

89 2239 238 2293 populi
255 2236 339 2291 R),
373 2239 417 2279 in
434 2237 676 2279 Coloniensi
699 2240 858 2287 autem,
892 2238 1061 2280 duobus
1087 2238 1307 2289 Palatinis,
1342 2238 1497 2280 Graevii
1515 2238 1684 2279 duobus

95 2309 217 2350 codd.
250 2309 574 2362 Barberinoque
617 2311 715 2361 post
746 2309 1048 2362 vituperatione
1090 2309 1255 2350 eaedem
1297 2309 1449 2350 litterae
1495 2308 1556 2362 (in
1598 2322 1684 2350 uno

94 2379 173 2421 Ox.
198 2380 403 2434 populum
435 2378 521 2432 R).
585 2380 699 2420 Tum
730 2392 808 2431 pro
841 2378 1074 2432 defendetis
1113 2381 1157 2420 in
1189 2380 1333 2422 codice
1367 2380 1608 2422 Coloniensi
1643 2383 1685 2421 et

96 2449 321 2492 Graeviano
354 2450 543 2492 secundo
577 2452 641 2491 est
675 2450 897 2499 exsolvetis,
936 2451 980 2491 in
1011 2450 1249 2493 Barberino
1282 2452 1520 2501 exsolvistis,
1569 2451 1685 2504 quod

95 2522 276 2562 verbum
308 2521 426 2562 nullo
458 2521 587 2562 modo
620 2534 674 2561 ex
705 2521 775 2562 illo
813 2521 912 2562 oriri
954 2524 1030 2562 aut
1072 2535 1149 2574 pro
1192 2521 1262 2564 illo
1305 2522 1489 2575 supponi
1531 2521 1683 2575 potuit.

133 2716 161 2757 ¹)
188 2719 304 2754 Huius
330 2719 475 2764 originis
501 2723 555 2755 est
580 2721 642 2754 illa
673 2720 710 2754 in
735 2719 898 2754 oratione
929 2731 994 2765 pro
1020 2720 1136 2754 Sestio
1170 2732 1199 2755 c.
1226 2719 1282 2761 50,
1316 2719 1382 2753 107
1413 2720 1685 2764 languidissima

190 2779 390 2813 sententia:
426 2780 547 2813 Huius
572 2781 689 2814 oratio
714 2784 744 2812 et
763 2781 957 2823 pergravis
982 2785 1013 2814 et
1036 2784 1146 2823 gyrata
1171 2781 1327 2814 contioni
1354 2781 1436 2822 fuit,
1471 2791 1543 2824 qua
1576 2779 1684 2823 expli-

191 2840 293 2872 catur
319 2837 418 2878 illud,
452 2838 550 2882 quod
576 2838 698 2872 Cicero
724 2837 879 2871 oratorie
905 2838 1068 2872 elocutus
1095 2842 1182 2881 erat,
1215 2838 1413 2873 narrationi
1440 2839 1483 2873 de
1509 2838 1683 2882 producto

189 2896 227 2929 in
253 2896 459 2931 contionem
491 2896 664 2940 Pompeio
698 2896 822 2930 statim
853 2907 1000 2940 gravem
1032 2897 1341 2932 asseverationem
1373 2896 1584 2931 subiiciens:
1625 2896 1683 2929 Sic

191 2957 358 2990 contendo
384 2958 450 2990 cet.

1704 1190 1754 1215 150
