1915 3235
837 146 918 186 271

85 277 319 318 auctoritas
351 276 486 317 multo
519 275 660 316 minus
702 274 752 316 iis
791 274 1001 324 firmatur,
1049 274 1093 314 in
1137 273 1292 326 quibus
1337 274 1456 315 addit
1499 274 1672 327 aliquid,
1695 285 1745 309 333

88 347 203 400 quod
234 347 277 388 in
310 346 460 387 ceteris
502 359 588 387 non
627 347 704 386 est.
767 345 935 386 Horum
974 344 1369 386 additamentorum
1410 345 1673 386 levissimum

85 420 162 468 est,
196 418 272 459 sed
304 416 595 464 manifestum,
629 416 672 456 in
698 415 835 456 Divin.
861 416 900 464 3,
936 416 974 464 8,
1009 415 1082 455 ubi
1117 415 1242 467 vulgo
1268 414 1486 456 scribitur:
1520 415 1566 455 id
1591 416 1672 455 iam

76 489 284 543 populare
332 493 452 542 atque
490 486 719 540 plausibile
760 486 922 539 factum>
961 490 1028 535 est,
1078 485 1266 526 melioris
1314 485 1487 526 familiae
1537 485 1674 533 codd„

84 561 294 612 perpetua
326 558 656 611 permutatione,
704 557 869 597 habent
913 561 949 597 et
982 557 1210 610 plausibile
1255 556 1326 609 (de
1359 556 1497 597 Guelf.
1532 557 1558 596 2
1590 556 1675 596 vid.

83 628 315 683 Append),
364 628 586 681 Zumptius
628 641 650 668 e
683 627 822 668 Guelf.
859 629 879 668 1
931 627 1063 668 edidit
1111 632 1232 682 atque
1279 628 1400 668 etiam
1435 626 1674 680 plausibile,

85 714 217 752 quum
250 703 398 741 tamen
429 699 570 739 nullus
604 698 658 739 sit
690 699 894 739 orationis
928 711 1146 747 ascensus,
1195 698 1272 738 sed
1310 697 1508 738 translati
1548 711 1676 738 voca-

86 771 174 812 buli
206 771 262 811 ad
294 771 516 823 proprium
550 769 780 818 adiunctio,
821 782 917 821 quae
956 781 1128 821 semper
1159 769 1340 821 simplici
1373 768 1584 821 particula
1616 768 1675 808 fit.

87 841 266 882 Gravior
308 843 374 881 est
417 840 660 893 corruptela
708 838 865 892 (neque
905 839 1018 879 enim
1060 839 1183 879 aliter
1222 838 1441 890 appellare
1481 837 1676 891 possum)

86 925 137 952 ex
169 912 250 952 hoc
283 911 427 952 codice
461 914 502 952 et
535 911 830 963 Stephaniano
863 910 981 950 illata
1013 909 1055 950 in
1088 910 1183 949 Act.
1210 909 1238 958 I,
1272 910 1312 957 4,
1351 910 1417 958 12,
1452 909 1526 949 ubi
1552 909 1677 961 vulgo

85 985 197 1023 erat:
247 996 370 1036 quam
412 983 485 1023 iste
508 996 589 1036 per
620 982 846 1022 triennium
883 982 940 1021 ita
974 981 1136 1020 rema-it
1169 994 1217 1019 ac
1242 979 1447 1033 perdidit.
1498 993 1676 1020 consen-

83 1053 289 1093 tientibus
323 1053 445 1094 codd.
480 1053 617 1094 Guelf.
652 1053 678 1093 2
712 1054 754 1093 et
787 1052 903 1092 Leid.
938 1053 981 1092 et
1014 1051 1113 1091 edit.
1148 1051 1298 1091 Lami).
1332 1051 1605 1103 Asconioque
1637 1051 1678 1090 in

85 1124 288 1164 lemmate
322 1124 625 1173 annotationis,
660 1123 884 1175 Zumptius
918 1124 1063 1162 autem
1098 1121 1249 1162 edidit:
1295 1123 1484 1173 vastarit,
1519 1123 1681 1161 veracis

87 1210 135 1236 ac
161 1195 364 1249 perdidit,
399 1195 697 1236 coniunctione
722 1195 953 1234 verborum
979 1205 1064 1233 non
1089 1205 1174 1232 uno
1199 1192 1328 1233 modo
1354 1193 1520 1234 vitiosa.
1570 1193 1677 1233 Nam

88 1269 129 1307 et
163 1271 327 1307 vastare
361 1269 425 1306 est
457 1266 637 1306 verbum
672 1265 851 1306 diversae
886 1267 927 1305 et
956 1263 1165 1316 generalis
1192 1263 1525 1315 significationis.
1561 1266 1604 1302 ut
1639 1262 1680 1301 in

86 1337 168 1378 hac
186 1337 510 1378 coacervatione
530 1338 572 1377 et
590 1349 771 1376 ascensu
797 1336 1001 1376 orationis
1027 1335 1182 1382 locum,
1212 1335 1453 1387 praesertim
1478 1333 1679 1386 prinlum.

85 1410 231 1448 tenere
264 1420 349 1448 non
382 1408 537 1459 possit,
572 1407 748 1447 effectus
782 1406 896 1446 enim
929 1405 1113 1446 vexandi
1142 1408 1184 1445 et
1208 1405 1417 1458 perdendi
1451 1407 1515 1445 est
1548 1403 1680 1444 vasti-

85 1481 152 1519 tas
200 1478 404 1531 regionis3
453 1483 495 1518 et
542 1480 744 1530 peccatur
792 1478 834 1517 in
883 1476 1236 1517 consuetudinem
1283 1477 1423 1517 Latini
1471 1474 1677 1516 sermonis

85 1549 211 1590 huius
235 1549 378 1600 aetatis
403 1551 673 1601 perpetuam,
708 1561 791 1600 qua
826 1548 868 1588 in
901 1547 1146 1588 huiusmodi
1179 1547 1384 1588 orationis
1411 1546 1562 1588 forma,
1594 1546 1679 1585 sive

89 1633 139 1661 ea
171 1633 274 1660 vera
307 1622 371 1660 est
404 1620 672 1660 diversorum
706 1618 974 1659 enumeratio
1015 1619 1104 1658 sive
1144 1618 1358 1659 rhetorica
1399 1617 1679 1658 coacervatio.

87 1691 322 1732 dummodo
356 1691 538 1742 aequalia
572 1691 655 1731 sint
688 1692 729 1730 et
762 1702 849 1730 una
882 1688 991 1729 serie
1016 1689 1254 1741 procedant
1279 1685 1538 1740 membra1),
1574 1700 1682 1727 nun-

88 1775 218 1814 quam
251 1764 445 1802 extrema
476 1761 675 1802 membra
706 1760 926 1813 particulis
952 1760 1232 1801 coniunctivis
1257 1765 1304 1811 et,
1340 1764 1473 1813 atque,
1509 1772 1557 1798 cte
1590 1758 1682 1798 rin—

88 1833 268 1882 ciuntur,
303 1832 517 1885 prioribus
551 1832 781 1873 dissolutis.
833 1830 973 1881 Quam
1006 1831 1201 1883 regulam
1234 1830 1305 1883 qui
1339 1832 1499 1882 negant
1534 1829 1683 1869 obser-

90 1905 237 1944 vatam
287 1916 399 1952 esse,
457 1903 556 1956 quia
603 1903 721 1943 nulla
769 1902 859 1942 eius
907 1901 962 1942 sit
1009 1914 1140 1942 causa
1187 1901 1452 1947 necessaria,
1510 1912 1564 1939 ne
1612 1899 1681 1939 illi.

90 1974 306 2026 quomodo
339 1974 548 2015 sermonis
582 1986 685 2014 usus
719 1973 1017 2020 constituatur,
1052 1973 1271 2024 ignorant;
1305 1984 1407 2011 nam
1440 1983 1576 2022 quum
1609 1982 1685 2010 no—

88 2046 227 2087 tiones
259 2045 507 2086 huiusmodi
547 2043 671 2085 seriei
710 2044 870 2096 ubique
911 2044 1148 2084 coniunctae
1189 2041 1333 2082 animo
1376 2040 1684 2093 concipiantur.

92 2118 240 2157 tamen
270 2117 314 2157 in
346 2116 395 2156 iis
430 2115 656 2156 efferendis
690 2128 770 2155 usu
802 2114 861 2157 fit,
897 2116 944 2154 ut
976 2114 1018 2153 in
1052 2113 1144 2154 aliis
1177 2112 1330 2165 linguis
1364 2112 1420 2153 ad
1453 2124 1551 2152 eam
1586 2123 1685 2151 con-

91 2187 351 2228 iunctionem
386 2186 711 2239 significandam
745 2186 905 2238 ubique
938 2184 1149 2237 particula
1181 2184 1416 2236 repetatur,
1450 2184 1498 2223 ut
1529 2181 1572 2222 in
1598 2181 1687 2222 He-

93 2258 225 2308 braea,
266 2257 309 2299 in
341 2258 448 2307 aliis,
489 2257 649 2298 omissa
683 2259 796 2299 ante.
847 2255 1048 2296 extremis
1082 2254 1393 2306 interponatur,
1442 2255 1490 2293 ut
1522 2252 1612 2293 fere
1645 2253 1686 2292 in

92 2328 262 2378 nostris,
296 2328 338 2369 in
371 2329 464 2369 aliis
497 2330 538 2369 et
571 2328 812 2381 asyndeton
845 2327 899 2367 sit
932 2329 973 2366 et
1005 2324 1227 2378 particulae
1261 2323 1473 2376 repetitio.
1522 2323 1560 2363 Is
1584 2335 1687 2363 usus

189 2505 256 2538 115
283 2508 317 2539 et
344 2504 387 2538 de
414 2504 515 2538 Finn.
542 2503 584 2545 II,
618 2502 650 2544 S,
683 2501 739 2536 23.
791 2502 830 2535 In
857 2501 970 2534 altero
996 2501 1074 2535 loco
1100 2501 1178 2534 Act.
1206 2501 1231 2541 Ι,
1268 2500 1322 2541 10,
1361 2499 1405 2533 29
1432 2510 1542 2543 quem
1568 2499 1686 2533 locum

187 2564 321 2598 habeat
364 2574 522 2607 praesens
565 2566 709 2606 tempus
748 2561 785 2594 in
829 2559 1116 2594 consideratione
1154 2559 1204 2593 rei
1243 2559 1374 2593 futurae
1412 2558 1507 2592 inter
1543 2558 1688 2602 longam

188 2623 319 2657 seriem
345 2622 563 2663 futurorum,
591 2632 677 2655 sane
705 2631 777 2654 non
804 2619 919 2652 video.

134 2679 164 2724 1>
189 2682 245 2716 Sic
272 2681 369 2716 enim
394 2681 534 2725 pridem
560 2680 667 2714 huius
694 2678 781 2722 legis
807 2677 896 2711 fines
923 2676 1092 2710 constitui
1117 2676 1154 2710 in
1189 2676 1353 2720 Append.
1381 2676 1457 2710 crit.
1486 2676 1617 2720 disput.
1645 2675 1687 2708 dc

189 2741 320 2775 Ascon.
347 2752 380 2784 p.
407 2739 439 2774 8.
467 2739 536 2774 Cfr.
564 2739 681 2773 Hand.
708 2737 859 2772 Tursell.
886 2736 918 2769 ΙΙ
943 2747 976 2779 p.
1003 2734 1082 2769 470.
1122 2735 1320 2779 Spaldingii
1346 2745 1505 2769 errorem
1531 2734 1687 2778 posituim

189 2801 300 2835 fuisse
325 2800 362 2834 in
389 2811 442 2840 eo,
481 2798 579 2842 quod
610 2808 717 2832 usum
750 2794 935 2840 particulae
968 2794 1184 2828 adiunctivae
1217 2797 1252 2828 et
1285 2793 1483 2837 colligentis
1518 2804 1582 2836 que
1617 2803 1688 2825 non

191 2862 404 2903 segregaret,
432 2857 505 2891 dixi
531 2868 585 2901 ep.
613 2857 659 2890 ad
686 2855 793 2889 Orell.
820 2866 853 2898 p.
880 2853 936 2887 39.
975 2854 1165 2898 Zumptius
1193 2854 1236 2888 de
1263 2865 1305 2888 ea
1331 2851 1593 2887 consuetudine
1613 2851 1688 2894 ips:

190 2921 271 2962 post
294 2917 543 2961 Spaldingium
569 2919 706 2950 ceteros
733 2913 933 2954 admonuit,
960 2912 1023 2946 sed
1049 2924 1126 2947 rem
1151 2912 1261 2956 paulo
1283 2912 1404 2947 minus
1424 2911 1575 2945 firmiter
1597 2921 1689 2944 com—

191 2976 392 3021 prehendit.

1706 1765 1756 1789 334
