1915 3235
828 114 914 156 555

80 242 146 292 12,
183 243 259 283 11:
293 242 416 283 Nune
448 247 484 283 et
515 243 674 283 damna
706 245 864 296 iuvant,
897 248 992 284 sunt
1024 244 1118 297 ipsa
1141 244 1336 297 pericula
1368 244 1500 295 tanti;
1541 242 1668 283 Stem-

76 313 138 352 tia
170 326 251 353 non
274 318 472 366 poterant
503 318 607 354 tecta
631 312 815 367 probare
847 313 963 362 deos;
997 327 1082 366 quo
1114 314 1206 355 loco
1241 314 1371 354 etiam
1405 314 1457 354 de
1483 326 1530 354 re
1556 326 1668 366 prae-

76 383 203 424 terita
235 383 408 433 dicitur;
440 384 601 424 Plinius
634 384 737 433 VIII,
770 384 818 424 4:
862 384 1140 426 Circumventi
1171 383 1425 438 (elephanti)
1459 397 1486 424 α
1517 397 1668 424 venan-

76 453 184 494 tibus
206 455 372 507 primos
403 456 664 507 constituunt,
712 454 858 508 quibus
891 453 1078 507 (dentes)
1121 460 1216 496 sunt
1254 455 1432 506 minimi,
1480 467 1530 494 ne
1562 455 1669 494 tanti

68 524 270 577 proelium
293 529 467 578 putetur
501 524 561 577 (id
593 527 677 565 est:
710 526 758 565 ut
789 527 1017 566 venatores
1050 539 1193 578 operae
1225 519 1413 578 pretium
1436 537 1490 565 ne
1515 526 1669 576 putent

74 594 254 635 tantillae
274 584 445 647 >praedae
487 609 564 648 spe
604 595 805 648 proelium
848 593 986 647 inire).
1049 596 1217 637 Horum
1260 596 1451 636 locorum
1493 607 1667 647 prorsus

76 664 225 705 similis
258 667 323 706 est
353 666 567 707 Iuvenalis
599 666 680 715 ille,
716 678 741 706 a
774 678 858 717 quo
890 666 1071 718 profecti
1104 679 1267 707 sumus.
1282 663 1314 718 1)

191 735 347 776 Restat
377 736 495 777 illud.
558 735 936 786 Quemadmodum
968 737 1062 777 haec
1094 737 1235 778 forma
1258 737 1480 777 Romanos
1509 736 1667 776 sensim

74 805 118 846 in
164 805 297 846 alium
336 819 463 848 usum
509 807 723 848 transiens
771 806 995 857 fefellerat,
1044 808 1117 857 sic,
1166 820 1300 859 quum
1347 809 1461 847 esset
1508 806 1670 858 aliquid

76 888 305 916 commune
336 876 380 917 in
413 880 595 930 utroque
627 891 722 926 usu,
757 889 911 927 causae,
947 890 1022 918 cur
1047 880 1258 929 ageretur,
1292 876 1557 929 significatio,
1592 876 1669 917 sed

74 947 158 988 alio
191 960 241 988 ac
274 948 488 989 contrario
520 948 650 989 modo
683 960 900 999 expressa,
934 948 1009 988 ubi
1041 947 1257 988 interdum
1282 950 1515 1000 utrumque
1541 960 1668 988 usum

74 1017 405 1070 coniungebant,
440 1018 510 1058 vix
542 1017 623 1070 ipsi
656 1017 952 1060 diversitatem
984 1018 1244 1068 sentiebant,
1279 1018 1433 1058 saltem
1458 1031 1546 1059 non
1569 1030 1668 1070 per—

73 1088 220 1140 spicue
259 1088 678 1138 animadvertebant,
720 1089 837 1129 velut
877 1088 1055 1130 Ovidius
1094 1089 1138 1129 in
1169 1088 1390 1129 Remediis
1422 1087 1595 1129 Amoris
1628 1101 1667 1128 v.

74 1158 161 1199 750
192 1161 235 1199 et
268 1159 371 1200 751:
413 1158 505 1200 Non
540 1163 679 1199 tamen
709 1159 782 1199 hoc
814 1160 922 1200 tanti
954 1164 1023 1212 est,
1056 1172 1225 1212 pauper
1259 1163 1300 1199 ut
1333 1172 1414 1199 esse
1449 1159 1570 1211 velc'3;
1612 1159 1669 1198 At

73 1228 148 1269 tibi
178 1230 232 1270 sit
262 1231 369 1270 tanti
400 1243 482 1271 nou
513 1229 730 1283 indulyere
761 1230 950 1282 theatris,
992 1230 1108 1271 Dum
1141 1230 1237 1270 bene
1269 1229 1318 1269 de
1350 1243 1477 1269 vacuo
1503 1234 1668 1283 pectore

74 1299 193 1340 cedat
224 1314 356 1340 amor.
418 1301 626 1353 Apparet,
660 1301 703 1340 in
735 1301 877 1352 priore
910 1313 1035 1341 versu
1070 1300 1223 1340 mercis
1256 1313 1343 1340 non
1375 1302 1497 1341 tanto
1529 1300 1667 1352 pretio

75 1370 283 1416 emendae,
317 1371 360 1411 in
392 1372 526 1412 altero
559 1372 620 1411 rei
652 1374 828 1423 propter
859 1371 992 1411 talem
1025 1383 1201 1411 causam
1228 1370 1514 1423 suscipiendae
1538 1371 1666 1423 signi-

72 1440 317 1481 ficationem
349 1441 502 1482 inesse.
566 1441 679 1491 Quin
720 1442 764 1482 in
805 1455 941 1482 unum
985 1444 1168 1493 utraque
1212 1441 1465 1493 significatio
1510 1440 1667 1481 coaluit

72 1510 166 1551 loco
199 1511 342 1563 aliquo
375 1511 551 1553 Senecae
585 1512 693 1552 mira
727 1512 916 1564 quadam
950 1512 1120 1552 dicendi
1152 1512 1378 1561 brevitate,
1419 1511 1495 1551 tali
1527 1511 1667 1563 posito

73 1581 280 1631 subiecto,
321 1583 365 1622 in
398 1596 482 1634 quo
514 1583 575 1623 rei
608 1583 862 1635 expetendae
896 1584 938 1623 et
969 1582 1031 1623 rei
1064 1582 1253 1622 ferendae
1285 1582 1402 1623 notio
1437 1583 1666 1633 coniunge-

72 1654 211 1701 retur3
243 1665 347 1692 nam
379 1653 432 1693 de
465 1652 742 1693 Providentia
774 1652 814 1702 5,
851 1654 901 1692 11
936 1653 1163 1693 Phaethon
1196 1653 1255 1692 sic
1285 1652 1492 1705 loquitur:
1527 1652 1669 1692 Placet
1688 1666 1738 1690 134

72 1723 168 1774 viem
216 1723 383 1763 escendo
391 1738 408 1775 ,·
456 1728 512 1764 est
554 1724 661 1763 tanti
700 1737 777 1776 per
822 1725 902 1764 ista
944 1724 1006 1763 ire
1045 1736 1207 1764 casuro.
1270 1722 1570 1775 Expetendum
1604 1726 1667 1762 est

66 1806 148 1846 per
181 1794 261 1834 ista
294 1794 354 1833 ire
387 1793 450 1846 (T
449 1795 538 1834 anti
571 1798 626 1834 est
650 1808 732 1847 per
765 1795 842 1834 ista
878 1795 951 1847 ire,
993 1799 1036 1834 ut
1074 1794 1238 1843 cadam,
1279 1794 1420 1845 priore
1453 1793 1666 1845 significa-

71 1862 218 1915 tione),
269 1864 471 1905 ferendus
516 1877 640 1905 casus
686 1866 729 1904 et
772 1878 887 1905 mors
931 1864 986 1905 ob
1030 1864 1162 1905 talem
1205 1877 1383 1904 causam
1427 1862 1578 1916 (Tanti
1611 1868 1666 1903 est

73 1934 236 1987 cadere,
269 1939 313 1974 ut
336 1949 418 1988 per
452 1936 529 1975 ista
565 1949 668 1985 eam,
702 1935 894 1976 secunda
927 1934 1269 1988 significatione).

190 2005 285 2046 Non
328 2018 431 2046 usus
473 2019 568 2046 sum
611 2006 654 2045 in
698 2006 780 2046 hac
820 2005 1109 2058 disputatione
1150 2005 1313 2057 aliquot
1345 2004 1460 2054 locis,
1510 2004 1665 2057 quibus

72 2074 253 2116 forsitan
283 2078 407 2128 putet
447 2077 541 2129 quis
573 2076 782 2117 utendum
816 2076 961 2117 fuisse.
1024 2076 1142 2117 Raro
1183 2075 1393 2127 exemplo,
1427 2075 1505 2116 sed
1536 2077 1664 2124 recte,

72 2145 272 2186 scribitur
305 2147 422 2199 apud
456 2147 540 2189 Cic.
576 2160 642 2200 ep.
676 2147 732 2188 ad
764 2147 883 2187 Brut.
917 2147 946 2196 Ι,
983 2147 1050 2196 16,
1083 2147 1131 2187 4:
1167 2146 1302 2206 Nihil&
1320 2147 1427 2186 tanti
1457 2145 1555 2198 fuit,
1589 2159 1666 2200 qno

73 2216 342 2257 venderemus
370 2217 496 2270 fidem
530 2223 714 2258 nostram
748 2222 783 2257 et
815 2217 1057 2266 libertatem,
1091 2219 1172 2258 hoc
1206 2219 1289 2258 est':
1322 2216 1441 2257 nulla
1464 2229 1532 2257 res
1556 2216 1666 2257 tanti

73 2286 165 2337 fuit,
199 2289 247 2328 ut
277 2291 521 2340 propterea.
573 2288 733 2329 Contra
765 2288 881 2340 quod
914 2288 1053 2328 editur
1086 2288 1203 2341 apud
1235 2287 1437 2328 Ovidium
1470 2286 1663 2340 (Heroid.

72 2358 142 2408 IX,
176 2358 202 2399 9
236 2361 278 2399 et
312 2358 404 2411 10):
452 2359 510 2399 At
541 2373 623 2399 <non
655 2359 724 2398 ille
756 2359 863 2410 velit,
904 2360 970 2398 cett
1002 2372 1095 2411 nox,
1137 2359 1173 2398 si
1211 2358 1410 2410 creditur,
1452 2371 1537 2398 una
1570 2357 1662 2397 Non

72 2429 192 2481 tanti,
239 2434 284 2470 ut
322 2435 462 2470 tantus
500 2430 769 2482 conciperem,
815 2429 913 2481 fuit,
963 2429 1018 2469 ad
1060 2431 1300 2471 ceterorum
1342 2428 1664 2469 similitudinem

71 2499 188 2540 nullo
227 2500 574 2542 modoaccedit.
637 2500 761 2549 Nam,
810 2499 845 2539 si
891 2499 1033 2551 priore
1080 2499 1389 2552 significatione
1437 2500 1498 2540 uti
1545 2498 1662 2543 velis,

74 2570 177 2622 quid
208 2571 290 2612 hoc
322 2573 399 2621 est,
438 2570 627 2611 noluisse
659 2570 804 2611 lovem
836 2583 968 2610 unam
1001 2573 1171 2611 noctem
1205 2571 1400 2623 accipere
1434 2583 1486 2610 ea
1519 2569 1664 2610 condi-

73 2641 206 2691 cione,
247 2644 294 2682 ut
325 2645 471 2682 tantus
504 2641 625 2682 fieret
657 2640 893 2682 Hercules?
932 2640 998 2681 sin
1030 2641 1180 2690 altera,
1220 2654 1307 2682 non
1339 2641 1481 2681 minus
1515 2641 1664 2681 absur-

111 2813 139 2858 ¹)
166 2814 379 2859 [Commode
412 2817 602 2861 Siesbyeus
643 2820 830 2860 comparat
860 2817 968 2860 plane
1000 2815 1157 2850 similem
1189 2815 1460 2859 significationis
1492 2815 1665 2858 ambigui-

168 2879 280 2909 tatem
306 2875 343 2909 in
370 2887 422 2918 eo,
450 2876 547 2920 quod
573 2878 627 2909 est
651 2876 742 2908 nihil
767 2886 897 2917 moror,
925 2875 1022 2919 quod
1056 2875 1185 2908 dicitur
1212 2877 1247 2908 et
1273 2875 1317 2908 de
1343 2874 1533 2908 commodo
1560 2877 1596 2907 et
1621 2873 1664 2907 de

168 2935 398 2969 incommodo
424 2934 636 2978 negligendo
663 2937 699 2968 et
724 2932 1019 2976 contemnendo]
