1915 3235
784 123 869 165 545

277 253 407 305 Finge
439 255 587 293 tamen
619 252 782 305 gladios
814 253 912 293 inde
946 255 1076 305 atque
1115 253 1215 294 hinc
1253 253 1419 306 pulpita
1457 251 1623 307 p0n131)

279 322 392 372 Quid
423 323 588 363 satius?
635 323 817 364 Mortem
858 324 918 364 sic
950 324 1179 377 quisquam
1222 324 1453 375 exhorruit,
1494 327 1541 366 ut
1572 325 1626 366 sit

279 393 507 446 Zelotypus
541 393 785 446 Thymeles,
820 394 979 446 stupidi
1012 394 1174 447 collega
1206 394 1425 436 Corinthi?

278 464 367 504 Res
399 463 515 504 haud
548 464 657 504 mira
689 466 836 505 tamen
869 464 1106 506 citharoedo
1137 465 1329 518 principe
1361 466 1518 506 mimus

279 533 456 575 Nobilis.
520 533 626 574 Haec
658 534 771 575 ultra
803 535 906 587 quid
939 535 1018 576 erit
1049 536 1130 576 nisi
1161 535 1316 576 ludus?
1363 535 1416 576 Et
1447 536 1530 576 illic

279 604 476 645 Dedecus
510 605 627 645 urbis
658 605 795 646 habes
829 608 908 646 cet.

40 721 186 763 Prima
217 722 352 762 verba
384 720 599 773 accipiunt
631 721 685 762 de
716 722 933 763 nobilibus
966 735 1011 764 se
1035 722 1092 763 ad
1113 722 1412 775 gladiatoriam
1439 736 1630 776 pugnam

41 792 379 833 auctorantibus.
442 792 591 844 Itaque
624 792 791 843 merito,
833 794 905 845 qui
936 793 1066 846 paulo
1099 793 1329 834 attentiore
1361 794 1505 835 animo
1538 795 1631 834 haec

41 863 207 915 legunt,
255 862 484 911 mirantur,
533 863 647 903 unde
691 863 786 903 haee
829 863 972 904 subito
1014 863 1296 904 interiiciatur
1338 864 1630 917 interrogatio,

44 946 177 985 quum
210 933 263 973 de
296 932 608 985 gladiatoribus
640 934 815 974 omnino
839 933 944 974 nihil
968 936 1099 986 poeta
1122 933 1289 981 dixerit,
1323 935 1400 975 sed
1425 935 1478 976 de
1502 947 1632 976 scena

41 1006 225 1045 tantum.
274 1003 326 1044 Et
357 1003 467 1044 redit
499 1003 554 1044 ad
587 1016 761 1044 scenam
793 1017 921 1044 versu
957 1003 1038 1045 196
1073 1002 1192 1056 (nam
1225 1005 1297 1056 qui
1329 1004 1373 1045 in
1403 1005 1474 1046 illo
1504 1018 1633 1046 Versu

44 1074 96 1115 de
142 1074 451 1127 gladiatoribus
500 1087 670 1127 quoque
714 1074 1022 1126 cogitaverunt,
1071 1076 1338 1127 quantopere
1386 1079 1542 1123 errent,
1593 1078 1635 1116 et

43 1147 164 1198 patet
195 1147 238 1185 et
268 1158 369 1185 mox
401 1143 671 1197 exponetur),
713 1157 763 1185 ac
795 1147 946 1197 postea
979 1145 1154 1186 demum
1188 1146 1353 1197 quaerit,
1403 1145 1505 1198 quid
1537 1147 1635 1198 post

43 1215 136 1256 haec
167 1217 301 1255 restet
339 1217 382 1255 et
423 1215 610 1267 supersit
651 1214 941 1267 turpitudinis,
990 1215 1070 1255 nisi
1113 1217 1161 1256 ut
1202 1215 1461 1268 gladiatores
1504 1216 1635 1257 etiam

43 1286 167 1333 fiant;
215 1299 317 1326 nam
354 1286 467 1326 hanc
512 1297 606 1326 esse
645 1298 794 1326 versus
831 1286 912 1326 199
945 1287 1219 1335 sententiam,
1268 1287 1398 1339 paulo
1430 1288 1527 1338 post
1560 1287 1635 1327 de-

45 1356 234 1406 fendam,
282 1356 316 1396 si
364 1355 613 1396 defensione
654 1368 762 1408 opus
801 1352 926 1409 est.‘²)
988 1356 1137 1409 Itaque
1176 1359 1298 1398 tanta
1335 1358 1429 1397 haec
1466 1361 1636 1409 pertur-

45 1427 163 1468 batio
195 1427 364 1468 Videtur
396 1439 503 1474 esse,
537 1428 585 1466 ut
617 1427 753 1467 maior
784 1427 902 1467 nulla
935 1440 1028 1468 esse
1051 1428 1206 1480 possit;
1240 1440 1371 1480 quam
1401 1427 1473 1479 qui
1495 1430 1635 1480 poetae

45 1497 126 1550 ipsi
157 1497 355 1549 imputat,
402 1496 678 1544 Schmidtius,
726 1510 898 1538 versum
935 1498 1030 1547 199,
1080 1511 1131 1538 ex
1165 1511 1249 1551 quo
1283 1499 1466 1550 apparet
1497 1500 1637 1550 poetae

46 1567 358 1609 sententiarum
415 1567 520 1608 ordo
580 1570 622 1607 et
678 1568 939 1620 progressio,
1000 1581 1274 1621 corrumpere
1331 1571 1505 1615 coactus
1561 1571 1636 1609 est.

46 1639 205 1680 Verum
249 1638 369 1679 salva
410 1650 479 1678 res
523 1639 600 1677 est.
670 1637 780 1678 Nam
821 1638 980 1690 funera
1022 1638 1196 1679 vendere
1241 1639 1295 1679 ad
1338 1639 1638 1691 gladiatoriam

47 1722 236 1762 pugnam
268 1722 322 1749 ne
354 1711 531 1761 propter
562 1708 702 1761 ipsam
736 1709 908 1761 quidem
942 1709 1167 1750 locutionis
1200 1710 1287 1750 vim
1320 1709 1535 1761 pertinere
1560 1722 1638 1761 po-

46 1782 149 1829 test3
181 1793 283 1820 nam
316 1792 395 1820 nec
427 1778 626 1820 omnibus
659 1779 968 1831 gladiatoribus
1002 1782 1119 1820 certa
1152 1793 1267 1821 mors
1302 1781 1407 1828 erat,
1440 1792 1533 1828 nec,
1568 1779 1640 1831 qui

48 1851 175 1891 morti
207 1863 253 1891 se
286 1849 512 1902 spondent,
546 1854 717 1890 mortem
748 1851 953 1900 vendunt,
987 1850 1065 1891 sed
1090 1851 1231 1891 vitam.
1279 1850 1474 1902 Apparet
1497 1849 1638 1902 igitur,

89 2059 117 2103 i)
141 2061 252 2096 Recte
278 2061 327 2095 sic
353 2061 550 2105 Rupertius
576 2072 640 2104 pro
659 2072 763 2104 pone,
797 2061 893 2104 quod
927 2061 1027 2095 nullo
1053 2061 1161 2094 modo
1195 2060 1285 2103 (rem
1313 2061 1431 2104 ipsam
1458 2064 1493 2095 et
1518 2071 1643 2094 veram

144 2120 364 2164 significans)
401 2120 596 2164 respondet
627 2118 730 2152 alteri
759 2120 860 2162 flnye.
911 2120 1027 2153 Immo
1060 2120 1160 2153 iubet
1191 2123 1299 2163 poeta
1323 2119 1420 2163 fingi,
1459 2120 1504 2153 ab
1531 2120 1644 2153 altera

144 2183 246 2224 parte
272 2179 411 2223 gladios
437 2178 589 2219 ostendi,
618 2178 662 2211 ab
690 2177 803 2211 altera
829 2178 979 2222 pulpita.

90 2236 116 2279 ²)
142 2238 340 2282 Rupertius
366 2237 403 2272 in
430 2248 472 2271 eo
499 2248 643 2281 quoque
670 2237 840 2277 haerebat,
880 2237 975 2280 quod
1008 2236 1045 2270 in
1071 2237 1282 2281 gladiatorio
1309 2248 1460 2271 munere
1488 2248 1643 2271 comme-

145 2301 347 2331 moraretur
373 2300 514 2341 praetor,
550 2307 664 2340 quum
691 2295 861 2329 Claudius
887 2299 1057 2339 praetores
1084 2296 1299 2339 gladiatores
1334 2296 1419 2330 dare
1454 2296 1643 2331 vetuisset;

145 2356 267 2399 itaque
294 2366 407 2399 quum
434 2356 477 2389 de
503 2354 762 2399 gladiatoribus
788 2365 861 2387 non
888 2354 1080 2395 dubitaret,
1118 2366 1263 2388 versum
1291 2355 1369 2396 194,
1397 2356 1432 2388 in
1460 2366 1530 2398 quo
1557 2366 1643 2398 prae-

146 2415 233 2448 toris
271 2415 407 2448 mentio
444 2414 557 2455 fieret,
597 2413 804 2447 damnabat.
861 2413 937 2446 Hoc
976 2414 1019 2446 de
1058 2414 1271 2457 praetoribus
1303 2414 1480 2448 VVeberus
1517 2424 1645 2447 verum

148 2485 225 2508 esse
250 2477 368 2517 negat,
396 2484 461 2507 nec
487 2476 610 2506 tamen
637 2472 741 2505 valde
766 2472 880 2515 perite
898 2472 1068 2515 disputat.
1107 2472 1197 2506 Nam
1223 2474 1290 2507 Dio
1306 2473 1376 2514 LX,
1404 2472 1426 2506 ἶ)
1451 2483 1538 2506 sane
1564 2472 1643 2505 sine

149 2532 358 2576 exceptione
385 2531 469 2565 dicit
495 2528 574 2567 τούς
599 2527 745 2573 (ἷγοῖνας
777 2528 857 2566 τούς
883 2527 1108 2575 ὁπλομάχους
1138 2536 1310 2576 praetores
1346 2532 1462 2566 facere
1497 2530 1645 2570 vetitO53

149 2591 246 2634 quod
272 2594 395 2625 autem
422 2590 605 2624 Fabricius
632 2590 676 2623 de
703 2590 829 2624 ceteris
855 2590 949 2624 ludis
976 2591 1175 2634 adscripsit,
1209 2591 1341 2625 oblitus
1369 2594 1446 2624 erat
1474 2590 1526 2623 vir
1553 2600 1647 2633 egre-

149 2650 237 2694 gius,
275 2650 311 2684 in
345 2650 387 2684 iis
419 2650 523 2690 ludis,
563 2660 664 2693 quos,
704 2648 789 2681 olim
821 2648 942 2682 liberae
968 2649 1019 2682 rei
1045 2650 1199 2693 publicae
1226 2654 1387 2694 tempore
1414 2649 1458 2682 ab
1486 2648 1647 2682 aedilibus

150 2709 273 2750 factos,
312 2712 438 2752 postea
469 2712 640 2752 praetores
674 2708 779 2741 edere
813 2712 1086 2749 consueverant,
1125 2709 1243 2742 nullos
1275 2709 1386 2742 fuisse
1420 2708 1647 2752 gladiatores,

150 2768 310 2802 scenicos
336 2771 371 2802 et
406 2768 583 2801 circenses
616 2777 744 2800 omnes
777 2767 897 2801 fuisse.
949 2767 1123 2801 Weberus
1151 2768 1295 2811 quidem
1323 2767 1492 2800 ludorum
1518 2776 1649 2809 genera

150 2837 297 2870 prorsus
329 2838 403 2860 non
437 2825 634 2870 distinguit,
674 2825 735 2868 qui
768 2829 1022 2869 argumentum
1057 2827 1164 2860 ducat
1199 2838 1241 2860 ex
1274 2827 1346 2860 Sat.
1374 2826 1431 2866 XI,
1466 2824 1533 2857 193
1560 2835 1648 2867 sqq„

152 2884 213 2918 ubi
239 2885 472 2929 Megalenses,
501 2885 563 2929 qui
589 2884 767 2918 circenses
794 2888 906 2926 erant,
933 2885 1179 2927 nominantur,
1206 2886 1249 2919 de
1275 2884 1533 2929 gladiatoribus
1560 2882 1650 2916 nihil

155 2943 297 2978 dicitur.

1321 3001 1367 3034 35

1658 1439 1708 1464 182
