1915 3235
103 734 153 758 314

112 2712 162 2737 315

926 93 1012 135 652

172 227 306 275 beret,
348 230 520 274 vetere3;
561 224 762 277 quodque
795 223 1013 264 Manutius
1047 221 1186 275 (cuius
1217 221 1351 262 verba
1383 221 1620 262 Beneckius
1664 220 1761 262 Ger-

172 297 339 338 manice
362 294 564 348 reddidit)
597 296 905 347 interpretatus
934 295 1075 352 essetq
1100 292 1272 345 eosdem,
1305 305 1404 347 quos
1427 291 1631 332 habuerat
1656 296 1763 341 ante,

172 380 312 421 neque
355 367 434 407 dici
478 366 538 407 sic
580 365 694 407 nude
739 370 892 406 veteres
934 377 1075 417 neque
1118 363 1162 403 in
1205 376 1255 404 eo
1294 362 1425 403 ullam
1471 375 1564 403 esse
1598 362 1765 403 confes-

173 439 336 480 sionem
385 437 444 478 rei
493 436 648 478 deinde
694 436 958 489 mitigandae.
1042 435 1192 487 Itaque
1245 436 1336 474 tum
1392 446 1528 474 unum
1576 433 1765 474 codicem

173 508 468 550 Hauniensem
502 510 545 549 et
575 510 767 548 veterem
801 507 1032 548 editionem
1065 508 1238 547 secutus
1271 517 1419 545 vocem
1449 503 1620 553 sustuli;
1641 512 1766 544 'nunc

177 581 297 621 video
331 593 425 620 eam
460 592 609 620 vocem
651 579 805 620 abesse
845 591 870 619 a
903 577 1013 619 Gud.
1050 577 1069 617 1
1113 578 1155 617 et
1194 578 1398 628 quattuor
1437 574 1767 616 Monacensibus

175 654 216 692 et
254 650 604 699 Helmstadiensi,
653 649 697 690 in
737 662 823 702 quo
859 661 991 701 supra
1029 647 1189 700 scripta
1229 648 1305 696 est,
1355 650 1401 686 ut
1441 647 1664 698 appareat,
1714 645 1768 686 de

175 721 490 764 Oxoniensibus
523 720 741 762 codicibus
773 733 860 761 non
891 721 1007 760 recte
1038 717 1184 767 taceri,
1234 719 1276 758 et
1316 729 1409 757 esse
1447 716 1559 757 hanc
1599 729 1769 769 quoque

174 793 325 846 prioris
358 792 534 834 familiae
566 791 786 844 propriam
819 789 1211 842 interpolationem.
1276 786 1423 841 (Apud
1456 787 1694 828 Soldanum
1727 787 1770 828 in

176 864 382 906 varietate
415 863 638 916 scripturae
678 875 756 914 pro
800 860 909 902 Gud.
949 861 966 900 1
1014 859 1257 912 appellatur
1300 858 1408 900 Gud.
1443 858 1482 908 2,
1531 858 1608 899 sed
1653 871 1771 900 error

175 940 355 988 apparet
388 949 429 987 p.
465 932 553 986 83.)

292 1004 315 1057 ξ
349 1006 401 1046 27
438 1005 601 1046 editum
634 1006 698 1044 est
737 1002 793 1044 ab
833 1002 1034 1044 omnibus
1073 1013 1209 1053 usque
1248 1000 1303 1041 ad
1342 1002 1539 1041 nostrum
1578 1002 1769 1052 tempus:

178 1073 324 1117 Multis
355 1076 424 1116 ille
463 1076 627 1130 quidem
665 1073 871 1129 yradibus
910 1072 1145 1126 officiorum
1186 1085 1286 1126 crya
1324 1084 1411 1111 rem
1443 1070 1661 1125 publicam
1699 1084 1769 1111 ηο-

175 1153 307 1189 stram.
341 1148 398 1188 ad
430 1147 503 1187 hoc
535 1147 696 1201 reyimn
729 1158 877 1186 nomen
912 1143 1148 1194 adseemlit;
1179 1143 1250 1183 sed
1281 1146 1420 1183 tamen
1453 1144 1547 1192 cet.,
1591 1144 1632 1183 et
1667 1155 1769 1183 con-

175 1221 320 1260 firmat
352 1232 448 1260 eam
481 1218 739 1270 scripturam
772 1215 882 1257 Gud.
921 1216 939 1255 1
985 1227 1082 1255 cum
1122 1216 1213 1255 tota
1254 1213 1417 1254 familia
1448 1213 1598 1254 altera.
1663 1213 1772 1254 Ecce

176 1290 378 1340 Klotzius,
420 1288 670 1337 Beneckius,
715 1286 928 1328 Soldanus
971 1285 1095 1326 nobis
1139 1298 1191 1326 ex
1230 1285 1330 1335 Erf.,
1376 1284 1484 1326 Gud.
1519 1285 1558 1334 2,
1602 1284 1771 1334 Salisb.,

175 1362 272 1402 Par.
300 1362 349 1401 11
375 1360 663 1401 substituunt:
698 1358 846 1399 Multis
879 1356 1045 1411 quidem
1080 1356 1167 1405 illex
1199 1355 1412 1397 rationem
1445 1356 1575 1397 etiam
1609 1355 1771 1397 adscri—

177 1433 297 1479 l)unt,
339 1432 552 1473 Soldanus
586 1430 759 1483 quidem
790 1428 856 1469 his
890 1427 1052 1468 Verbis:
1108 1427 1275 1476 „Verba
1308 1428 1419 1468 enim
1454 1427 1596 1467 multis
1625 1426 1772 1481 yrudi-

177 1504 250 1544 lms
286 1527 335 1530 ——
372 1502 587 1544 adscendit
619 1501 897 1554 opponuntur
929 1499 992 1549 iis,
1028 1512 1123 1552 quae
1149 1498 1491 1550 subsequuntur:
1529 1498 1600 1539 sed
1632 1503 1771 1538 tamen

178 1577 271 1624 cet.,
306 1574 483 1626 eiusque
515 1573 576 1614 rei
609 1572 740 1613 causa
772 1571 828 1612 ad
860 1570 1002 1611 multis
1034 1559 1319 1610 retrahendus
1353 1571 1417 1610 est
1441 1571 1659 1618 accentus,
1693 1581 1771 1609 nec

177 1646 339 1701 quidem
375 1643 629 1697 pronomine
661 1643 730 1682 ille
762 1642 985 1683 interiecto
1025 1641 1080 1682 ab
1120 1641 1191 1681 illo
1229 1640 1322 1693 ipso
1364 1640 1504 1680 multis
1544 1639 1771 1692 seiungen-

178 1718 323 1766 dum“,
359 1716 597 1767 eodemque
630 1698 759 1755 inodo
792 1712 1043 1753 Beneckius.
1108 1712 1256 1764 Itaque
1289 1712 1437 1752 notam
1470 1711 1608 1763 legem
1634 1709 1773 1751 Latini

177 1787 386 1829 sermonis
445 1784 730 1839 (Ciceroniani
788 1786 830 1824 et
886 1783 1096 1835 Augustei
1152 1780 1376 1834 temporis)
1432 1783 1508 1822 aut
1554 1780 1773 1833 ignorasse

178 1859 376 1899 videntur
408 1860 495 1906 aut,
539 1859 587 1897 ut
619 1855 837 1897 codicibus
870 1854 950 1895 illis
982 1853 1339 1907 gratificarentur,
1392 1852 1511 1893 obliti
1545 1864 1651 1901 esse,
1700 1851 1774 1892 ubi

179 1930 441 1971 concedatur
473 1927 634 1980 aliquid
668 1925 969 1979 (praedicatum
1004 1924 1191 1977 aliquod,
1234 1927 1280 1965 ut
1319 1936 1433 1964 nunc
1466 1920 1698 1975 loquimur)
1731 1921 1774 1962 in

179 2001 321 2053 aliquo
369 1999 581 2047 subiecto,
632 1997 786 2038 deinde
835 1996 1098 2037 contrarium
1146 1995 1444 2047 subiungatur,
1494 1993 1551 2034 ibi
1601 1992 1774 2045 opposi-

179 2072 339 2112 tionem
373 2082 545 2122 semper
578 2069 693 2109 illam
728 2067 903 2121 quidem
935 2067 978 2107 in
1010 2079 1056 2107 re
1090 2079 1293 2107 concessa
1326 2078 1432 2114 esse,
1478 2064 1555 2104 sed
1587 2063 1643 2104 ad
1676 2076 1773 2104 eam

180 2142 415 2183 notandam
457 2139 671 2192 interponi
711 2151 952 2192 pronomen
994 2138 1050 2178 ad
1092 2137 1347 2186 subiectum,
1397 2136 1450 2176 de
1495 2148 1579 2187 quo
1623 2146 1774 2175 conce-

181 2214 327 2262 datur,
384 2211 602 2264 pertinens
658 2210 782 2262 eique
830 2209 1088 2262 particulam
1137 2208 1359 2249 adhaerere
1406 2206 1523 2247 nullo
1570 2204 1775 2257 singulari

181 2282 443 2335 pronominis
477 2281 680 2334 pondere,
730 2279 807 2321 sed
851 2280 966 2332 quod
1007 2280 1089 2320 hoc
1130 2279 1271 2331 ipsum
1312 2276 1577 2331 pronominis
1618 2288 1774 2316 munus

181 2354 233 2394 sit
277 2352 346 2406 (ex
389 2365 473 2405 quo
521 2352 676 2392 dicitur
717 2352 809 2391 nolo
853 2350 1052 2405 equidem,
1102 2362 1188 2391 non
1226 2349 1318 2389 nolo
1351 2347 1515 2402 quidem
1550 2360 1632 2401 eqo,
1681 2358 1773 2395 nec,

181 2424 396 2476 quomodo
444 2436 557 2463 nunc
605 2422 693 2463 fere
741 2421 946 2469 scribunt,
996 2421 1087 2461 nolo
1135 2417 1333 2474 quidem).
1397 2418 1508 2458 Nam
1555 2418 1589 2458 si
1637 2417 1776 2469 legem

184 2495 431 2541 tenuissent,
481 2493 609 2533 aliam
650 2492 972 2533 excusationem
1006 2490 1272 2544 quaesissent,
1321 2502 1407 2530 non
1439 2488 1570 2537 illam,
1621 2501 1717 2540 quae
1750 2500 1775 2528 a

183 2564 334 2606 Latina
366 2564 629 2617 proprietate
670 2576 844 2616 prorsus
884 2562 1071 2603 aberrat.
1134 2560 1373 2601 Rarissima
1412 2558 1589 2612 reperiri
1629 2571 1793 2607 exem-⁸

183 2636 253 2688 pla
286 2634 549 2688 pronominis
589 2634 811 2686 particulae
851 2632 1045 2682 subiecti,
1095 2631 1181 2672 dixi
1223 2632 1279 2672 ad
1317 2630 1407 2671 Fin.
1435 2629 1529 2670 libr.
1564 2629 1617 2670 IV
1649 2628 1672 2680 ἓ
1704 2628 1774 2669 43.

183 2707 330 2759 Neque
363 2705 406 2746 in
437 2706 518 2745 hoc
551 2704 838 2745 Deiotarianae
870 2704 963 2744 loco
997 2701 1305 2751 dubitabimus,
1347 2692 1449 2753 quin
1482 2700 1525 2740 in
1558 2699 1775 2741 codicibus

184 2776 333 2829 prioris
367 2775 539 2817 familiae
573 2775 735 2815 librarii
768 2774 964 2815 ordinem
997 2787 1022 2815 a
1055 2777 1202 2814 nostro
1235 2785 1364 2813 sensu
1396 2770 1589 2812 nonnihil
1616 2769 1775 2811 abhor-

187 2850 348 2889 rentem
382 2846 645 2887 inverterint.
708 2845 770 2885 De
802 2844 986 2897 Philipp.
1020 2845 1166 2885 autem
1191 2843 1257 2893 VI,
1296 2843 1315 2883 1
1352 2844 1394 2883 et
1428 2841 1483 2883 ad
1515 2841 1634 2882 Fam.
1662 2839 1774 2890 XVI,
