1915 3235
795 106 876 147 337

47 239 300 280 debuerant.
363 237 474 289 Ergo
506 249 591 277 non
623 235 879 277 variandum
919 235 1011 285 fuit,
1052 237 1099 276 ut
1131 234 1313 276 Orellius
1346 237 1483 288 putat,
1532 235 1636 276 illud

46 315 132 350 tam
166 308 358 362 improbe,
392 307 469 348 sed
501 307 617 347 idem
649 306 947 359 repetendum.
997 305 1198 347 Ceterum
1230 305 1277 355 si,
1312 305 1427 357 quod
1461 305 1505 346 in
1532 305 1635 346 Ber-

47 380 251 421 nensibus
284 383 362 427 est,
405 377 447 418 in
481 377 625 418 codice
658 377 891 430 archetypo
925 377 1055 417 etiam
1087 375 1185 416 fuit:
1234 375 1349 416 iilius
1381 377 1518 416 oratio
1550 381 1637 417 tam

47 449 250 504 improba,
285 471 341 477 —-
371 449 417 488 in
449 461 548 503 quos
580 448 655 488 illa
687 448 821 487 oratio
853 451 939 487 tam
970 445 1173 499 improba,
1206 459 1346 499 neque
1368 447 1404 487 is
1429 459 1547 488 error
1572 448 1637 487 est

49 521 180 562 solius
212 520 387 568 librarii,
422 518 495 571 qui
526 518 652 559 Bern.
690 519 709 557 1
745 517 926 570 scripsit,
968 516 1173 557 mendum
1207 516 1250 557 id
1282 529 1386 557 sane
1420 516 1513 566 fuit,
1562 516 1638 557 sed

48 591 163 644 quod
194 589 310 639 illud,
360 589 476 642 quod
507 589 606 638 dixi,
657 588 900 637 confirmet;
947 601 1050 628 nam
1081 590 1173 628 tum
1214 587 1285 628 illa
1324 592 1410 628 tam
1451 587 1639 641 improba

48 675 102 702 ne
133 662 177 702 in
209 660 444 713 archetypo
478 659 653 712 quidem
686 659 834 700 addita
860 659 990 700 fuisse
1015 660 1147 711 patet,
1182 658 1259 698 sed
1283 671 1336 698 ex
1360 657 1503 698 adhuc
1529 657 1640 698 anti-

48 733 194 784 quiore
227 733 394 771 retenta
428 733 471 771 et
502 729 689 782 quidem,
724 743 856 782 quum
890 729 1023 770 semel
1062 728 1213 770 subiici
1252 728 1464 769 vocabulo
1507 729 1641 769 oratio

48 803 269 851 deberent,
318 803 505 842 retracta
553 801 683 841 etiam
730 800 774 840 in
820 800 1007 852 priorem
1046 800 1188 841 locum
1228 812 1335 840 esse.
1399 799 1484 840 Sed
1517 812 1639 839 men-

49 873 152 914 dum
197 885 290 913 esse
333 871 489 912 codicis
532 871 775 920 Beruensis,
824 884 910 912 non
952 870 1186 924 archetypi,
1237 871 1376 923 arguit
1419 869 1555 911 codex
1598 869 1639 910 S.

49 943 243 984 Victoris.

166 1013 325 1054 Verum
357 1012 551 1053 Vaticani
592 1012 701 1053 illius
742 1012 897 1053 codicis
940 1024 1036 1052 cum
1081 1012 1231 1053 ceteris
1275 1010 1542 1063 comparatio
1586 1010 1643 1051 ad

49 1096 210 1136 paucas
258 1084 470 1135 quasdam
519 1086 560 1124 et
607 1084 781 1135 exiguas
829 1082 1061 1135 particulas
1109 1082 1314 1135 pertinet,
1365 1084 1486 1122 extra
1534 1093 1642 1133 quas

51 1155 201 1195 ceteris
233 1154 313 1195 illis
346 1154 555 1194 utendum
589 1157 653 1194 est
685 1154 798 1195 solis.
847 1154 929 1194 Eos
962 1166 1111 1194 omnes
1145 1166 1197 1193 ex
1229 1165 1314 1193 uno
1349 1151 1493 1193 codice
1524 1152 1643 1192 Vati-

51 1226 145 1266 cani
177 1225 287 1266 illius
322 1227 496 1265 aetatem
528 1238 613 1266 non
646 1227 846 1278 aequante
888 1226 930 1265 et
972 1224 1058 1265 iam
1101 1224 1246 1264 multis
1289 1223 1391 1264 10015
1436 1222 1644 1263 mendoso

50 1309 129 1337 nec
161 1296 217 1337 ad
256 1295 484 1348 legendum
534 1295 646 1336 facili
694 1296 909 1336 derivatos
958 1308 1064 1344 esse,
1114 1293 1517 1335 manifestissimum
1565 1295 1642 1341 est,

51 1366 167 1419 quod
197 1366 421 1419 permultis
454 1366 556 1407 locis
589 1380 675 1408 non
698 1366 827 1408 modo
853 1379 1002 1407 omnes
1029 1368 1176 1419 aperte
1201 1366 1389 1418 corrupti
1422 1366 1534 1414 sunt,
1569 1364 1646 1405 sed

51 1438 181 1479 etiam
212 1438 255 1478 in
288 1438 531 1490 corruptela
564 1437 738 1478 eosdem
780 1450 956 1490 prorsus
996 1437 1237 1478 litterarum
1277 1437 1421 1488 apices
1462 1435 1640 1483 habent,

52 1521 300 1561 quanquam
347 1508 493 1549 multis
541 1508 642 1549 locis
696 1509 739 1549 in
791 1509 1103 1550 recentioribus
1153 1507 1275 1548 codd.
1323 1507 1416 1547 haec
1464 1505 1644 1557 vestigia

53 1578 290 1620 omittendo
324 1581 365 1619 et
397 1579 698 1631 interpolando
731 1579 944 1620 occultata
977 1582 1089 1620 sunt.
1152 1578 1294 1630 Atque
1335 1589 1483 1618 eorum
1524 1588 1645 1616 men-

53 1649 204 1690 dorum
238 1649 443 1690 nonnulla
476 1652 576 1690 sunt
608 1649 667 1690 ita
700 1652 851 1702 aperta
884 1650 1111 1702 faciliaque
1155 1649 1211 1690 ad
1252 1647 1564 1700 corrigendum,
1599 1648 1647 1687 ut

53 1720 329 1773 perspicuum
361 1721 429 1769 sit,
463 1720 699 1770 librarium,
741 1721 812 1773 qui
847 1721 1037 1762 codicem
1071 1721 1353 1772 archetypum
1387 1718 1570 1770 scripsit,
1604 1717 1648 1758 id

55 1794 130 1841 est,
181 1804 292 1840 eum,
342 1804 393 1832 ex
434 1804 517 1843 quo
558 1792 693 1832 nostri
727 1791 843 1832 ducti
875 1794 975 1832 sunt
1006 1794 1216 1843 tanquam
1249 1803 1301 1830 ex
1334 1789 1474 1841 capite
1507 1786 1644 1837 rivuli,

53 1862 235 1903 fideliter
267 1875 379 1911 eum,
429 1875 557 1914 quem
598 1863 688 1914 ipse
728 1864 992 1914 sequeretur,
1043 1860 1318 1914 expressisse,
1367 1860 1471 1900 nihil
1505 1859 1648 1912 ipsum

54 1933 370 1974 immutantem.
420 1932 466 1973 Id
500 1945 670 1985 quoque
704 1935 837 1985 patet,
872 1934 957 1974 iam
990 1933 1034 1973 in
1067 1931 1211 1973 codice
1244 1931 1480 1983 archetypo
1513 1930 1648 1970 verba

55 2004 289 2057 separatim
322 2004 482 2055 scripta
514 2003 666 2052 fuisse3
714 2017 853 2056 neque
895 2004 1008 2044 enim
1041 2003 1230 2054 alioquin
1261 2002 1305 2042 in
1337 2001 1539 2042 omnibus
1571 2013 1648 2041 no-

56 2075 154 2116 stris
189 2074 406 2116 codicibus
440 2074 648 2115 resideret
680 2074 905 2114 ridiculum
938 2073 1145 2114 mendum
1179 2086 1229 2113 ex
1262 2073 1404 2113 verbis
1439 2071 1551 2112 male
1585 2071 1649 2111 di-

55 2145 156 2186 visis
189 2148 331 2187 ortum
364 2158 398 2186 0.
432 2145 501 2195 40,
545 2145 598 2186 87
641 2144 678 2197 (e
710 2158 755 2185 re
778 2158 825 2198 1).
858 2149 943 2184 tum
985 2157 1063 2196 pro
1096 2142 1309 2197 ereptum).
1381 2143 1469 2183 Nec
1510 2141 1650 2182 minus

57 2218 157 2257 sunt
189 2216 415 2269 perspicua
449 2215 615 2268 reliqua
647 2215 886 2256 communis
919 2214 1091 2267 originis
1124 2213 1316 2266 vestigia.
1331 2210 1364 2265 l)

94 2402 122 2445 ¹)
147 2403 331 2448 Exempla,
360 2404 403 2438 de
430 2404 560 2448 quibus
579 2403 678 2438 nulla
696 2403 741 2437 sit
759 2402 935 2436 dubitatio
954 2413 1019 2436 nec
1038 2401 1224 2444 dissensio,
1251 2401 1308 2434 hic
1327 2401 1460 2435 selecta
1483 2400 1652 2443 quaedam

152 2463 340 2497 subiiciam
366 2466 498 2507 praeter
524 2474 577 2504 ea,
612 2473 692 2506 quae
718 2473 828 2506 supra
854 2461 967 2505 posui,
1002 2460 1217 2494 Vaticanum
1244 2460 1320 2494 cod.
1349 2469 1651 2493 commemorans.

153 2522 189 2556 C.
217 2521 248 2563 5,
282 2521 325 2554 12
357 2533 483 2556 omnes
519 2522 620 2555 codd.
654 2520 806 2554 habent:
845 2520 987 2553 stabula
1013 2521 1197 2563 proeelara
1231 2518 1376 2563 (praeter
1409 2517 1529 2552 Ursini
1562 2517 1652 2558 cod,

154 2581 215 2625 qui
241 2592 383 2625 semper
409 2584 540 2625 praesto
567 2583 654 2621 erat,
688 2577 844 2620 fictum);
885 2578 915 2619 9,
943 2578 1005 2611 ‘212
1044 2584 1076 2612 et
1106 2590 1212 2612 senex·
1245 2580 1285 2611 de
1317 2589 1355 2611 re
1375 2577 1523 2620 publica
1549 2577 1654 2609 *meri-

154 2645 271 2674 torum
296 2650 378 2683 pro:
406 2645 437 2673 et
462 2640 543 2673 bene
569 2640 609 2672 de
626 2650 665 2672 re
678 2650 716 2681 2).
735 2639 941 2671 meritorum
970 2636 1144 2681 (apparet,
1180 2648 1291 2681 quam
1317 2635 1490 2669 ridiculus
1517 2638 1553 2668 et
1578 2644 1654 2678 per-

154 2699 299 2742 spicuus
325 2698 371 2732 511
397 2709 514 2735 error;
554 2696 769 2731 nominatim
803 2695 904 2729 citari
929 2699 1081 2739 possunt
1106 2696 1197 2737 Par„
1224 2696 1330 2729 Bern.
1361 2694 1391 2735 1,
1431 2693 1462 2736 2,
1502 2693 1542 2733 is,
1583 2703 1654 2736 quo

155 2768 242 2792 usus
268 2757 467 2801 Hervagius
494 2760 558 2798 est,
592 2760 835 2800 quattuorque
862 2754 962 2795 Oxx.,
996 2755 1032 2788 id
1059 2758 1122 2796 est,
1157 2766 1302 2795 omnes;
1336 2764 1423 2787 nam
1449 2753 1520 2786 duo
1548 2762 1566 2785 e
1593 2762 1655 2784 sex

156 2816 232 2850 haec
258 2815 462 2858 omittunt);
490 2827 518 2850 0.
546 2814 601 2857 27,
636 2815 696 2848 59:
741 2814 845 2856 Tulit,
883 2815 990 2856 yessit
1022 2812 1122 2856 (nam
1148 2814 1260 2847 codex
1285 2811 1526 2846 Memmianus
1553 2810 1654 2843 Lam-

156 2874 242 2915 bini,
269 2878 309 2908 ut
335 2886 439 2919 saepe,
479 2874 685 2908 coniectura
712 2871 796 2915 est);
836 2872 890 2913 62,
931 2872 1014 2906 130:
1055 2874 1103 2906 ad
1134 2884 1244 2906 unam
1269 2873 1361 2905 dicto
1388 2872 1493 2904 citius
1518 2880 1582 2913 pro
1609 2869 1656 2902 ad

159 2934 342 2967 Numidici
368 2935 475 2967 illius.

1327 2988 1371 3011 ss)-)

1660 811 1712 837 416
