1915 3235
170 1402 204 1426 88

974 121 1061 162 470

224 265 274 292 ne
305 257 341 292 et
372 265 498 305 opera
538 255 574 291 et
611 252 744 292 oleum
774 250 1016 305 philoloqice
1053 255 1205 292 nostroe
1236 252 1428 305 perierit,
1477 249 1682 304 [quocum
1723 263 1820 292 con-

225 323 324 363 ferri
367 324 510 374 potest
551 321 608 362 ad
649 321 769 362 Fam.
801 321 876 371 VI,
923 321 996 371 12,
1041 321 1086 362 3:
1135 322 1237 376 quin
1276 323 1429 377 Zeyente
1469 326 1506 362 te
1544 321 1622 363 lias
1661 322 1822 362 litteras

224 392 410 445 confecta
440 393 528 433 iam
559 405 626 433 res
655 391 808 445 futura
839 391 929 445 sit])
963 394 1005 433 et
1026 392 1143 433 Livii
1176 392 1322 445 (XXII,
1360 393 1434 434 14:
1473 406 1628 445 vereor,
1668 407 1731 446 ne,
1764 394 1822 433 sic

224 463 512 504 cunctantibus
542 462 671 513 nobis,
706 463 884 513 Romam
918 463 1158 504 Hannibali
1190 478 1239 505 ac
1263 464 1403 506 Poenis
1427 465 1543 505 toties
1565 464 1822 505 servaverint

223 534 404 575 maiores
435 535 579 584 nostri,
615 535 657 574 et
687 533 876 585 XXXIII,
914 535 987 575 11:
1020 539 1065 575 ut
1097 534 1209 576 dura
1242 540 1362 590 atque
1388 548 1541 589 aspera
1568 534 1662 575 belli
1686 534 1823 576 AEtoli

225 605 506 658 exhauserim,
533 605 656 658 pacis
685 606 874 659 qratiam
906 610 941 646 et
970 605 1157 658 fructum
1192 605 1408 647 Romanus
1440 607 1483 646 in
1516 619 1558 646 se
1589 610 1735 656 vertat,
1781 608 1823 646 et

226 676 368 726 XLIV,
409 676 488 717 22:
536 675 774 730 Affirmare
807 676 952 729 audeo,
1000 690 1063 717 me
1095 678 1208 717 omni
1239 691 1312 731 ope
1345 678 1596 718 annisurum
1629 690 1724 728 esse,
1773 690 1822 716 ne

222 746 391 799 frustra
438 760 507 787 ‘vos
545 747 654 788 lianc
693 761 806 801 spem
845 747 895 788 de
933 761 996 788 me
1035 748 1312 801 conceperitis,
1362 749 1405 788 et
1450 747 1494 788 in
1542 747 1821 789 condicionali

224 818 438 858 sententia
471 818 538 869 VI,
583 819 656 859 14:
702 818 809 860 Tum
841 832 935 859 vero
969 832 1038 873 eqo
1071 820 1345 873 nequicquam
1381 818 1633 872 Capitolium
1667 831 1822 859 arcem-

227 902 302 943 :lue
333 890 600 943 servaverim,
634 891 671 931 si
704 914 757 917 -—
790 888 987 942 videam).
1051 890 1177 931 Addo
1211 889 1426 940 Ovidium,
1468 902 1520 930 ex
1551 889 1675 930 Pont.
1709 889 1739 939 I,
1784 890 1821 939 1,

224 961 249 999 esi
291 961 333 1000 et
372 960 448 1011 66,
491 959 554 1013 [et
592 961 693 1002 Met.
727 961 843 1011 XIII,
884 960 983 1011 496,
1028 960 1119 1001 Liv.
1153 960 1201 1011 Π,
1248 961 1314 1010 12,
1362 961 1428 1010 15,
1473 960 1624 1009 XXIX,
1670 960 1738 1010 27,
1782 959 1822 1009 9,

223 1030 414 1081 XXXIX,
453 1031 518 1081 16,
553 1031 592 1082 5,
627 1032 726 1073 Sen.
759 1032 907 1073 Benef.
941 1032 1007 1083 VI,
1050 1032 1089 1081 2,
1124 1032 1150 1072 2
1183 1033 1225 1072 et
1258 1031 1304 1080 ὃς
1348 1031 1387 1081 9,
1433 1031 1480 1080 23
1527 1031 1593 1080 13,
1641 1031 1677 1080 1,
1721 1030 1820 1071 Sen.

223 1102 353 1143 Rhet.
397 1102 542 1144 Contr.
576 1103 669 1153 VII,
717 1102 768 1143 19
812 1117 853 1155 p.
888 1103 973 1149 230
1017 1101 1132 1155 Bip]
1210 1102 1314 1143 Post
1361 1101 1569 1155 praeteriti
1614 1102 1822 1154 temporis

224 1173 406 1214 verbum
438 1173 519 1214 hoc
554 1173 744 1215 futurum
779 1176 979 1214 exactum
1025 1173 1284 1214 coniunctivi
1327 1172 1577 1226 simpliciter
1618 1172 1662 1213 in
1703 1172 1822 1225 plus-

225 1243 599 1297 quamperfectum
631 1245 786 1286 transit
818 1243 883 1297 (ut
915 1245 958 1285 in
990 1244 1163 1297 passiva
1196 1244 1335 1285 forma
1366 1243 1623 1285 coniunctivi
1655 1243 1822 1296 perfec—

223 1318 315 1356 tum
349 1329 426 1368 pro
460 1315 605 1357 futuro
639 1318 790 1356 exacto
824 1313 918 1368 est),
967 1318 1015 1356 ut
1054 1315 1171 1368 apud
1211 1315 1462 1357 Ciceronem
1503 1315 1559 1356 ad
1591 1314 1680 1355 Att.
1713 1313 1821 1363 XIII,

223 1386 301 1427 45:
351 1386 561 1440 Scriptum
596 1391 698 1437 erat,
740 1401 789 1427 ne
821 1387 1098 1439 committeret,
1134 1391 1179 1427 ut
1208 1386 1378 1439 frustra
1402 1390 1673 1440 properasset
1705 1383 1822 1438 (dass

225 1471 270 1498 er
301 1459 499 1499 umsonst
531 1457 658 1510 geeilt
696 1457 841 1499 haben
874 1455 1015 1509 sollte)
1057 1459 1099 1498 et
1138 1457 1256 1510 apud
1294 1458 1461 1498 Livium
1495 1456 1606 1505 XXI,
1648 1456 1723 1496 33:
1773 1469 1824 1496 ue

226 1552 277 1555 —
309 1528 479 1581 frustra
512 1529 780 1578 traduoeisset,
816 1527 923 1580 [Cic.
958 1528 1010 1569 de
1044 1528 1116 1569 Or.
1151 1528 1179 1578 I,
1216 1528 1321 1570 234:
1363 1543 1413 1569 ne
1455 1551 1509 1556 ——
1542 1526 1821 1581 perdidisses.

224 1600 336 1653 Virg.
370 1600 464 1641 AEn.
497 1600 602 1651 VIII,
637 1600 735 1650 206,
771 1600 874 1640 Tac.
908 1599 1051 1652 Agric.
1085 1600 1124 1649 6,
1158 1599 1266 1641 Plin.
1292 1600 1451 1653 Paneg.
1487 1598 1555 1649 28,
1588 1598 1659 1639 40.
1708 1597 1822 1638 Dure

223 1670 431 1711 retinetur
479 1684 531 1712 ex
578 1672 772 1712 oratione
820 1673 936 1712 recta
985 1670 1128 1723 ipsum
1176 1670 1253 1711 sut.
1303 1673 1441 1711 exact.
1491 1669 1608 1722 apud
1656 1669 1823 1710 Livium

224 1741 372 1791 XXIII,
407 1742 476 1791 23,
510 1742 557 1782 4:
592 1756 642 1782 ne
676 1774 684 1782 .
721 1775 728 1782 .
765 1775 773 1782 .
804 1742 951 1794 fuerit.
1015 1742 1303 1783 Contunditur
1342 1744 1527 1793 utraque
1560 1740 1700 1781 forma
1733 1739 1821 1780 Liv.

222 1812 377 1862 XXIII,
425 1813 497 1862 15,
546 1812 608 1866 4.]
686 1813 867 1854 Prorsus
915 1814 1015 1854 huic
1062 1812 1207 1865 generi
1255 1812 1507 1853 adiunctum
1556 1813 1640 1860 est,
1689 1823 1821 1863 quum

224 1882 368 1924 futuro
402 1885 552 1925 exacto
586 1884 852 1937 exprimitur,
902 1884 1005 1937 quid
1044 1883 1188 1925 futuro
1220 1885 1415 1935 tempore
1450 1882 1658 1923 affirmari
1690 1894 1822 1934 nega-

224 1953 312 1995 rive
355 1954 408 1995 de
447 1968 492 1995 re
535 1956 756 2007 praeterita
797 1955 946 2008 possit,
995 1957 1042 1995 ut
1087 1954 1204 2007 apud
1246 1953 1583 2004 Quinctilianum
1617 1953 1665 2003 V,
1700 1952 1739 2002 9,
1774 1952 1820 1993 9:

226 2024 319 2065 Non
366 2026 519 2080 utique,
568 2028 640 2081 qui
686 2031 833 2067 vestem
871 2030 1084 2066 cruentam
1125 2025 1332 2077 hahuerit,
1376 2024 1646 2065 homicidium
1676 2023 1824 2076 fecerit

224 2095 350 2147 (wird
383 2096 507 2137 einen
538 2096 661 2138 Mord
693 2097 920 2149 begangen
952 2094 1138 2148 haben);
1171 2109 1313 2148 neque
1348 2096 1463 2136 enim
1496 2096 1578 2136 hoc
1608 2095 1701 2136 loco
1730 2095 1821 2135 vul-

223 2167 335 2219 garis
368 2167 440 2208 illa
473 2168 714 2209 coniunctio
748 2167 993 2208 futurorum
1027 2169 1278 2208 exactorum
1312 2169 1389 2216 est,
1424 2166 1689 2219 propiusque
1712 2165 1822 2219 fece-

223 2238 280 2277 rit
312 2238 477 2279 accedit
510 2239 564 2279 ad
595 2238 696 2291 fecit
728 2251 859 2291 quam
892 2239 947 2279 ad
978 2238 1121 2291 faciet.
1170 2238 1231 2278 De
1265 2238 1410 2279 futuro
1442 2237 1486 2278 in
1517 2252 1560 2278 so
1592 2237 1705 2278 idem
1739 2237 1820 2287 hic,

223 2309 339 2360 quod
371 2309 414 2349 in
446 2309 753 2361 superioribus,
788 2309 1024 2350 tenendum
1060 2310 1137 2350 est.

341 2379 483 2432 Atque
516 2380 560 2421 hi
594 2381 768 2433 quidem
802 2380 930 2433 primi
961 2382 1062 2421 sunt
1094 2380 1226 2420 futuri
1259 2380 1399 2420 exacti
1431 2379 1558 2428 fines;
1599 2379 1675 2420 sed
1715 2378 1821 2418 libe-

223 2451 310 2491 rius
355 2451 485 2503 paulo
527 2465 631 2492 usus
673 2454 881 2504 evagatus
915 2454 993 2500 est,
1043 2451 1231 2492 maxime
1279 2451 1440 2491 scilicet
1487 2452 1530 2491 et
1577 2449 1822 2502 longissime

223 2522 340 2575 apud
374 2524 572 2571 comicos,
607 2522 650 2562 id
684 2525 760 2572 est,
795 2523 838 2562 in
871 2522 1072 2562 familiari
1105 2534 1306 2562 sermone
1339 2521 1530 2574 antiquo,
1564 2520 1625 2561 ita
1656 2522 1820 2569 tamen,

224 2596 272 2634 ut
304 2593 436 2633 etiam
469 2593 586 2645 apud
619 2593 725 2634 alios
758 2593 988 2645 scriptores
1029 2592 1231 2645 quaedam
1272 2592 1452 2644 vestigia
1485 2593 1576 2633 eius
1609 2591 1820 2632 libertatis

225 2650 508 2717 reperiantur.
556 2664 618 2704 De
652 2677 736 2716 quo
769 2677 924 2716 genere
958 2664 1097 2716 vulgo,
1132 2663 1305 2704 comicis
1338 2662 1533 2712 exclusis,
1567 2661 1672 2702 nihil
1706 2660 1822 2701 aliud

226 2736 382 2776 (locent
413 2734 696 2787 grammatici,
741 2735 821 2775 nisi
861 2735 1091 2776 celeritatis
1125 2734 1316 2787 aliquam
1348 2733 1568 2774 notionem
1601 2733 1644 2773 in
1677 2731 1821 2772 futuro

226 2808 377 2846 exacto
410 2806 562 2855 inesse,
597 2819 729 2858 quum
762 2808 910 2846 tamen
943 2806 1090 2847 statim
1124 2818 1175 2846 ea
1207 2804 1438 2846 subiiciant
1471 2803 1669 2855 exempla
1703 2800 1823 2855 (sunt

226 2877 341 2917 enim
375 2889 426 2917 ea
458 2876 807 2928 frequentissima
840 2877 957 2929 apud
991 2874 1274 2928 Ciceronem),
1308 2874 1352 2915 in
1384 2875 1540 2926 quibus
1563 2873 1606 2914 in
1628 2885 1674 2914 re
1697 2872 1820 2913 diffe-

226 2947 361 2989 renda
394 2949 436 2988 et
467 2947 510 2988 in
543 2947 660 2988 aliud
693 2951 863 2999 tempus
904 2947 1134 2988 reficienda
1177 2945 1220 2986 id
1264 2948 1435 2998 tempus
1479 2946 1665 2997 ponatur
1708 2942 1822 2997 (Post
