1915 3235
939 146 1026 187 612

177 275 423 330 singulatim
457 288 483 317 a
515 276 679 317 civibus
712 289 789 329 per
821 275 1017 329 publicos
1054 274 1274 317 ministros
1315 274 1539 328 colligendi
1572 276 1614 316 et
1645 275 1778 316 ratio-

177 361 282 389 num
314 347 563 388 minutatim
597 346 962 388 conficiendarum
996 346 1164 387 vitabat
1197 344 1313 399 (quae
1348 346 1501 387 eadem
1535 359 1667 388 causa
1699 346 1780 387 fuit

177 417 452 471 vectigalium
484 415 799 469 locandorum),
840 419 884 458 et
915 419 1114 458 servatur
1145 417 1380 459 similitudo
1414 417 1510 458 aeris
1545 418 1778 470 equestris;

177 502 280 530 nam
312 502 366 530 ne
400 487 443 529 id
476 488 650 541 quidem
691 501 759 529 res
799 488 974 541 publica
1018 487 1200 541 cogebat
1245 489 1287 529 et
1329 488 1552 541 erogabat.
1615 488 1780 530 Deinde

177 560 290 601 hanc
322 560 582 600 sententiam
617 558 872 600 confirmare
907 559 1051 611 aliquo
1084 558 1214 600 modo
1246 558 1417 599 videtur
1447 559 1652 600 Varronis
1683 572 1780 600 ver-

178 631 296 681 bum,
347 630 462 683 quod
501 629 747 671 attributam
786 629 1016 682 pecuniam
1057 629 1240 672 tribunis
1281 631 1443 672 aerariis
1484 629 1645 679 scribit,
1694 643 1782 671 non

177 706 464 750 vinnerataim
511 702 649 754 magis
683 702 814 742 etiam
854 701 1129 742 confirmaret
1161 702 1328 747 Festus,
1377 701 1507 743 modo
1540 701 1645 742 satis
1679 713 1780 742 con-

178 772 312 813 fidere
350 772 510 821 liceret,
558 772 708 813 brevia
750 774 792 813 et
830 772 1017 813 obscura
1057 773 1259 825 epitomae
1298 772 1444 823 verba,
1495 772 1652 825 quibus
1693 771 1781 825 pri-

178 856 359 884 manum
392 842 614 884 tribunum
657 843 809 896 primae
852 842 1008 896 legioni
1040 843 1241 884 tributum
1281 843 1495 897 scripsisse
1530 842 1676 894 tradit,
1726 843 1783 884 ad

178 914 402 954 tribunum
435 914 637 954 aerarium
678 913 908 966 pertinere,
958 927 1043 967 quo
1083 914 1201 955 ducit
1239 914 1390 955 tributi
1429 915 1607 955 mentio.
1670 913 1782 955 Nam

171 985 402 1038 primamcs
435 984 566 1025 etiam
599 983 750 1037 primae
791 985 970 1038 legionis
1008 985 1209 1026 tribunus
1249 985 1435 1026 militum
1475 987 1592 1026 recte
1632 984 1782 1038 appel-

108 1068 159 1092 261
179 1055 258 1096 lari
290 1057 481 1108 poterat3
530 1059 572 1096 et
612 1055 791 1108 singulae
831 1056 1021 1109 legiones
1054 1057 1213 1098 multos
1247 1056 1337 1097 sine
1371 1056 1503 1097 dubio
1535 1056 1784 1097 habuerunt

179 1127 377 1168 tribunos
410 1123 647 1179 aerarios.¹)
711 1126 797 1167 Sed
831 1127 1034 1180 quicquid
1066 1128 1147 1169 hoc
1182 1129 1259 1176 est,
1294 1127 1398 1168 illud
1431 1129 1630 1181 apparet,
1671 1128 1784 1168 hanc

180 1198 424 1250 pecuniam,
474 1210 571 1250 quae
617 1197 826 1238 militibus
874 1198 1143 1248 redderetur,
1193 1197 1309 1239 credi
1349 1211 1435 1240 non
1477 1198 1671 1251 potuisse
1702 1197 1784 1238 nisi

181 1268 244 1317 iis,
294 1281 477 1321 quorum
519 1270 637 1309 certa
668 1268 776 1310 fides
811 1272 926 1310 esset
957 1270 1001 1310 in
1033 1283 1078 1310 re
1111 1269 1378 1322 pecuniaria.
1443 1269 1596 1321 ltaque
1629 1281 1784 1309 census

181 1338 293 1397 huic¹
313 1340 458 1392 generi
490 1340 759 1392 praestitutus
793 1343 907 1389 erat3
952 1343 1082 1393 atque
1122 1341 1166 1381 hi
1199 1345 1301 1381 sunt
1333 1339 1499 1393 antiqui
1531 1339 1590 1380 illi
1622 1338 1785 1380 tribuni

182 1410 335 1459 aerarii,
375 1409 533 1463 privati
565 1411 762 1452 homines
797 1413 913 1452 certo
948 1424 1091 1461 censu,
1142 1412 1300 1464 quibus
1334 1425 1393 1452 aes
1427 1411 1613 1452 militare
1647 1410 1784 1451 credi-

181 1483 273 1522 tum
308 1483 414 1531 erat,
458 1483 505 1521 ut
537 1481 581 1522 id
613 1483 689 1522 aut
722 1481 971 1535 colligerent
1003 1485 1045 1523 et
1077 1485 1360 1524 numerarent
1393 1484 1466 1523 aut
1500 1484 1670 1523 tantum
1703 1495 1784 1522 nu-

182 1554 414 1593 merarent.
476 1552 516 1593 ls
550 1565 704 1593 census
738 1553 838 1605 quia
871 1554 1060 1606 equestri
1092 1553 1233 1595 minor
1266 1555 1371 1603 erat,
1407 1554 1451 1594 L.
1476 1553 1615 1603 Cotta,
1651 1566 1785 1606 quum

182 1626 353 1676 partem
386 1623 524 1675 plebis
557 1623 669 1664 infra
702 1626 947 1676 equestrem
985 1637 1175 1675 censum,
1209 1625 1287 1666 sed
1318 1626 1467 1665 tamen
1500 1638 1552 1665 ex
1576 1637 1708 1666 censu
1730 1623 1787 1665 ad

182 1694 341 1735 iudicia
373 1697 560 1744 vocaret,
594 1695 665 1736 illo
698 1696 872 1737 nomine
905 1709 1009 1737 usus
1044 1698 1121 1745 est,
1155 1696 1384 1737 vetustatis
1409 1696 1553 1748 specie
1580 1695 1636 1745 id,
1670 1694 1787 1748 quod

183 1765 450 1814 instituebat,
500 1762 774 1817 exornans&
838 1767 934 1819 lpse
968 1779 1122 1807 census
1156 1769 1346 1819 quantus
1379 1767 1520 1816 fuerit,
1572 1765 1689 1807 nullo
1721 1765 1786 1806 in—

184 1835 294 1877 dicio
326 1849 381 1876 ne
413 1836 470 1876 ad
503 1837 833 1878 coniectandum
868 1837 1043 1890 quidem
1076 1837 1287 1879 ducimur.

303 1907 516 1948 Revertor
548 1908 604 1949 ad
635 1908 714 1949 hos
747 1908 1003 1950 Aurelianos
1034 1909 1245 1959 tribunos,
1287 1911 1335 1950 ut
1366 1921 1507 1962 pauca
1539 1908 1701 1949 addam
1734 1907 1787 1949 de

185 1990 335 2019 eorum
369 1991 465 2019 cum
501 1978 670 2020 duobus
703 1979 796 2020 aliis
828 1979 1020 2020 iudicum
1052 1980 1284 2033 generibus
1319 1980 1633 2022 coniunctione.
1696 1979 1787 2020 Iam

184 2050 291 2097 tum,
340 2062 473 2101 quum
517 2050 595 2090 soli
637 2052 860 2092 senatores
906 2051 999 2104 lege
1040 2051 1239 2092 Cornelia
1277 2051 1542 2100 iudicabant,
1592 2051 1636 2091 in
1679 2050 1788 2091 duas

186 2119 382 2161 decurias
425 2133 498 2161 eos
539 2121 766 2174 discriptos
809 2121 956 2171 fuisse,
1004 2122 1254 2175 intelligitur
1299 2135 1351 2163 ex
1394 2122 1479 2164 Cic.
1524 2124 1633 2163 orat.
1666 2121 1786 2163 Verr.

225 2270 252 2314 ¹)
280 2271 387 2315 [Fieri
414 2276 543 2317 potest,
576 2277 616 2307 ut
643 2274 687 2308 ad
714 2274 808 2308 hanc
834 2277 1017 2309 vetustam
1043 2274 1213 2319 stipendii
1239 2275 1401 2309 solvendi
1428 2273 1607 2309 rationem
1632 2274 1788 2309 referen-

283 2332 371 2365 dum
397 2332 452 2373 sit,
479 2333 577 2376 quod
604 2333 700 2377 apud
726 2333 870 2367 Festum
900 2335 1047 2377 vectiqal
1073 2333 1265 2377 exponitur
1290 2344 1349 2376 oes,
1377 2334 1470 2377 quod
1495 2334 1536 2367 ob
1562 2334 1738 2367 tributum
1758 2338 1789 2367 et

280 2393 509 2434 stipendium,
536 2397 567 2425 et
592 2398 749 2436 equestre
776 2397 806 2425 et
832 2394 1073 2436 ordinarium,
1094 2393 1229 2436 populo
1256 2392 1410 2426 debetur.
1450 2392 1542 2426 Nam
1570 2392 1709 2436 vulgari
1736 2403 1789 2426 ra-

285 2450 380 2483 tione
406 2450 496 2484 nihil
522 2455 731 2494 separatum
757 2462 778 2484 a
811 2451 946 2485 tributo
979 2451 1132 2485 debetur
1163 2451 1297 2495 populo
1329 2451 1375 2484 ob
1408 2451 1642 2495 stipendium,
1681 2451 1745 2485 sed
1770 2463 1789 2486 e

284 2509 417 2543 tributo
444 2510 481 2543 in
507 2510 674 2544 aerarium
701 2510 800 2544 illato
828 2514 861 2544 et
888 2510 1110 2554 stipendium
1137 2513 1173 2544 et
1199 2513 1319 2544 cetera
1345 2510 1602 2544 dissolvuntur.
1649 2510 1789 2554 Stipen-

283 2570 383 2601 dium
408 2570 638 2602 ordinarium
664 2569 791 2604 Festus
817 2569 935 2603 dicere
963 2569 1105 2603 videtur
1130 2569 1305 2612 peditum.
1345 2570 1413 2603 JES
1438 2570 1675 2603 how-decertum
1701 2569 1789 2604 ordo

284 2628 476 2661 verborum
506 2631 541 2661 et
567 2628 736 2662 iunctura
763 2628 954 2662 excludere
983 2628 1136 2662 videtur.
1190 2626 1311 2670 1842]

228 2684 257 2725 ²)
284 2686 468 2730 Explicata
494 2697 590 2720 nunc
617 2690 692 2721 tota
717 2699 766 2725 re,
795 2698 868 2721 non
895 2690 948 2720 est
975 2686 1122 2720 uberius
1149 2687 1419 2730 declarandum,
1453 2697 1564 2731 quam
1591 2686 1713 2731 inepte
1739 2687 1789 2721 in·

286 2748 423 2788 terpres
449 2745 508 2778 ille
534 2745 780 2787 Verrinarum,
807 2758 916 2790 quem
941 2746 1140 2780 Asconium
1159 2746 1337 2787 dicebant,
1365 2745 1411 2786 id,
1439 2746 1537 2789 quod
1555 2746 1592 2779 in
1611 2757 1789 2790 gramma-

287 2803 346 2836 tici
373 2803 523 2837 alicuius
550 2804 848 2848 interpretatione
875 2809 1041 2839 veterum
1067 2805 1269 2845 nominum,
1298 2805 1404 2848 quale
1430 2804 1550 2848 ipsum
1578 2804 1674 2838 Festi
1699 2815 1789 2849 opus

287 2865 350 2902 est,
389 2862 542 2906 legisset,
583 2863 627 2896 ad
660 2863 736 2897 Lib.
764 2865 777 2897 Ι
810 2865 847 2898 in
881 2865 980 2898 Verr.
1009 2864 1052 2897 13
1086 2863 1292 2898 adhibuerit
1326 2867 1361 2897 et
1393 2867 1530 2907 quanto
1564 2875 1674 2907 opere
1706 2874 1789 2897 cum

286 2921 365 2954 aliis
393 2921 605 2955 confuderit.
656 2923 718 2956 Est
744 2923 811 2956 hoc
838 2923 955 2957 simile
981 2927 1183 2957 ceterorum
1212 2922 1288 2957 eius
1315 2925 1558 2966 pcccatorum,
1587 2934 1667 2967 quae
1688 2934 1709 2957 a
1731 2933 1789 2956 me

287 2981 450 3024 exposita
475 2984 570 3014 sunt.
