1915 3235
880 90 964 132 683

128 217 306 259 meliora
338 231 424 259 non
455 218 679 268 haberent,
720 218 776 269 id,
816 219 931 272 quod
962 219 1042 272 ipsi
1074 232 1228 272 parum
1261 219 1509 272 probarent,
1550 221 1720 261 secutos

129 301 236 330 esse.
297 289 410 330 Nam
442 289 545 342 quid
577 303 684 343 opus
717 292 781 331 est
821 302 1050 343 exponere,
1097 302 1237 342 neque
1277 291 1558 344 concupiscere
1589 289 1720 331 abso-

127 359 215 400 lute
246 359 422 412 intelligi
461 373 601 413 posse,
649 363 697 402 ut
736 360 789 402 sit
828 360 1091 402 ambitiosum
1130 374 1225 411 esse,
1274 373 1415 413 neque
1440 373 1601 414 parum
1632 359 1719 401 ullo

128 429 256 471 modo
287 429 331 470 in
361 429 438 470 tali
470 430 643 483 quidem
677 431 974 473 coniunctione
1006 431 1266 472 substantivi
1297 431 1383 471 vim
1404 432 1568 472 hahere
1590 443 1718 484 posse

128 502 202 541 aut
232 499 276 541 id
307 499 560 553 significare,
601 501 710 556 quod
740 514 823 542 nou
853 502 907 542 sit
937 502 1053 554 sutis,
1093 500 1201 556 quod
1238 502 1291 542 sit
1323 502 1427 543 eoeile
1459 500 1650 555 (genere)
1683 506 1720 543 et

126 571 343 620 minutum,
393 584 489 624 quae
535 571 788 624 significatio
835 585 889 613 ne
936 571 1029 624 ipsa
1077 572 1251 625 quidem
1299 575 1402 625 apta
1443 575 1568 613 esset.
1633 572 1719 613 Sed

125 641 394 693 interpretes,
435 641 478 682 in
510 642 576 683 his
608 642 708 683 solis
740 642 882 683 verbis
915 642 1126 695 occupati,
1168 642 1224 683 ad
1256 642 1387 684 totius
1419 642 1499 684 loci
1533 642 1717 684 formam

125 711 361 753 attendisse
393 725 480 753 non
512 711 724 763 videntur,
757 712 837 753 nisi
870 712 985 765 quod
1018 712 1306 754 Buttmannus
1339 726 1391 754 ex
1422 713 1567 766 aliqua
1593 715 1718 766 parte

125 782 178 823 de
209 783 291 823 hac
322 795 368 823 re
401 782 583 824 lectores
616 783 853 824 admonuit.
916 782 1116 824 Proxime
1158 783 1271 824 enim
1314 783 1520 837 praecedit
1559 783 1717 837 ingenii

125 855 167 894 et
197 853 341 894 iudicii
372 853 547 904 mentio,
597 866 780 906 quorum
823 853 927 894 illud
959 853 1002 894 in
1034 854 1299 906 reperiendis
1333 855 1462 895 rebus
1495 857 1538 896 et
1571 854 1715 895 elocu-

123 923 249 965 tionis
282 924 546 965 ornamentis
581 924 779 977 cernitur,
813 926 893 966 hoc
924 924 968 965 in
1001 924 1169 965 delectu
1197 925 1421 973 habendo3
1456 927 1497 966 et
1523 925 1579 966 ad
1603 925 1715 965 hanc

123 995 382 1036 sententiam
429 995 694 1045 referuntur,
744 1008 840 1048 quae
887 995 1190 1044 subiiciuntur3
1238 995 1281 1036 in
1321 995 1386 1036 his
1426 997 1573 1037 autem
1612 995 1715 1047 ipsis

123 1067 322 1118 apertum
369 1068 446 1115 est,
496 1078 593 1106 cum
641 1066 809 1107 delectu
856 1068 899 1107 et
945 1065 1197 1119 gradatione
1243 1066 1384 1118 posita
1423 1079 1516 1107 esse
1557 1067 1713 1107 verba:

122 1137 423 1190 contempsisset
456 1160 509 1163 —
542 1150 624 1177 uon
656 1137 908 1190 concupisset
939 1160 995 1164 —
1028 1141 1227 1185 amassem
1260 1149 1400 1189 neque
1425 1137 1567 1178 minus
1600 1137 1715 1177 idem

122 1207 326 1248 orationis
374 1207 603 1249 artificium
651 1208 884 1249 ostendunt
930 1207 1041 1248 inter
1086 1220 1133 1248 se
1179 1207 1317 1248 relata
1365 1208 1509 1262 aliqua
1549 1209 1591 1248 et
1634 1221 1715 1248 nou

121 1278 276 1319 omnia.
343 1278 551 1331 Apparet,
599 1279 710 1320 inter
756 1280 850 1320 haec
896 1278 982 1320 duo
1029 1278 1300 1319 interiectum
1347 1279 1521 1319 tertium
1569 1277 1712 1328 fuisse,

121 1348 236 1400 quod
269 1348 325 1389 ad
357 1349 541 1390 eandem
574 1349 778 1391 orationis
811 1349 996 1391 formam
1029 1349 1406 1390 accommodatum
1439 1351 1564 1390 esset.
1620 1349 1714 1390 Hoc

120 1418 294 1460 invento
327 1418 463 1460 facilis
494 1420 581 1461 iam
622 1420 868 1461 emendatio
909 1424 972 1461 est
1012 1422 1055 1460 et
1092 1419 1313 1460 lenissima
1344 1419 1582 1461 mutatione
1614 1433 1713 1472 per-

121 1488 282 1530 ficitur:
332 1489 445 1530 Nam
476 1491 514 1531 si
546 1491 690 1546 aliqua
722 1491 1035 1544 contempsisset,
1079 1491 1117 1531 si
1139 1491 1304 1544 purtim
1336 1503 1418 1531 uon
1449 1491 1712 1544 concupisset,

120 1561 156 1601 si
187 1573 268 1600 uon
300 1562 444 1601 omnia
475 1575 554 1602 sua
587 1566 778 1612 amasset,
822 1564 901 1603 cet.
964 1561 1192 1602 Desiderat
1231 1560 1518 1611 Quintilianus
1558 1562 1601 1602 in
1641 1561 1714 1602 Se-

119 1643 227 1672 neca
258 1631 535 1674 severitatem
567 1632 731 1682 iudicii3
774 1633 919 1674 omnia
953 1632 1066 1673 enim
1100 1645 1213 1682 eum,
1248 1644 1516 1685 quaecunque
1549 1631 1713 1672 submi-

119 1703 344 1744 nistrasset
381 1703 514 1744 nimia
552 1716 677 1756 paene
715 1703 872 1756 ingenii
912 1703 1165 1752 fecunditas,
1206 1702 1458 1755 arripuisse,
1500 1702 1713 1753 acumina,

119 1773 414 1823 sententiolas,
447 1773 693 1815 huiusmodi
727 1774 829 1823 alia;
861 1776 977 1815 recte
1011 1773 1272 1826 scripturum
1306 1773 1451 1822 fuisse,
1496 1774 1531 1814 si
1564 1786 1615 1814 ex
1647 1773 1713 1814 his

120 1844 263 1897 aliqua
295 1844 422 1897 plane
455 1845 799 1897 contempsisset,
834 1847 881 1885 ut
913 1844 1056 1886 inania
1089 1846 1131 1885 et
1164 1844 1313 1894 futilia,
1339 1845 1503 1898 partim
1528 1842 1626 1896 (hoc
1650 1846 1714 1885 est

118 1915 248 1968 paulo
280 1915 376 1968 plus
416 1928 545 1968 quam
587 1913 748 1970 aliqua)
796 1915 950 1956 saltem
993 1928 1079 1956 non
1124 1916 1396 1967 concupisset
1440 1916 1482 1955 et
1523 1914 1712 1956 studiose

119 1985 404 2038 quaesivisset,
439 1986 624 2039 denique
664 1998 751 2027 non
783 1985 928 2027 omnia
961 1998 1039 2027 sua
1072 1988 1280 2027 amasset.
1344 1985 1453 2026 Illud
1485 1984 1612 2035 addo,
1652 1985 1712 2026 sic

119 2057 294 2098 demum
325 2056 517 2110 intelligi,
553 2069 627 2098 cur
659 2057 865 2110 scriptum
900 2056 953 2097 sit
986 2057 1022 2096 si
1055 2057 1212 2110 (aliqua,
1247 2069 1334 2097 non
1367 2057 1403 2097 si
1435 2054 1578 2111 quast)

568 2244 928 2295 Quintilianus
961 2245 1049 2292 XII,
1085 2245 1151 2293 10,
1186 2245 1255 2285 62.

237 2339 321 2380 Hic
346 2340 469 2392 iram,
502 2338 569 2379 hic
598 2338 933 2379 misericordium
957 2339 1200 2392 inspirabit:
1233 2339 1298 2379 lete
1325 2339 1444 2392 dicet,
1484 2339 1546 2380 Te
1581 2339 1712 2381 uidit
1732 2352 1783 2377 351

119 2415 165 2450 et
203 2411 489 2464 appellavit
537 2415 578 2451 et
622 2409 795 2462 flevit:
843 2413 879 2449 et
910 2422 991 2462 per
1029 2422 1167 2450 omues
1208 2409 1379 2462 affectus
1411 2414 1614 2451 tractatus
1646 2410 1712 2451 luc

120 2481 257 2535 itaque
288 2481 387 2522 illuc
418 2486 620 2536 sequetur,
655 2494 726 2520 nec
757 2480 896 2520 doceri
927 2479 1194 2521 desiderabit.

236 2552 421 2604 Exponit
452 2551 738 2602 Quintilianus
770 2551 870 2592 inde
902 2564 927 2592 a
960 2549 982 2602 ἓ
1008 2551 1060 2591 61
1097 2549 1200 2604 (Hic
1232 2556 1375 2592 orator
1399 2549 1511 2603 cet),
1546 2553 1708 2604 quanta

119 2621 172 2663 sit
203 2621 266 2663 vis
299 2623 473 2675 grandis
508 2625 549 2664 et
587 2622 854 2663 vehementis
887 2622 1085 2663 oratoris.
1148 2622 1234 2663 Sed
1265 2621 1309 2662 in
1340 2621 1420 2671 his,
1460 2635 1556 2675 quae
1589 2624 1709 2662 tran-

118 2692 378 2745 scripsimus,
428 2693 569 2734 verbis
616 2693 754 2734 inulta
800 2695 913 2741 sunt,
962 2693 1004 2733 in
1044 2692 1200 2745 quibus
1238 2693 1430 2741 haereas;
1479 2704 1619 2744 neque
1666 2692 1709 2733 id

118 2763 373 2815 interpretes
406 2764 568 2813 fefellit,
603 2764 673 2816 qui
706 2764 893 2815 primum
928 2766 1138 2815 quaerunt,
1172 2763 1286 2804 unde
1311 2765 1485 2816 sumpta
1508 2762 1592 2803 sint
1614 2762 1706 2803 illa:

157 2913 184 2956 ¹)
211 2913 379 2958 [Secutus
405 2919 459 2950 est
484 2915 673 2959 Zumptius
700 2915 793 2949 hanc
819 2916 1121 2950 emendationem.
1173 2914 1292 2958 1842]
