1915 3235
137 830 166 853 31

951 124 1039 166 430

198 249 339 303 1480),
374 254 433 301 ut,
468 252 562 304 quis
587 254 777 303 mutarit,
811 255 1028 295 nesciam:
1063 254 1243 295 Etenim.
1292 255 1461 296 Novum
1486 257 1790 308 argumentum

194 321 451 374 adiungitur,
495 323 754 365 confirmans
787 325 915 376 idem,
957 325 1072 378 quod
1104 325 1315 378 superius.
1378 325 1504 366 Hanc
1536 326 1623 366 vim
1655 325 1792 367 habet

193 394 353 443 etenim,
387 393 430 434 in
463 407 547 446 quo
581 396 689 436 enim
722 396 908 437 refertur
939 409 1027 437 non
1059 396 1116 438 ad
1147 397 1393 449 proximum
1427 397 1625 449 superius
1658 409 1786 450 argu-

192 465 400 513 mentum,
450 465 527 505 sed
569 465 625 506 ad
667 468 807 507 totum
853 467 908 518 id,
959 468 1074 520 quod
1112 467 1382 520 propositum
1423 469 1488 508 est
1519 467 1576 508 ad
1608 467 1788 509 demon-

191 534 430 584 strandum,
480 537 527 576 ut
565 549 680 589 saepe
720 538 824 578 nihil
863 551 988 590 pfene
1027 539 1081 578 sit
1121 538 1237 579 aliud
1269 539 1350 579 nisi
1375 551 1521 592 porro,
1562 525 1813 592 prsetereas

191 605 358 645 tantum
393 605 510 658 quod
542 608 928 659 argumentationis
962 609 1214 661 significatio
1247 609 1411 650 subest.
1476 608 1669 650 Conferri
1709 622 1790 661 po-

192 677 275 716 test
307 674 426 728 (nam
459 677 658 719 Handius
690 692 777 720 non
811 678 1037 732 satisfacit)
1070 680 1198 721 huius
1231 679 1436 721 orationis
1469 679 1587 721 locus
1614 692 1636 720 e
1662 679 1785 721 codd.

190 747 445 788 emendatus
479 748 518 799 9,
554 749 622 799 24,
657 750 709 791 de
742 750 774 791 F
778 751 833 791 in.
867 751 896 801 Ι,
934 752 971 801 1,
1012 751 1036 792 3
1071 750 1134 804 [et
1167 764 1262 804 quae
1296 751 1351 791 ibi
1387 750 1631 804 adscripsi],
1672 750 1785 792 Tus-

191 817 270 858 cul.
305 818 372 868 ΙΙΙ,
407 819 446 868 9,
481 819 550 869 20,
585 820 638 861 de
670 821 721 861 N.
754 821 803 862 D.
838 822 886 872 ΙΙ,
921 822 989 872 30,
1026 822 1094 863 77.
1158 822 1245 863 Sed
1275 824 1411 863 restat
1435 822 1553 863 aliud
1578 821 1784 863 occultius

188 889 408 930 mendum.
475 890 700 932 Germam's
740 892 853 933 enim
893 893 962 934 hic
1006 893 1110 934 nihil
1154 896 1218 934 est
1261 894 1353 943 loci,
1404 893 1663 945 quibuscum
1703 905 1783 933 nec

189 960 274 1000 ulla
307 960 481 1002 omnino
513 961 585 1002 illa
618 965 746 1003 aetate
781 966 905 1004 erant
944 955 1110 1005 foedera
1143 963 1390 1018 (Ariovisto,
1434 964 1583 1005 Galliae
1614 965 1785 1016 partem

188 1032 363 1081 tenenti,
399 1044 650 1073 concess-um
683 1033 793 1086 regis
827 1037 870 1075 et
901 1035 1003 1076 socii
1035 1049 1195 1076 nomen
1227 1037 1311 1076 huc
1343 1048 1429 1076 non
1454 1032 1672 1087 pertinet),
1705 1047 1786 1075 nec

187 1114 379 1153 unquam
413 1102 540 1144 huius
574 1105 741 1156 generis
776 1104 963 1155 fuerunt,
1008 1107 1165 1159 quibus
1198 1106 1254 1147 illi
1288 1106 1499 1147 Romanis
1533 1112 1651 1147 certa
1684 1118 1786 1147 con-

188 1172 353 1214 dicione
386 1177 602 1225 parerent.
665 1175 754 1216 Nec
797 1176 909 1217 inter
952 1190 1024 1218 eos
1066 1180 1107 1218 et
1145 1177 1368 1218 Romanos
1412 1177 1623 1219 eiusmodi
1667 1190 1785 1218 com-

188 1243 346 1284 mercia
380 1247 516 1295 erant,
567 1247 808 1288 cavendum
847 1250 895 1288 ut
935 1251 1059 1298 esset,
1109 1261 1162 1289 ne
1197 1248 1401 1289 Germani
1440 1248 1587 1301 populi
1621 1247 1784 1288 civibus

187 1314 530 1358 exhaurirentur.
594 1317 758 1359 Deinde
792 1318 939 1360 Cicero
972 1319 1244 1372 progreditur
1277 1319 1586 1368 enumerando,
1620 1319 1655 1359 si
1680 1317 1786 1360 Ger-

186 1399 338 1427 manos
372 1387 450 1428 hos
483 1390 746 1441 seponimus,
797 1390 852 1430 ab
891 1389 954 1440 iis,
1004 1391 1075 1442 qui
1114 1390 1247 1431 Italiae
1287 1390 1471 1443 proximi
1512 1390 1636 1430 erant
1673 1388 1785 1430 anti-

187 1457 479 1511 quissimaque
512 1459 736 1501 habebant
769 1460 947 1509 foedera,
997 1461 1263 1511 Insubribus,
1313 1461 1369 1502 ad
1409 1474 1494 1510 eos,
1544 1460 1616 1513 qui
1654 1459 1785 1512 paulo

186 1531 309 1569 erant
340 1530 607 1580 remotiores,
652 1531 856 1583 Cisalpini
889 1534 1037 1572 tamen
1070 1535 1146 1573 aut
1177 1532 1361 1586 proximi
1394 1530 1634 1584 Cisalpinis,
1678 1530 1782 1571 Hel-

185 1600 320 1640 vetios
355 1603 396 1641 et
427 1601 596 1653 lapides
630 1601 815 1655 Illyrios3
863 1605 970 1652 tum,
1015 1604 1138 1656 quasi
1178 1605 1249 1644 vix
1280 1606 1419 1653 notos,
1468 1602 1696 1643 nonnullos
1730 1614 1783 1642 ex

185 1669 323 1712 Gallia
355 1671 567 1713 barbaros
608 1673 816 1726 adiungit.
881 1674 962 1724 Qui
1010 1674 1137 1727 igitur
1185 1675 1323 1727 primo
1372 1675 1464 1715 loco
1504 1673 1783 1714 nominantur

185 1740 400 1785 Germani.
435 1745 477 1783 et
509 1743 827 1797 longinquiores
862 1748 904 1786 et
935 1746 1072 1798 magis
1095 1746 1300 1787 barbari?
1341 1745 1453 1786 Rem
1486 1757 1574 1786 non
1606 1743 1784 1785 dubiam

185 1812 523 1854 manifestiorem
557 1814 658 1855 facit
690 1816 866 1857 alterius
901 1816 1096 1857 codicum
1130 1816 1303 1858 familiae
1336 1817 1563 1869 scriptura,
1608 1817 1780 1856 servata

186 1883 226 1923 in
260 1883 352 1924 cod,
386 1884 644 1934 Erfurtensi;
692 1899 794 1927 nam
845 1888 973 1928 ceteri
1022 1886 1119 1939 (nisi
1169 1900 1330 1935 eorum,
1380 1888 1452 1940 qui
1496 1886 1781 1936 contulerunt,

185 1954 311 2007 culpa
343 1954 425 2008 est)
460 1956 611 1997 eodem
645 1957 788 2007 modo,
824 1970 908 2011 quo
941 1959 1210 2008 Parisiensis,
1244 1958 1492 2011 interpolati
1515 1970 1610 1999 esse
1631 1957 1782 1998 viden-

183 2027 264 2074 tur,
298 2026 521 2068 notissimo
553 2027 727 2068 nomine
754 2026 934 2082 illat0.1)
983 2030 1029 2070 In
1055 2029 1293 2070 Erfurtensi
1319 2031 1384 2070 est
1405 2028 1780 2083 qenumcmhorum.

184 2096 319 2137 Nemo
372 2098 550 2150 negabit
604 2099 882 2140 scribendum
937 2114 1051 2142 esse:
1110 2101 1461 2151 Cenomsmormn,
1521 2098 1780 2140 Insubrium.

183 2166 419 2209 Cenomani
458 2169 711 2211 Insubribus
754 2170 882 2212 vicini
926 2175 1049 2213 erant
1096 2175 1139 2213 et
1186 2184 1284 2212 cum
1331 2171 1381 2211 iis
1429 2170 1518 2211 fere
1567 2169 1780 2211 coniuncti

184 2242 577 2280 commemorantur
610 2242 652 2281 et
684 2241 801 2293 apud
835 2241 940 2282 alios
981 2244 1023 2282 et
1062 2242 1179 2294 apud
1211 2242 1378 2283 Livium
1413 2240 1477 2294 (V,
1520 2241 1588 2291 35,
1628 2240 1779 2290 XXXI,

187 2308 251 2358 10,
292 2309 461 2360 XXXII,
506 2309 595 2363 30).
673 2311 875 2352 Veterem
925 2325 1073 2353 eorum
1122 2326 1219 2354 cum
1266 2313 1477 2354 Romanis
1526 2311 1778 2353 societatem

183 2379 312 2420 etiam
368 2380 524 2423 Strabo
580 2384 895 2424 commemorat
941 2382 1013 2423 lib.
1048 2383 1083 2423 V
1125 2397 1166 2436 p.
1201 2384 1285 2425 216
1332 2384 1520 2425 Casaub.
1607 2382 1777 2423 Nomen

183 2463 331 2492 eorum
364 2451 516 2492 eodem
550 2453 679 2494 modo
713 2456 963 2507 corruptum
997 2457 1090 2496 erat
1121 2455 1164 2496 in
1196 2454 1396 2496 omnibus
1419 2453 1526 2494 Livii
1560 2453 1777 2494 codicibus

182 2521 253 2562 lib.
288 2522 335 2572 V,
370 2522 438 2572 35,
473 2523 550 2564 sed
581 2524 748 2576 pridem
784 2527 1023 2566 correctum
1058 2528 1136 2567 est.

299 2592 462 2633 Vellem
496 2596 586 2634 tam
620 2598 736 2636 certa
769 2595 936 2637 ratione
968 2599 1145 2648 tamque
1178 2595 1290 2636 facili
1332 2595 1498 2648 reliqua
1536 2596 1663 2637 huius
1705 2608 1777 2637 ca—

183 2663 280 2715 pitis
312 2664 472 2704 menda
504 2665 652 2706 tollere
684 2666 851 2714 liceret;
900 2668 1000 2706 sunt
1039 2666 1153 2707 enim
1186 2667 1310 2719 plura
1342 2668 1402 2707 ita
1435 2666 1595 2720 gravia,
1644 2668 1691 2707 ut
1722 2679 1777 2707 ne

182 2734 425 2786 superiores
459 2736 634 2786 quidem
668 2736 866 2789 fugerint,
913 2750 1095 2788 quorum
1129 2739 1277 2778 tamen
1310 2750 1443 2778 nemo
1471 2738 1616 2778 omnia
1649 2749 1776 2777 accu-

219 2896 248 2940 1)
275 2897 341 2941 [De
368 2897 583 2933 collatorum
609 2900 827 2943 negligentia
853 2912 925 2935 non
953 2901 1028 2935 sine
1055 2911 1164 2935 causa
1190 2901 1401 2945 cogitabam.
1441 2901 1467 2934 P
1487 2912 1507 2935 a
1525 2900 1641 2945 prima
1659 2911 1770 2934 manu

275 2956 611 3001 qenumanhorum]
