1915 3235
101 456 150 479 347

101 2583 152 2608 348

930 100 1015 140 282

174 230 371 271 ciendum
405 230 536 270 tuisse
568 230 823 282 proponitur
864 228 1092 282 (consulere
1126 230 1187 269 rei
1211 227 1291 283 μ),
1340 231 1400 271 ita
1438 230 1551 271 male
1590 243 1769 283 respon-

173 302 287 350 dere,
337 300 452 353 quod
495 301 694 341 effectum
740 300 907 350 dicitur,
956 302 1004 340 ut
1047 301 1102 340 ab
1147 302 1318 341 oratore
1350 300 1409 341 ita
1441 301 1650 353 scriptum
1683 314 1770 342 non

173 384 266 412 esse
299 374 463 412 certum
489 372 563 419 sit;
596 384 698 411 nam
724 371 885 412 tollitur
907 370 1104 412 instituta
1128 370 1356 411 artificiose
1379 371 1584 412 orationis
1611 371 1768 424 figura3

172 455 312 493 neque
345 442 458 482 enim
492 441 718 491 honestant,
764 442 841 482 sed
877 442 973 481 utile,
1007 447 1041 482 et
1074 442 1262 482 salutare
1292 442 1356 481 rei
1380 454 1426 494 J).
1461 441 1606 491 fuisse,
1656 443 1771 495 quod

172 513 340 566 egisset,
376 512 457 553 dici
491 512 701 561 debebat:
735 515 778 553 et
811 512 912 565 quid
947 517 1013 553 est
1046 525 1122 564 per
1155 526 1200 553 se
1233 512 1276 553 in
1298 512 1378 553 ista
1402 525 1461 562 re,
1497 513 1612 564 quod
1634 513 1770 554 hono-

174 598 261 625 rem
297 587 338 624 et
376 584 551 624 laudem
593 584 747 625 afferat
785 583 845 624 rei
885 583 1099 636 publicae?
1146 583 1318 624 Utilitas
1359 584 1550 633 affertur,
1599 583 1771 625 sublato

172 655 348 696 discidio
383 655 552 695 civium.
614 655 711 707 Ipsa
745 654 945 707 repetitio
980 654 1174 695 eiusdem
1207 654 1322 696 vocis
1356 653 1581 707 (honestior
1615 677 1666 682 —-
1701 654 1769 695 1ιο-

173 724 343 777 nes-tm)
392 726 432 766 in
482 725 651 766 duobus
692 739 743 766 ex
782 726 920 766 tribus
963 725 1172 766 membris
1204 725 1482 766 vitiosissima
1515 727 1592 766 est.
1657 725 1770 766 Tum

171 797 383 850 particula
417 797 502 836 iam
534 796 577 836 in
608 796 690 837 hac
723 796 1058 849 interrogatione
1092 797 1266 837 inanem
1299 796 1434 837 habet
1457 808 1625 845 sonum,
1659 809 1771 849 prae—

172 870 291 908 terea
323 866 449 916 nihil;
483 880 562 908 nec
595 867 768 908 additur
800 868 843 909 in
874 868 1013 920 primo
1047 881 1126 908 nec
1158 867 1200 907 in
1235 869 1427 908 extremo
1452 866 1663 908 membro.
1719 867 1772 908 Et

172 952 249 990 pro
284 950 335 978 ea
368 938 606 991 Zumptius,
652 939 768 991 quod
801 939 842 979 in
877 938 1001 979 codd.
1036 938 1285 980 melioribus
1319 941 1384 979 est
1415 943 1515 987 tecm,
1556 938 1599 977 in
1632 937 1711 978 Gu.
1748 938 1766 977 1

172 1014 329 1058 tamen,
379 1010 600 1050 substituit
643 1010 830 1059 tandem,
880 1009 1011 1051 nihilo
1055 1010 1288 1061 aptiorem3
1336 1021 1478 1061 neque
1522 1008 1636 1049 enim
1679 1009 1772 1049 haec

171 1080 449 1132 interrogatio
498 1081 759 1133 singularem
799 1081 934 1122 habet
977 1080 1311 1121 admirationem
1344 1083 1420 1120 aut
1453 1079 1771 1121 contentionem

172 1154 380 1203 tanquam
416 1154 564 1192 contra
598 1151 913 1201 dissentientes,
958 1151 1202 1204 praesertim
1235 1150 1267 1191 si
1303 1163 1400 1191 cum
1434 1150 1697 1202 praecedenti
1731 1152 1773 1192 et

172 1223 451 1275 subsequenti
502 1226 792 1276 comparatur.
856 1223 1016 1263 Verum
1065 1222 1107 1263 in
1157 1221 1302 1263 codice
1335 1221 1474 1263 Guelf.
1508 1222 1534 1262 :2
1568 1223 1632 1262 est
1664 1221 1773 1276 quod

172 1295 219 1334 ΐῆ
250 1307 294 1334 re
318 1307 379 1348 μ,
414 1295 454 1334 in
489 1293 627 1335 Guelf.
664 1296 684 1334 1
720 1299 857 1335 tamen
892 1307 956 1334 res
981 1293 1188 1347 publicas,
1224 1307 1246 1334 e
1279 1294 1427 1346 Steph.
1453 1295 1495 1333 et
1517 1293 1692 1345 Lagom.
1717 1292 1772 1333 29

172 1366 347 1406 notatur
378 1367 549 1406 tantum
582 1369 681 1405 tam.
747 1364 885 1406 Credo
918 1377 987 1405 me
1021 1365 1222 1406 omnibus
1266 1364 1414 1418 peritis
1447 1376 1770 1416 persuasurum,

171 1436 264 1477 haec
299 1450 392 1477 esse
436 1436 633 1488 proxima
677 1437 857 1489 vestigia
902 1437 992 1477 eius
1036 1436 1183 1489 ipsius,
1233 1449 1330 1488 quae
1362 1434 1606 1487 requiritur,
1654 1434 1772 1475 locu-

171 1507 320 1548 tionis:
355 1508 456 1561 (stem
488 1512 575 1548 tam
608 1520 627 1547 e
660 1520 704 1547 re
728 1506 901 1560 publica
933 1521 1059 1562 quam
1092 1510 1171 1548 cet.
1235 1507 1297 1547 Ea
1329 1507 1418 1547 sive
1452 1508 1654 1558 corrupta
1686 1506 1773 1547 iam

172 1579 261 1619 sive
293 1591 379 1619 non
411 1578 629 1619 intellecta
662 1578 955 1619 desideratum
999 1580 1063 1619 est
1097 1577 1358 1619 adiectivum
1393 1579 1435 1618 et
1467 1590 1519 1617 ex
1551 1577 1772 1629 superiore

172 1651 385 1692 sententia
418 1649 665 1702 repetitum.

290 1721 557 1773 Subiungam
591 1720 690 1761 huic
724 1720 1015 1761 emendationi
1041 1720 1219 1761 minoris
1248 1719 1469 1769 momenti,
1504 1719 1662 1772 partim
1687 1732 1773 1760 non

171 1806 319 1841 novas,
363 1792 688 1833 observationes
729 1791 781 1832 de
816 1791 908 1832 aliis
942 1791 1079 1832 tribus
1112 1790 1229 1831 locis.
1283 1790 1477 1831 Primum
1510 1790 1553 1830 in
1586 1790 1771 1831 Divinat.

175 1864 240 1914 14,
284 1864 339 1904 40·
383 1863 512 1916 plane
554 1863 799 1903 necessaria
841 1862 947 1902 mihi
990 1862 1159 1902 ridetur
1202 1861 1284 1902 Iao.
1319 1861 1521 1902 Gronovii
1554 1861 1771 1902 lenissima

170 1934 367 1984 mutatio,
412 1936 460 1975 ut
492 1933 726 1975 scribatur:
771 1946 1094 1974 commemmw‘e
1127 1933 1344 1987 ‹seccestoris
1373 1946 1465 1972 cnm
1489 1937 1675 1986 prcetore
1706 1946 1773 1973 ne-

172 2005 474 2057 eessitmlinem,
524 2006 787 2045 constitutam
837 2018 947 2044 more
989 2004 1210 2056 necce’ostmn,
1259 2004 1383 2044 sortis
1423 2003 1663 2057 religye'onem
1694 2017 1772 2056 pro

173 2089 235 2126 eo,
285 2076 401 2128 quod
441 2076 599 2116 editur:
649 2076 926 2128 constitutam,
977 2088 1129 2115 moi-em
1171 2075 1390 2114 mathi-mn.
1455 2074 1562 2124 Quae
1601 2074 1714 2115 enim
1748 2087 1773 2115 a

172 2146 406 2188 Garatonio
439 2147 677 2188 advocatur
711 2146 960 2188 cumulandi
993 2146 1144 2198 figura,
1180 2146 1318 2186 locum
1354 2158 1440 2186 non
1466 2146 1612 2186 habet.
1662 2146 1772 2186 Nam

171 2230 311 2270 neque
345 2220 459 2258 recte
493 2218 693 2270 generale
725 2217 831 2258 illud
863 2231 949 2257 mos
971 2217 1182 2257 anichiorum
1205 2216 1492 2268 interponitur
1514 2215 1772 2268 specialibus

172 2292 213 2329 et
246 2289 417 2341 proprie
452 2289 507 2329 ad
540 2302 631 2329 rem
665 2288 995 2341 pertinentibus,
1045 2300 1124 2328 nec
1169 2301 1193 2328 a
1237 2287 1412 2340 speciali
1458 2287 1510 2327 ad
1556 2286 1773 2338 generalia

171 2359 399 2407 transitur;
439 2360 562 2400 sortis
595 2360 708 2400 enini
744 2360 888 2414 relcffl'o
921 2358 1145 2411 speciatim
1179 2360 1440 2410 quaestorem
1473 2359 1587 2398 sorte
1621 2356 1770 2398 datum

172 2430 345 2482 praetori
381 2430 619 2482 coniungit;
668 2430 819 2471 ultimo
866 2431 957 2472 loco
1001 2429 1101 2470 ferri
1144 2429 1287 2481 aliquo
1327 2428 1457 2469 modo
1490 2430 1637 2481 posset
1668 2427 1773 2468 illud

172 2513 249 2553 per
282 2514 327 2541 sc
360 2501 571 2552 positum3
606 2500 760 2542 deinde
794 2514 847 2541 ne
882 2501 1032 2542 Latine
1066 2500 1240 2553 quidem
1274 2500 1428 2540 dicitur
1460 2512 1537 2551 per
1569 2511 1615 2539 se
1639 2512 1772 2539 neces-

173 2570 310 2611 situdo
343 2572 560 2625 qzcoestoris
593 2584 684 2611 cum
708 2577 893 2625 prodor&
926 2572 1148 2612 constituta
1180 2583 1258 2623 pro
1292 2583 1355 2619 eo,
1398 2570 1513 2622 quod
1553 2571 1619 2611 est
1657 2569 1771 2610 nude

175 2641 427 2682 necessitudo
459 2656 526 2695 qu.
560 2656 651 2681 cum
675 2647 872 2696 prcetore,
907 2647 1022 2683 recte
1056 2644 1201 2683 autem
1236 2640 1389 2681 dicitur
1422 2640 1590 2681 adiecta
1622 2639 1772 2692 appel-

174 2712 332 2753 latione
379 2712 552 2764 originis
601 2715 643 2752 et
691 2712 975 2754 fundamenti.
1061 2713 1174 2765 Apte
1231 2714 1273 2753 et
1327 2711 1516 2764 graviter
1563 2710 1772 2764 asyndeto

174 2783 405 2823 bimembri
439 2783 699 2833 huiusmodi,
734 2783 850 2835 quod
883 2783 1068 2825 eandem
1102 2796 1193 2825 rem
1227 2781 1385 2835 duplici
1418 2782 1593 2823 nomine
1618 2782 1768 2834 signet,

174 2853 386 2894 clauditur
419 2853 700 2895 enumeratio.
764 2854 941 2904 Deinde,
991 2854 1107 2906 quod
1151 2854 1252 2895 olim
1295 2853 1515 2894 mentione
1547 2851 1768 2905 indignum
