1915 3235
167 1105 218 1130 345

993 101 1077 143 676

236 236 504 288 postremum
538 232 672 286 ponit,
714 245 759 274 se
799 232 974 273 omnino
1006 244 1094 273 non
1127 233 1405 285 exspectasse
1437 232 1688 283 sententias,
1738 246 1835 286 quae

238 306 290 347 de
322 317 453 358 poena
486 304 742 353 dicerentur,
792 303 870 344 sed
907 303 1050 356 ipsum
1083 305 1184 344 ante
1217 302 1446 354 iudicasse,
1494 316 1582 345 non
1612 306 1704 345 tam
1737 318 1835 346 ora-

237 377 398 418 tionem
432 388 458 416 a
489 387 535 416 se
566 375 610 415 in
641 374 870 415 referendo
902 373 1098 415 habitam
1138 373 1349 426 significat
1387 372 1498 427 (tum
1539 375 1654 416 enim
1695 376 1737 416 et
1774 375 1837 416 rei

238 450 395 489 natura
439 449 481 487 et
513 445 703 487 Sallustii
745 447 1073 498 ceterorumque
1111 446 1382 487 narrationes
1423 447 1464 486 et
1495 446 1587 499 ipse
1618 445 1689 487 hic
1719 445 1838 487 locus

237 518 425 560 ostendit
471 517 635 558 nullum
682 519 847 558 certum
890 529 1032 569 poenae
1073 529 1208 569 genus
1246 518 1519 559 nominatum
1558 516 1712 567 fuisse,
1761 516 1838 558 sed

238 589 438 631 universe
484 590 684 629 senatum
728 587 992 637 consultum,
1042 587 1145 640 quid
1191 587 1283 629 fieri
1332 586 1478 642 vellet)
1528 601 1660 641 quam
1706 587 1839 629 animi

238 660 498 702 sententiam
529 659 623 712 ipso
655 658 875 700 relationis
908 671 1062 711 genere
1097 658 1376 710 declaratam,
1417 673 1501 713 quo
1543 660 1692 712 aperte
1725 671 1838 712 prae-

238 745 336 773 sens
379 731 619 772 remedium
666 730 949 783 flagitaretur.
963 725 996 781 1)
1058 729 1150 771 Iam
1196 729 1302 772 illud
1349 730 1486 784 qualis
1534 733 1600 772 est
1645 729 1837 780 inscitiae,

239 804 404 856 quartae
453 801 636 843 orationi
683 801 825 843 locum
878 801 1061 853 relinqui
1114 814 1273 854 negare
1330 801 1395 855 (ut
1449 801 1552 843 facit
1597 801 1839 842 Ahrensius

239 888 279 927 p.
314 872 401 926 97),
442 872 558 926 quod
598 872 888 923 Quintilianus
929 871 1035 925 (XII,
1080 873 1147 922 10,
1192 873 1261 921 61,
1303 873 1376 926 qui
1414 873 1533 915 locus
1574 873 1839 926 depravatus

239 943 321 997 est)
357 947 398 986 et
430 944 642 985 Asconius
676 943 749 998 (ad
782 946 891 986 orat.
926 943 968 984 in
1000 944 1084 985 Pis.
1120 942 1194 995 §4
1224 957 1266 997 p.
1294 944 1376 985 122
1409 942 1530 997 Hot.)
1562 957 1697 986 unam
1719 943 1839 984 vide-

239 1019 368 1058 antur
401 1015 642 1069 significare
674 1016 914 1056 orationem
949 1028 974 1056 a
1007 1014 1213 1056 Cicerone
1252 1016 1296 1056 in
1337 1017 1493 1056 senatu
1531 1016 1575 1056 in
1608 1014 1841 1057 Catilinam

238 1087 465 1129 habitam?
514 1085 619 1137 Quis
653 1086 767 1127 enim
799 1099 887 1128 non
919 1086 1048 1136 videt,
1085 1099 1334 1139 quanquam
1368 1088 1437 1127 hae
1471 1086 1688 1128 orationes
1721 1098 1840 1127 com-

239 1159 427 1200 muniter
469 1159 515 1198 in
549 1157 779 1198 Catilinam
823 1157 1126 1207 inscribantur,
1176 1159 1323 1198 tamen
1364 1156 1478 1197 hanc
1520 1158 1722 1210 quartam
1764 1169 1842 1209 per

241 1243 286 1271 se
318 1229 436 1271 nullo
468 1228 598 1270 modo
631 1241 759 1282 posse
792 1228 874 1270 dici
908 1230 951 1270 in
986 1227 1216 1270 Catilinam
1247 1227 1450 1277 habitam,
1499 1228 1543 1268 in
1576 1240 1674 1281 qua,
1723 1226 1840 1269 Cati-

241 1301 338 1342 linae
370 1313 557 1353 persona
588 1313 766 1353 prorsus
799 1302 980 1350 remota,
1016 1300 1068 1340 de
1091 1299 1338 1350 coniuratis,
1373 1299 1445 1352 qui
1467 1298 1511 1339 in
1532 1297 1712 1340 vinculis
1742 1297 1840 1348 sint,

242 1374 423 1425 agatur?

361 1443 446 1484 Sed
478 1443 521 1484 in
553 1443 647 1496 ipsa
680 1455 851 1496 quoque
884 1441 1078 1484 oratione
1110 1441 1350 1482 Ahrensius
1391 1453 1479 1482 non
1518 1441 1720 1494 exiguum
1760 1452 1842 1480 nu-

241 1528 409 1556 merum
464 1527 682 1564 „errorum
729 1514 1057 1555 historicorum“
1111 1512 1191 1553 sibi
1241 1511 1568 1564 deprehendere
1606 1510 1722 1552 visus
1764 1512 1841 1560 est,

243 1599 375 1640 ‹11uum
409 1586 581 1638 partim,
615 1586 650 1626 si
682 1585 785 1638 quid
817 1584 878 1626 ita
911 1584 966 1625 ab
999 1585 1171 1625 oratore
1203 1584 1394 1637 positum
1429 1585 1506 1633 est,
1539 1584 1588 1624 ut
1611 1581 1700 1623 eius
1723 1581 1768 1622 in
1795 1593 1843 1622 re

242 1657 415 1710 publica
450 1655 685 1697 adversarii
719 1659 868 1698 contra
901 1655 1063 1708 aliquid
1096 1655 1239 1696 dicere
1280 1654 1514 1708 potuerint,
1557 1665 1747 1694 errorem
1781 1651 1844 1692 hi-

244 1729 448 1770 storicum
480 1730 607 1780 putat
637 1740 718 1768 nec
749 1740 775 1768 a
808 1726 1012 1769 Cicerone
1045 1726 1255 1767 committi
1287 1726 1495 1779 potuisse,
1545 1723 1716 1766 etiamsi
1757 1722 1845 1764 tale

244 1801 320 1848 est,
354 1804 401 1839 ut
433 1799 477 1839 id
510 1801 552 1839 et
569 1798 717 1839 Cicero
751 1800 794 1839 et
825 1800 1000 1839 senatus
1032 1797 1076 1838 in
1107 1799 1200 1839 tota
1231 1797 1314 1838 hac
1337 1795 1642 1838 coniurationis
1665 1806 1845 1847 oppres-

243 1871 363 1912 sione
397 1872 439 1911 et
470 1869 670 1910 iudicarit
702 1871 745 1910 et
777 1869 944 1922 agendo
977 1871 1150 1910 secutus
1182 1868 1249 1918 sit,
1299 1868 1459 1921 partim
1503 1866 1596 1908 aliis
1628 1864 1769 1907 modis
1801 1863 1846 1905 in

243 1941 386 1982 verbis
419 1940 636 1993 rebusque
668 1940 760 1993 ipse
800 1953 846 1982 se
887 1940 1093 1993 implicat.
1157 1940 1220 1981 Ex
1262 1940 1406 1993 priore
1447 1938 1519 1979 illo
1563 1949 1720 1991 genere
1765 1937 1844 1985 est,

244 2011 551 2053 incredibiliter
592 2024 860 2064 perversum,
910 2012 1045 2064 quod,
1095 2024 1229 2064 quum
1269 2012 1415 2052 orator
1454 2007 1495 2062 (ξ
1531 2006 1603 2060 10)
1644 2008 1846 2048 senatum

244 2084 337 2137 lege
370 2083 627 2135 Sempronia
668 2096 754 2124 non
797 2083 996 2136 impediri
1036 2082 1162 2133 dicat,
1213 2081 1443 2135 quominus
1488 2079 1540 2120 de
1583 2079 1650 2120 his
1692 2077 1847 2131 patriae

244 2154 443 2196 hostibus
476 2154 647 2203 iudicet,
691 2154 931 2195 Ahrensius
965 2153 1024 2207 (p.
1061 2153 1142 2195 109
1176 2150 1288 2206 sqq.)
1324 2151 1514 2205 graviter
1546 2150 1735 2202 exponit,
1778 2148 1847 2190 Ci-

247 2238 447 2267 ceronem
493 2225 559 2275 „in
600 2225 769 2275 iudicio,
818 2225 893 2266 ubi
934 2224 1100 2278 legibus
1144 2225 1259 2266 esset
1301 2214 1711 2274 obtemperandum,
1760 2232 1848 2261 non

248 2297 449 2337 debuisse
496 2298 707 2349 tanquam
750 2296 803 2337 de
850 2295 1048 2338 hostibus
1096 2294 1356 2336 sententiam
1403 2292 1559 2342 ferre“,
1609 2293 1664 2341 et,
1713 2302 1848 2344 quum

248 2367 402 2408 eadem
445 2380 621 2419 prorsus
666 2366 917 2408 Ciceronem
959 2368 1004 2408 in
1047 2366 1188 2420 prima
1230 2364 1426 2406 oratione
1466 2361 1507 2416 (ἓ
1541 2360 1615 2414 28)
1659 2360 1848 2415 patriam

249 2438 463 2478 dicentem
497 2437 639 2478 facere
671 2437 829 2488 videat,
878 2437 1073 2480 Ciceroni
1111 2435 1323 2490 permittit
1354 2433 1414 2488 (p.
1450 2432 1566 2486 109),
1614 2434 1663 2474 ut
1693 2432 1847 2485 patriae

249 2522 294 2549 se
317 2508 552 2560 alloquenti
574 2508 706 2550 falsas
728 2509 975 2550 huiusmodi
998 2508 1234 2550 sententias
1256 2505 1469 2555 subiiciat,
1503 2505 1647 2558 ipsum
1671 2502 1848 2556 quidem

287 2648 315 2692 ¹)
342 2649 497 2685 Orellius
523 2649 633 2684 etiam
659 2650 771 2684 verba
797 2651 890 2693 quod
908 2651 1140 2694 patefecerim
1172 2648 1282 2683 refert
1315 2647 1359 2682 ad
1391 2646 1493 2681 illam
1524 2644 1727 2679 orationem
1760 2642 1850 2677 rela-

345 2709 433 2743 tioni
461 2710 696 2753 praemissam.
748 2710 818 2744 Sed
843 2709 1026 2753 patefacta
1051 2708 1174 2743 omnia
1199 2707 1341 2752 pridem
1368 2708 1483 2746 erant,
1510 2715 1608 2738 nunc
1633 2705 1778 2737 tantum
1805 2701 1850 2735 de

346 2779 454 2813 prena
485 2771 618 2802 actum.
669 2768 901 2802 Manifestum
935 2772 999 2809 est,
1038 2768 1259 2807 Ciceronem,
1298 2765 1396 2810 quod
1427 2763 1465 2798 in
1497 2762 1575 2807 ipso
1613 2764 1743 2796 senatu
1781 2760 1851 2794 hoc

347 2828 404 2862 die
436 2828 546 2862 nullae
585 2827 661 2862 eius
701 2827 769 2861 nisi
808 2827 992 2861 relationis
1025 2830 1060 2861 et
1094 2824 1354 2861 cohortationis
1387 2821 1483 2867 (quae
1516 2825 1569 2856 est
1600 2821 1638 2855 in
1672 2822 1762 2854 orat.
1787 2816 1850 2861 IV)

347 2890 467 2931 partes
493 2886 657 2927 fuissent,
689 2886 843 2920 aliarum
875 2886 983 2920 simul
1010 2896 1132 2920 rerum
1157 2885 1270 2919 Bruto
1297 2882 1479 2918 rationem
1503 2880 1712 2916 hahendam
1738 2877 1851 2913 fuisse

348 2946 476 2981 dicere.
