1915 3235
967 126 1052 168 398

141 270 192 294 ωε
211 271 298 299 non
329 257 411 298 hoc
444 257 659 310 praeponi3
709 258 751 297 et
781 268 836 297 ne
869 258 962 297 erat
994 257 1168 309 quidem
1201 257 1395 307 aedjlicia‚
1435 258 1639 310 quoniam
1673 258 1808 300 aedilis

213 329 351 369 factus
397 341 485 369 non
529 330 612 376 est3
661 327 923 379 omninoque
966 326 1009 368 id
1051 327 1313 368 adiectivum
1353 328 1414 370 ita
1452 329 1642 381 positum
1681 329 1809 382 signi-

213 399 379 448 ficaret,
435 398 565 439 aliam
622 410 716 439 esse
772 397 954 438 aliorum
1009 399 1343 451 magistratuum
1390 401 1668 451 praetextam,
1721 413 1809 441 non

213 469 410 519 eandem,
460 468 576 521 quod
623 468 781 509 falsum
830 470 907 509 est.
971 468 1032 509 De
1081 482 1165 521 quo
1207 470 1465 522 magistratu
1505 470 1652 512 Cicero
1693 470 1808 512 dice-

213 542 290 589 ret,
324 540 429 581 satis
471 541 640 589 norant,
691 539 763 591 qui
803 539 1006 588 aderant;
1055 540 1364 592 grammaticus
1397 541 1696 582 annotandum
1727 554 1809 595 pu-

212 608 381 663 tavit.¹)

331 681 493 723 Eodem
528 693 622 732 cap,
655 678 678 732 ἕ
714 680 766 721 18
799 682 916 721 recte
947 681 991 721 in
1022 680 1120 725 Par,
1154 683 1196 722 et
1228 681 1315 722 Erf.
1349 682 1556 734 scriptum
1590 684 1677 723 est:
1709 696 1810 723 num

214 765 331 806 quem
364 765 412 792 ecc
443 751 632 792 omnibus
663 750 844 792 tribunis
867 751 993 805 pleb„
1027 752 1256 806 quicunque
1287 752 1473 793 seditiosi
1501 752 1690 806 fuerunt,
1723 758 1809 794 tam

214 823 418 863 audacem
461 822 650 863 audieris
686 822 821 875 fuisse
860 825 954 872 cet.,
1002 836 1089 864 non
1125 823 1301 876 fuerint.
1365 823 1510 865 Genus
1552 826 1715 865 certum
1756 837 1809 864 ex

213 894 392 935 historia
423 896 574 935 notum
608 892 956 946 comprehendit3
1004 893 1149 946 itaque
1190 894 1395 935 orationis
1433 895 1619 947 obliquae
1658 895 1721 936 vis
1755 894 1812 936 ad

215 978 311 1006 eam
344 964 604 1006 sententiam
639 977 727 1005 non
758 963 958 1016 pertinet.

333 1035 378 1077 C.
412 1035 451 1085 8,
488 1035 540 1076 19
573 1035 911 1087 intelligentibus
944 1034 1082 1084 facile,
1131 1036 1274 1076 minus
1313 1035 1462 1088 peritis
1501 1037 1572 1077 vix
1615 1038 1658 1076 et
1697 1049 1810 1089 aegre

215 1106 560 1159 persuadebitur,
594 1105 827 1147 manifesto
861 1105 1055 1155 convinci
1076 1106 1453 1159 interpolationem
1480 1107 1636 1148 codicis
1659 1107 1810 1148 arche-

214 1178 318 1231 typi.
381 1177 533 1218 Editur
580 1177 713 1218 enim:
765 1177 915 1228 Qucero
961 1177 1070 1217 illud
1117 1178 1242 1217 etiam
1289 1191 1338 1218 ex
1383 1182 1432 1230 te,
1481 1182 1703 1218 conatusne
1741 1178 1811 1230 sis,

218 1249 458 1300 voluerisne,
507 1248 683 1303 (lenique
716 1249 913 1302 coqitaris
953 1247 1029 1301 (est
1061 1249 1170 1288 enim
1201 1262 1268 1289 res
1301 1248 1516 1301 eiusmodi,
1564 1253 1621 1301 ut,
1670 1249 1708 1289 si
1738 1247 1813 1289 tibi

217 1321 259 1360 ln
291 1324 465 1360 mentem
496 1319 616 1360 modo
649 1321 770 1372 venit,
819 1333 935 1361 nemo
967 1320 1034 1372 sit,
1083 1320 1154 1374 qui
1197 1323 1233 1360 te
1274 1320 1359 1359 ullo
1401 1320 1591 1360 cruciatu
1629 1332 1712 1360 esse
1749 1320 1813 1359 in-

215 1390 390 1444 diqnum
414 1390 564 1444 putet),
613 1392 863 1445 coyiturisne
903 1404 1042 1444 auyur
1072 1389 1181 1443 fieri.
1245 1390 1331 1431 Sed
1370 1390 1558 1442 primum
1590 1391 1681 1431 tota
1714 1402 1813 1431 sen-

215 1462 361 1503 tentiae
409 1462 549 1503 forma
595 1462 806 1515 postulat,
862 1466 909 1502 ut
962 1463 1060 1514 post
1114 1460 1289 1516 denique
1336 1461 1629 1514 suspendatur
1675 1460 1812 1502 oratio

215 1535 570 1585 praepai'eturque
603 1533 719 1583 illud,
761 1533 876 1585 quod
908 1535 1054 1574 orator
1086 1531 1311 1573 additurus
1344 1532 1418 1581 sit,
1467 1531 1636 1582 deinde,
1675 1531 1711 1572 si
1744 1531 1812 1573 Ci-

216 1617 313 1645 cero
346 1605 528 1645 verbum
561 1604 709 1646 statim
732 1604 960 1657 posuisset,
995 1603 1149 1643 saltem
1172 1605 1289 1644 recte
1310 1603 1528 1656 posuisset
1549 1603 1812 1657 coyitarisne,

216 1674 364 1715 addita
403 1675 626 1727 particula,
677 1689 772 1728 quae
819 1675 972 1716 abesse
1016 1674 1133 1714 nullo
1172 1674 1302 1715 modo
1341 1678 1509 1726 posset3
1556 1676 1649 1714 tum
1698 1677 1812 1714 certe

214 1748 312 1797 post
343 1746 623 1798 parenthesin
654 1759 741 1787 non
779 1748 869 1787 tam
909 1745 1024 1786 nude
1063 1745 1178 1785 idem
1220 1745 1403 1786 verbum
1446 1745 1687 1798 repetisset,
1735 1744 1814 1785 sed

216 1818 290 1856 aut
322 1816 393 1856 secl
425 1817 674 1871 ecquem-isne
706 1819 783 1858 aut
815 1817 941 1858 simili
973 1817 1103 1858 modo
1147 1816 1338 1857 dixisset.
1400 1815 1498 1856 Non
1535 1828 1676 1868 pauca
1714 1817 1814 1856 sunt

215 1886 462 1928 huiusmodi
494 1887 799 1940 supplementa
831 1887 990 1940 partim
1023 1887 1067 1927 in
1090 1887 1309 1928 codicibus
1341 1886 1547 1927 orationis
1579 1889 1680 1927 ante
1711 1899 1812 1938 par-

216 1958 413 1999 enthesin
452 1959 617 2011 reliqua
656 1961 980 2011 praeparantem
1014 1971 1252 2010 suspensae.
1314 1957 1533 1998 Praeterea
1566 1957 1701 1998 codex
1724 1956 1812 1998 Erf.

145 2046 194 2070 :314
216 2030 361 2079 habet,
410 2033 459 2071 ut
490 2031 587 2071 edd.
622 2032 724 2070 vett.
759 2032 801 2070 et
833 2029 985 2070 Lamb.
1019 2029 1062 2069 in
1101 2030 1295 2082 margine
1328 2028 1428 2069 edit.
1461 2030 1612 2081 repet„
1665 2028 1814 2078 Quoero

182 2122 185 2124 -
218 2102 341 2141 etiam
374 2101 494 2151 illud,
536 2101 608 2154 qui
640 2100 873 2141 verborum
907 2100 1011 2141 ordo
1045 2102 1088 2141 et
1118 2100 1187 2140 hic
1220 2102 1262 2140 et
1295 2112 1329 2140 c.
1366 2099 1432 2148 12,
1467 2099 1523 2140 30
1555 2098 1813 2139 auctoritate

216 2172 328 2221 Par„
362 2172 502 2221 Rern,
544 2172 645 2221 Erf.,
687 2174 729 2212 et
762 2184 796 2212 c.
834 2171 900 2220 14,
942 2171 997 2211 33
1031 2170 1287 2212 auctoritate
1319 2170 1418 2211 Par.
1453 2172 1495 2210 et
1526 2169 1653 2210 Bern.
1686 2169 1812 2210 resti-

217 2243 402 2284 tuendus
435 2246 513 2292 est,
563 2244 688 2283 eticmz
728 2243 784 2283 ad
816 2242 998 2282 verbum
1031 2241 1167 2282 relato
1180 2238 1236 2293 2);
1285 2243 1434 2282 contra
1466 2242 1564 2293 post
1597 2245 1717 2295 atque
1750 2242 1815 2281 est

218 2313 323 2353 illud
366 2315 489 2353 etismz
530 2314 574 2354 in
616 2313 816 2354 omnibus
861 2312 984 2354 codd.
1021 2312 1087 2361 14,
1127 2312 1184 2353 34
1216 2314 1258 2352 et
1292 2311 1359 2361 15,
1400 2312 1469 2352 37.
1538 2311 1674 2352 Paulo
1716 2312 1815 2363 post

157 2386 160 2391 '
217 2382 239 2434 ἓ
273 2384 328 2424 20
361 2384 465 2425 ordo
498 2384 731 2426 verborum
765 2397 787 2425 e
821 2384 914 2425 cod.
947 2383 1060 2433 Par.,
1109 2383 1292 2424 Lambb.
1326 2382 1561 2424 mutandus
1600 2384 1666 2422 est
1707 2379 1812 2434 (rem

212 2469 255 2506 μ.
282 2455 445 2507 putasti
477 2454 639 2507 deleri).

255 2605 282 2649 ¹)
307 2607 420 2640 Paulo
445 2611 527 2650 post
553 2607 589 2640 in
617 2607 744 2640 eadem
771 2606 929 2640 sectione
956 2605 992 2639 in
1020 2606 1142 2640 codice
1169 2606 1364 2650 archetypo
1390 2616 1454 2650 pro
1480 2606 1683 2639 habuerunt
1703 2603 1813 2638 fuisse

311 2667 529 2705 habuerant,
568 2660 667 2709 patet
706 2676 747 2699 ex
787 2676 966 2699 consensu
1004 2665 1102 2706 Pan,
1140 2664 1228 2705 Erf.‚
1269 2664 1332 2699 Ox.
1369 2670 1413 2705 ψς
1458 2665 1631 2699 mendose
1668 2666 1811 2700 tamem

311 2735 397 2758 nam
424 2724 458 2757 id
484 2724 604 2767 ipsum
633 2724 709 2758 vult
742 2725 1002 2759 moderationis
1035 2736 1112 2758 esse
1145 2725 1417 2764 documentum,
1457 2734 1530 2757 non
1569 2722 1667 2766 quod
1703 2722 1810 2766 leges,

312 2794 402 2827 quas
441 2783 635 2826 aliquando
674 2783 887 2817 habuissent
924 2783 1190 2827 promulgatas,
1236 2783 1298 2816 sed
1344 2783 1441 2826 quod
1485 2793 1564 2823 eas,
1611 2792 1700 2825 quas
1746 2791 1811 2824 per

312 2846 430 2877 totum
468 2853 604 2875 annum
644 2842 849 2883 habuerint,
887 2846 928 2876 ut
966 2842 1111 2883 ferrent,
1151 2842 1179 2876 si
1218 2841 1364 2885 quando
1401 2841 1536 2883 liceret,
1575 2844 1698 2874 tamen
1736 2849 1809 2873 non

312 2901 472 2935 tulerint.

255 2958 282 3002 ²)
309 2958 394 3002 [Sed
421 2959 530 2993 etiam
557 2971 621 3003 pro
650 2959 736 2993 Sull.
764 2957 784 3000 ἕ
810 2958 831 2991 4
858 2959 1044 2993 scribitur:
1077 2960 1205 3001 Qucero
1232 2959 1321 2992 illud
1346 2956 1480 3000 etiam]
