1915 3235
962 129 1046 170 386

207 271 389 311 pensum
422 260 581 308 teneat,
622 260 669 299 ut
701 257 907 300 Orellium
939 259 1093 308 tenuit,
1134 257 1342 299 mendum
1375 257 1530 299 codicis
1566 258 1803 311 archetypi,

208 328 395 384 equidem
427 328 713 379 audiebamus,
762 329 878 382 quod
917 330 1119 371 Handius
1153 328 1337 370 Tursell.
1369 329 1405 369 II
1436 341 1481 381 p.-
1510 328 1596 369 428
1629 329 1803 381 probat,

207 413 310 441 usus
343 402 544 452 corrupto
575 399 668 441 loco
701 399 787 441 Cic.
821 399 874 441 de
906 400 1029 442 Finn.
1062 401 1130 451 III,
1164 400 1204 450 2,
1238 399 1277 449 9,
1327 399 1549 440 sciendum
1591 401 1668 449 est,
1717 412 1806 440 non

207 471 348 512 solum
381 470 569 525 equidem
599 470 754 523 plurali
791 471 986 512 iunctum
1028 470 1286 524 reprehendi
1326 470 1497 520 debere,
1546 470 1624 511 sed
1662 471 1805 523 ipsum

206 555 284 595 per
317 554 362 583 se
394 541 606 594 pluralem
638 554 882 591 numerum,
917 554 1002 594 quo
1035 541 1182 583 Cicero
1216 541 1269 582 de
1296 554 1341 582 se
1363 554 1448 582 uno
1470 540 1514 582 in
1535 540 1806 582 orationibus

171 615 173 617 ’
206 625 294 654 non
325 609 528 664 utitur¹);
577 613 641 653 est
680 611 794 652 enim
829 612 936 653 alius
969 612 1175 654 orationis
1207 612 1395 665 generis3
1445 613 1608 653 ceteros
1642 613 1805 662 autem,

136 694 188 719 498

139 2469 191 2494 499

208 683 283 736 qui
317 696 413 724 cum
447 682 651 724 Cicerone
690 682 735 723 in
770 682 1025 724 Macedonia
1064 682 1235 733 fuerint,
1286 681 1592 735 comprehendi
1640 684 1683 733 et
1730 695 1809 735 per

204 767 249 796 se
282 754 510 795 ridiculum
542 755 618 803 est,
666 766 746 794 nec
788 753 1021 806 quicquam
1058 755 1153 794 tum
1186 756 1264 803 est,
1313 754 1429 806 quod
1461 755 1562 806 agat
1598 753 1806 808 equidem,

207 838 379 878 quoquo
411 824 541 866 modo
573 824 626 865 de
659 837 709 865 eo
741 824 953 865 vocabulo
986 820 1252 876 statueris.2)

325 896 370 937 C.
404 896 473 946 58,
509 896 605 945 124,
639 895 714 936 ubi
747 897 833 936 est:
875 909 1028 936 munus
1061 894 1268 949 Scipionis
1300 894 1474 949 diynum
1506 900 1542 936 et
1574 909 1616 936 eo
1648 896 1739 949 ‘ipso
1773 900 1809 936 et

208 968 277 1008 illo
312 967 359 1019 Q.
393 966 571 1019 Metello,
619 966 687 1006 cui
725 966 922 1015 dabatur,
971 968 1087 1007 recte
1128 966 1263 1007 codex
1294 966 1526 1007 Vaticanus
1568 967 1704 1008 habet
1737 967 1809 1008 illo

208 1037 391 1087 Metell03
423 1051 525 1079 nam
559 1036 706 1078 addito
739 1037 1006 1090 pronomine,
1044 1050 1129 1089 quo
1162 1039 1289 1078 notus
1313 1037 1443 1078 homo
1468 1037 1808 1088 demonstratur,

207 1109 403 1150 abundat
434 1120 700 1162 praenomen.

325 1179 370 1221 C.
404 1179 473 1230 60,
520 1179 616 1228 128,
659 1178 733 1219 ubi
773 1182 858 1218 est:
906 1179 1085 1220 salutem
1125 1184 1160 1219 et
1204 1179 1329 1219 vitam
1369 1191 1502 1218 meam
1541 1178 1808 1229 custodirent,

205 1263 446 1303 pronomen
476 1251 520 1291 in
553 1250 645 1291 cod.
679 1249 914 1302 archetypo
947 1263 1033 1292 non
1057 1250 1201 1300 fuisse,
1237 1262 1258 1290 e
1281 1249 1379 1290 Par.
1404 1251 1446 1290 et
1466 1249 1624 1290 Bernn.
1652 1263 1809 1303 cogno-

206 1322 358 1371 scitur3
405 1323 549 1374 potest
587 1321 712 1362 facile
752 1321 891 1362 audiri
925 1333 977 1361 ex
1011 1334 1074 1371 eo,
1111 1321 1226 1373 quod
1258 1320 1482 1373 praecedit:
1532 1321 1597 1361 De
1629 1334 1692 1361 me
1726 1335 1808 1362 uno

206 1393 486 1433 decreverunt.
549 1392 751 1433 Proximo
785 1392 939 1444 capite,
976 1390 998 1443 ἓ
1036 1392 1133 1442 129,
1173 1391 1356 1433 Orellius
1388 1404 1475 1432 non
1506 1394 1622 1433 recte
1657 1394 1811 1434 contra

207 1464 375 1505 codices
408 1463 553 1514 edidit,
587 1463 851 1516 Naugerium
885 1465 928 1503 et
959 1462 1223 1504 Lambinum
1247 1465 1442 1504 secutus:
1478 1462 1570 1514 Qua
1595 1464 1812 1517 yvravitate

205 1548 285 1575 sua
316 1548 442 1589 quum
470 1533 669 1588 frequens
700 1538 868 1575 senatus
901 1534 1196 1574 nonnullorum
1228 1535 1358 1575 scelus
1383 1533 1697 1589 audaciamque
1720 1539 1811 1575 tar-

208 1606 359 1658 dasset,
398 1610 498 1645 tum
535 1604 643 1645 iliud
683 1604 864 1654 addidit,
915 1606 995 1646 cet.
1059 1605 1171 1646 Nam
1209 1605 1291 1646 hoc
1329 1604 1655 1658 intelligendum
1697 1607 1812 1647 esset

206 1681 293 1717 tum
325 1675 502 1726 demum,
537 1676 653 1729 quod
686 1676 740 1717 ab
773 1675 855 1717 hoc
886 1676 980 1717 loco
1004 1675 1193 1716 alienum
1216 1679 1300 1725 θεῖς
1334 1676 1470 1718 altera
1497 1679 1650 1718 contra
1675 1676 1811 1729 scrip-

206 1750 305 1789 tura
338 1745 510 1801 (tamen)
545 1747 794 1800 aptissima:
827 1747 919 1787 Etsi
951 1746 1090 1787 videri
1121 1749 1293 1799 poterat
1324 1749 1500 1788 senatus
1533 1747 1637 1788 satis
1666 1747 1811 1800 provi-

207 1819 335 1869 disse,
369 1821 417 1859 ut
438 1820 586 1871 posset
607 1818 707 1867 iam,
741 1817 859 1858 nullo
881 1817 1161 1871 impediente,
1195 1818 1251 1858 ad
1273 1817 1482 1871 populum
1505 1818 1619 1869 ferri,
1649 1820 1810 1868 tamen,

206 1903 260 1930 ne
295 1889 399 1942 quid
429 1902 517 1930 non
549 1890 771 1942 provisum
808 1891 934 1937 esset,
970 1888 1150 1938 addidit,
1185 1891 1265 1929 cet.

326 1961 371 2003 C.
406 1961 474 2011 62,
521 1960 605 2001 130
646 1959 788 2000 minus
830 1961 946 2000 recte
991 1958 1174 2000 Orellius
1217 1963 1389 2000 secutus
1431 1969 1496 2007 est
1527 1960 1810 2011 Lambinum,

207 2032 280 2085 qui
320 2031 473 2073 edidit:
520 2044 562 2072 se
601 2030 648 2071 P.
684 2030 862 2071 Servilio
910 2031 1124 2071 etiamtum
1171 2029 1325 2070 dicenti
1371 2029 1565 2080 tradidit,
1612 2044 1693 2083 pro
1747 2043 1811 2081 eo,

208 2102 325 2155 quod
356 2102 400 2143 in
433 2102 555 2143 codd.
588 2101 851 2154 reliquisque
890 2101 987 2142 edd.
1023 2102 1200 2154 legitur:
1241 2100 1395 2141 dicenti
1427 2101 1661 2149 etiamtum;
1709 2113 1811 2142 nam

209 2173 263 2214 de
295 2173 511 2226 Naugerio
543 2173 607 2213 vir
639 2172 790 2213 doctus
824 2171 998 2213 fallitur.
1062 2172 1157 2213 Non
1190 2176 1295 2224 puto
1329 2184 1512 2224 usquam
1552 2171 1632 2212 has
1676 2172 1812 2224 parti-

210 2244 327 2284 culas
359 2244 441 2284 hac
473 2242 782 2296 significatione
821 2243 1047 2296 participio
1088 2243 1345 2296 praepositas
1385 2242 1480 2294 legi.
1542 2242 1811 2295 Ambiguum

210 2314 326 2366 quod
358 2314 460 2355 dicit
491 2314 675 2354 alterum
699 2326 793 2354 esse
815 2314 1019 2366 iungique
1041 2327 1188 2367 posse:
1223 2315 1437 2354 etiamtum
1458 2313 1654 2364 tradidit,
1691 2304 1812 2366 apud

210 2384 385 2425 Latinos
416 2385 626 2433 homines,
670 2397 757 2425 non
796 2384 914 2436 apud
946 2385 1144 2426 alumnos
1178 2384 1424 2440 scholarum
1455 2388 1704 2425 nostrarum
1741 2384 1810 2426 Ci-

216 2467 313 2496 cero
346 2455 471 2504 dixit;
517 2468 767 2508 quanquam
800 2455 867 2496 vel
899 2456 955 2506 hi,
990 2455 1025 2496 si
1060 2455 1190 2496 modo
1223 2456 1358 2496 scient
1390 2454 1577 2505 omnino,
1620 2455 1723 2508 quid
1756 2456 1811 2496 sit

249 2593 277 2637 ¹)
304 2593 397 2637 [Non
424 2595 601 2640 debebam
627 2596 671 2630 de
698 2596 766 2630 hoc
792 2596 841 2630 sic
868 2596 1036 2630 universe
1055 2606 1278 2633 asseverare;
1306 2595 1377 2629 vid.
1397 2595 1441 2629 de
1459 2594 1544 2639 imp.
1564 2595 1692 2639 Pomp.
1712 2593 1733 2638 ἓ
1751 2594 1808 2637 47,

307 2653 343 2687 in
371 2654 488 2687 Vatin.
516 2654 572 2695 29,
599 2655 753 2699 Philipp.
780 2655 855 2696 VII,
885 2655 914 2696 7,
942 2655 1017 2697 XII,
1045 2653 1116 2697 24]

250 2709 279 2752 ²)
304 2712 439 2746 Eadem
466 2715 519 2746 est
545 2713 635 2747 ratio
662 2714 809 2748 alterius
836 2714 931 2749 illius
964 2714 1043 2755 loci,
1082 2714 1144 2747 ubi
1177 2716 1353 2757 praeterea
1384 2713 1481 2757 quod
1506 2712 1682 2753 Handius,
1721 2712 1751 2746 si
1777 2718 1808 2746 et

307 2773 447 2815 quidem
472 2771 660 2813 scribatur,
687 2774 737 2805 sic
763 2773 907 2807 defendi
933 2784 1038 2817 posse
1065 2776 1183 2817 negat,
1210 2772 1322 2806 nihilo
1343 2772 1467 2816 magis,
1494 2772 1523 2806 si
1549 2773 1691 2815 quidem
1716 2771 1807 2815 lege-

308 2834 376 2872 tur,
410 2832 459 2863 sie
494 2848 536 2851 —
569 2831 753 2874 loquemur
786 2842 867 2865 cum
894 2832 1141 2876 superioribus
1169 2831 1372 2866 cohaerebit.
1424 2831 1493 2865 Sed
1531 2833 1627 2864 recte
1666 2830 1803 2874 pridem

308 2888 506 2922 Lambinus
532 2888 659 2922 edidit:
689 2890 748 2923 Sic·
773 2895 833 2931 est,
860 2896 891 2924 et
917 2893 1068 2934 quidem.
