<?xml version="1.0" encoding="UTF-8"?>
<!DOCTYPE html PUBLIC "-//W3C//DTD XHTML 1.0 Transitional//EN"
    "http://www.w3.org/TR/xhtml1/DTD/xhtml1-transitional.dtd">
<html xmlns="http://www.w3.org/1999/xhtml" xml:lang="en" lang="en">
 <head>
  <title>
</title>
<meta http-equiv="Content-Type" content="text/html;charset=utf-8" />
  <meta name='ocr-system' content='tesseract 3.04.00' />
  <meta name='ocr-capabilities' content='ocr_page ocr_carea ocr_par ocr_line ocrx_word'/>
</head>
<body>
  <div class='ocr_page' id='page_1' title='image "./ionicolaimadvigi00madvuoft_0595.png"; bbox 0 0 1915 3235; ppageno 0'>
   <div class='ocr_carea' id='block_1_1' title="bbox 857 123 939 164">
    <p class='ocr_par' dir='ltr' id='par_1_1' title="bbox 857 123 939 164">
     <span class='ocr_line' id='line_1_1' title="bbox 857 123 939 164; baseline 0 0"><span class='ocrx_word' id='word_1_1' title='bbox 857 123 939 164; x_wconf 80' lang='lat'>571</span> 
     </span>
    </p>
   </div>
   <div class='ocr_carea' id='block_1_2' title="bbox 106 250 1767 307">
    <p class='ocr_par' dir='ltr' id='par_1_2' title="bbox 106 250 1767 307">
     <span class='ocr_line' id='line_1_2' title="bbox 106 250 1767 307; baseline 0.001 -14"><span class='ocrx_word' id='word_1_2' title='bbox 106 253 223 294; x_wconf 91' lang='lat' dir='ltr'>illam</span> <span class='ocrx_word' id='word_1_3' title='bbox 272 252 423 293; x_wconf 82' lang='lat' dir='ltr'>alienae</span> <span class='ocrx_word' id='word_1_4' title='bbox 478 252 778 294; x_wconf 77' lang='lat' dir='ltr'>declarationis</span> <span class='ocrx_word' id='word_1_5' title='bbox 833 252 1018 294; x_wconf 86' lang='lat' dir='ltr'>formam</span> <span class='ocrx_word' id='word_1_6' title='bbox 1072 250 1320 306; x_wconf 79' lang='lat' dir='ltr'>subeunt,¹)</span> <span class='ocrx_word' id='word_1_7' title='bbox 1397 254 1527 307; x_wconf 87' lang='lat' dir='ltr'>Ergo:</span> <span class='ocrx_word' id='word_1_8' title='bbox 1586 254 1697 306; x_wconf 74' lang='lat' dir='ltr'>Quid</span> <span class='ocrx_word' id='word_1_9' title='bbox 1717 265 1767 291; x_wconf 79' lang='lat'>212</span> 
     </span>
    </p>
   </div>
   <div class='ocr_carea' id='block_1_3' title="bbox 103 321 1702 1930">
    <p class='ocr_par' dir='ltr' id='par_1_3' title="bbox 104 321 1693 436">
     <span class='ocr_line' id='line_1_3' title="bbox 105 321 1693 378; baseline 0.001 -14"><span class='ocrx_word' id='word_1_10' title='bbox 105 323 270 364; x_wconf 72' lang='lat' dir='ltr'>merui?</span> <span class='ocrx_word' id='word_1_11' title='bbox 314 322 424 376; x_wconf 83' lang='lat' dir='ltr'>(Hoc</span> <span class='ocrx_word' id='word_1_12' title='bbox 454 321 607 374; x_wconf 77' lang='lat' dir='ltr'>merui)</span> <span class='ocrx_word' id='word_1_13' title='bbox 639 322 706 363; x_wconf 79' lang='lat' dir='ltr'>fit:</span> <span class='ocrx_word' id='word_1_14' title='bbox 757 322 867 374; x_wconf 70' lang='lat' dir='ltr'>Quid</span> <span class='ocrx_word' id='word_1_15' title='bbox 898 337 939 364; x_wconf 81' lang='lat' dir='ltr'>se</span> <span class='ocrx_word' id='word_1_16' title='bbox 971 324 1202 364; x_wconf 71' lang='lat' dir='ltr'>meruisse?</span> <span class='ocrx_word' id='word_1_17' title='bbox 1246 322 1356 377; x_wconf 83' lang='lat' dir='ltr'>(Hoc</span> <span class='ocrx_word' id='word_1_18' title='bbox 1387 338 1428 366; x_wconf 78' lang='lat' dir='ltr'>se</span> <span class='ocrx_word' id='word_1_19' title='bbox 1462 323 1693 378; x_wconf 72' lang='lat' dir='ltr'>meruisse).</span> 
     </span>
     <span class='ocr_line' id='line_1_4' title="bbox 104 393 1199 436; baseline -0.001 -1"><span class='ocrx_word' id='word_1_20' title='bbox 104 394 350 436; x_wconf 89' lang='lat' dir='ltr'>Pronomen</span> <span class='ocrx_word' id='word_1_21' title='bbox 381 407 423 434; x_wconf 81' lang='lat' dir='ltr'>se</span> <span class='ocrx_word' id='word_1_22' title='bbox 453 395 603 434; x_wconf 88' lang='lat' dir='ltr'>tamen</span> <span class='ocrx_word' id='word_1_23' title='bbox 634 406 721 434; x_wconf 91' lang='lat' dir='ltr'>non</span> <span class='ocrx_word' id='word_1_24' title='bbox 754 394 814 434; x_wconf 88' lang='lat' dir='ltr'>ita</span> <span class='ocrx_word' id='word_1_25' title='bbox 845 407 943 435; x_wconf 89' lang='lat' dir='ltr'>raro</span> <span class='ocrx_word' id='word_1_26' title='bbox 977 393 1199 435; x_wconf 90' lang='lat' dir='ltr'>omittitur.</span> 
     </span>
    </p>

    <p class='ocr_par' dir='ltr' id='par_1_4' title="bbox 103 463 1702 1364">
     <span class='ocr_line' id='line_1_5' title="bbox 224 463 1699 519; baseline 0.001 -14"><span class='ocrx_word' id='word_1_27' title='bbox 224 464 277 505; x_wconf 90' lang='lat' dir='ltr'>B.</span> <span class='ocrx_word' id='word_1_28' title='bbox 346 463 496 505; x_wconf 87' lang='lat' dir='ltr'>Omnis</span> <span class='ocrx_word' id='word_1_29' title='bbox 538 463 816 516; x_wconf 76' lang='lat' dir='ltr'>interrogatio</span> <span class='ocrx_word' id='word_1_30' title='bbox 859 463 1078 506; x_wconf 78' lang='lat' dir='ltr'>indicativi</span> <span class='ocrx_word' id='word_1_31' title='bbox 1119 464 1237 505; x_wconf 84' lang='lat' dir='ltr'>modi</span> <span class='ocrx_word' id='word_1_32' title='bbox 1280 465 1472 506; x_wconf 76' lang='lat' dir='ltr'>secuudoe</span> <span class='ocrx_word' id='word_1_33' title='bbox 1507 479 1699 519; x_wconf 59' lang='lat' dir='ltr'>personae</span> 
     </span>
     <span class='ocr_line' id='line_1_6' title="bbox 103 534 1699 588; baseline 0 -12"><span class='ocrx_word' id='word_1_34' title='bbox 103 535 258 576; x_wconf 83' lang='lat' dir='ltr'>transit</span> <span class='ocrx_word' id='word_1_35' title='bbox 299 535 343 575; x_wconf 92' lang='lat' dir='ltr'>in</span> <span class='ocrx_word' id='word_1_36' title='bbox 382 534 714 583; x_wconf 80' lang='lat' dir='ltr'>coniunctivum,</span> <span class='ocrx_word' id='word_1_37' title='bbox 762 536 943 585; x_wconf 76' lang='lat' dir='ltr'>mutato,</span> <span class='ocrx_word' id='word_1_38' title='bbox 993 534 1109 587; x_wconf 84' lang='lat' dir='ltr'>quod</span> <span class='ocrx_word' id='word_1_39' title='bbox 1146 536 1350 575; x_wconf 85' lang='lat' dir='ltr'>narratur</span> <span class='ocrx_word' id='word_1_40' title='bbox 1387 535 1699 588; x_wconf 88' lang='lat' dir='ltr'>interrogatum</span> 
     </span>
     <span class='ocr_line' id='line_1_7' title="bbox 105 604 1702 659; baseline 0.001 -13"><span class='ocrx_word' id='word_1_41' title='bbox 105 608 206 647; x_wconf 89' lang='lat' dir='ltr'>ante</span> <span class='ocrx_word' id='word_1_42' title='bbox 255 618 362 655; x_wconf 90' lang='lat' dir='ltr'>esse,</span> <span class='ocrx_word' id='word_1_43' title='bbox 411 607 606 657; x_wconf 87' lang='lat' dir='ltr'>tempore</span> <span class='ocrx_word' id='word_1_44' title='bbox 655 605 789 645; x_wconf 80' lang='lat' dir='ltr'>verbi.</span> <span class='ocrx_word' id='word_1_45' title='bbox 863 605 974 656; x_wconf 72' lang='lat' dir='ltr'>Quid</span> <span class='ocrx_word' id='word_1_46' title='bbox 1017 604 1186 658; x_wconf 72' lang='lat' dir='ltr'>fecisti?</span> <span class='ocrx_word' id='word_1_47' title='bbox 1228 605 1297 646; x_wconf 90' lang='lat' dir='ltr'>fit:</span> <span class='ocrx_word' id='word_1_48' title='bbox 1351 605 1462 656; x_wconf 76' lang='lat' dir='ltr'>Quid</span> <span class='ocrx_word' id='word_1_49' title='bbox 1506 606 1702 659; x_wconf 74' lang='lat' dir='ltr'>fecisset?</span> 
     </span>
     <span class='ocr_line' id='line_1_8' title="bbox 105 675 1699 729; baseline 0 -12"><span class='ocrx_word' id='word_1_50' title='bbox 105 675 248 717; x_wconf 87' lang='lat' dir='ltr'>Causa</span> <span class='ocrx_word' id='word_1_51' title='bbox 293 676 449 716; x_wconf 92' lang='lat' dir='ltr'>retenti</span> <span class='ocrx_word' id='word_1_52' title='bbox 497 677 646 716; x_wconf 89' lang='lat' dir='ltr'>contra</span> <span class='ocrx_word' id='word_1_53' title='bbox 692 676 959 728; x_wconf 88' lang='lat' dir='ltr'>superiorem</span> <span class='ocrx_word' id='word_1_54' title='bbox 998 675 1205 728; x_wconf 87' lang='lat' dir='ltr'>regulam,</span> <span class='ocrx_word' id='word_1_55' title='bbox 1255 689 1352 728; x_wconf 85' lang='lat' dir='ltr'>quae</span> <span class='ocrx_word' id='word_1_56' title='bbox 1399 676 1481 717; x_wconf 89' lang='lat' dir='ltr'>hoc</span> <span class='ocrx_word' id='word_1_57' title='bbox 1528 689 1699 729; x_wconf 80' lang='lat' dir='ltr'>quoque</span> 
     </span>
     <span class='ocr_line' id='line_1_9' title="bbox 105 745 1698 800; baseline 0.001 -13"><span class='ocrx_word' id='word_1_58' title='bbox 105 759 239 800; x_wconf 89' lang='lat' dir='ltr'>genus</span> <span class='ocrx_word' id='word_1_59' title='bbox 273 746 498 798; x_wconf 79' lang='lat' dir='ltr'>complecti</span> <span class='ocrx_word' id='word_1_60' title='bbox 531 745 733 795; x_wconf 87' lang='lat' dir='ltr'>debebat,</span> <span class='ocrx_word' id='word_1_61' title='bbox 782 745 902 786; x_wconf 80' lang='lat' dir='ltr'>Verbi</span> <span class='ocrx_word' id='word_1_62' title='bbox 940 745 1047 786; x_wconf 85' lang='lat' dir='ltr'>finiti</span> <span class='ocrx_word' id='word_1_63' title='bbox 1080 746 1317 798; x_wconf 85' lang='lat' dir='ltr'>formaeque</span> <span class='ocrx_word' id='word_1_64' title='bbox 1351 746 1455 797; x_wconf 90' lang='lat' dir='ltr'>eius,</span> <span class='ocrx_word' id='word_1_65' title='bbox 1505 760 1601 799; x_wconf 85' lang='lat' dir='ltr'>quae</span> <span class='ocrx_word' id='word_1_66' title='bbox 1634 748 1698 788; x_wconf 93' lang='lat' dir='ltr'>in-</span> 
     </span>
     <span class='ocr_line' id='line_1_10' title="bbox 105 816 1701 870; baseline 0 -12"><span class='ocrx_word' id='word_1_67' title='bbox 105 816 406 870; x_wconf 85' lang='lat' dir='ltr'>terrogationis</span> <span class='ocrx_word' id='word_1_68' title='bbox 439 816 668 869; x_wconf 90' lang='lat' dir='ltr'>pendentis</span> <span class='ocrx_word' id='word_1_69' title='bbox 700 817 876 869; x_wconf 88' lang='lat' dir='ltr'>propria</span> <span class='ocrx_word' id='word_1_70' title='bbox 909 818 985 865; x_wconf 89' lang='lat' dir='ltr'>est,</span> <span class='ocrx_word' id='word_1_71' title='bbox 1027 830 1114 857; x_wconf 91' lang='lat' dir='ltr'>non</span> <span class='ocrx_word' id='word_1_72' title='bbox 1146 816 1284 858; x_wconf 89' lang='lat' dir='ltr'>solum</span> <span class='ocrx_word' id='word_1_73' title='bbox 1319 818 1413 858; x_wconf 88' lang='lat' dir='ltr'>orta</span> <span class='ocrx_word' id='word_1_74' title='bbox 1446 817 1615 858; x_wconf 77' lang='lat' dir='ltr'>Videtur</span> <span class='ocrx_word' id='word_1_75' title='bbox 1649 830 1701 858; x_wconf 84' lang='lat' dir='ltr'>ex</span> 
     </span>
     <span class='ocr_line' id='line_1_11' title="bbox 106 886 1701 940; baseline 0.001 -12"><span class='ocrx_word' id='word_1_76' title='bbox 106 887 248 929; x_wconf 81' lang='lat' dir='ltr'>studio</span> <span class='ocrx_word' id='word_1_77' title='bbox 282 887 471 940; x_wconf 86' lang='lat' dir='ltr'>quodam</span> <span class='ocrx_word' id='word_1_78' title='bbox 503 899 713 939; x_wconf 82' lang='lat' dir='ltr'>personas</span> <span class='ocrx_word' id='word_1_79' title='bbox 745 886 866 927; x_wconf 82' lang='lat' dir='ltr'>verbi</span> <span class='ocrx_word' id='word_1_80' title='bbox 899 887 1028 928; x_wconf 89' lang='lat' dir='ltr'>etiam</span> <span class='ocrx_word' id='word_1_81' title='bbox 1062 888 1105 927; x_wconf 91' lang='lat' dir='ltr'>in</span> <span class='ocrx_word' id='word_1_82' title='bbox 1128 886 1303 939; x_wconf 85' lang='lat' dir='ltr'>obliqua</span> <span class='ocrx_word' id='word_1_83' title='bbox 1326 888 1532 929; x_wconf 88' lang='lat' dir='ltr'>orationis</span> <span class='ocrx_word' id='word_1_84' title='bbox 1562 889 1701 929; x_wconf 87' lang='lat' dir='ltr'>forma</span> 
     </span>
     <span class='ocr_line' id='line_1_12' title="bbox 106 956 1699 1011; baseline 0.001 -13"><span class='ocrx_word' id='word_1_85' title='bbox 106 958 372 1011; x_wconf 88' lang='lat' dir='ltr'>significandi</span> <span class='ocrx_word' id='word_1_86' title='bbox 421 956 556 1011; x_wconf 83' lang='lat' dir='ltr'>(quod</span> <span class='ocrx_word' id='word_1_87' title='bbox 603 956 833 998; x_wconf 80' lang='lat' dir='ltr'>discrimen</span> <span class='ocrx_word' id='word_1_88' title='bbox 879 957 1115 1006; x_wconf 76' lang='lat' dir='ltr'>tolleretur,</span> <span class='ocrx_word' id='word_1_89' title='bbox 1165 957 1200 998; x_wconf 94' lang='lat' dir='ltr'>si</span> <span class='ocrx_word' id='word_1_90' title='bbox 1241 958 1309 998; x_wconf 86' lang='lat' dir='ltr'>hic</span> <span class='ocrx_word' id='word_1_91' title='bbox 1353 971 1526 1010; x_wconf 86' lang='lat' dir='ltr'>quoque</span> <span class='ocrx_word' id='word_1_92' title='bbox 1566 960 1699 1000; x_wconf 89' lang='lat' dir='ltr'>esset:</span> 
     </span>
     <span class='ocr_line' id='line_1_13' title="bbox 109 1028 1701 1081; baseline 0.001 -13"><span class='ocrx_word' id='word_1_93' title='bbox 109 1028 220 1080; x_wconf 83' lang='lat' dir='ltr'>Quid</span> <span class='ocrx_word' id='word_1_94' title='bbox 249 1028 428 1081; x_wconf 73' lang='lat' dir='ltr'>fecisse?</span> <span class='ocrx_word' id='word_1_95' title='bbox 456 1041 560 1068; x_wconf 88' lang='lat' dir='ltr'>nam</span> <span class='ocrx_word' id='word_1_96' title='bbox 585 1028 771 1080; x_wconf 87' lang='lat' dir='ltr'>primam</span> <span class='ocrx_word' id='word_1_97' title='bbox 804 1041 1037 1080; x_wconf 86' lang='lat' dir='ltr'>personam</span> <span class='ocrx_word' id='word_1_98' title='bbox 1060 1028 1248 1069; x_wconf 84' lang='lat' dir='ltr'>ostendit</span> <span class='ocrx_word' id='word_1_99' title='bbox 1281 1028 1478 1069; x_wconf 89' lang='lat' dir='ltr'>additum</span> <span class='ocrx_word' id='word_1_100' title='bbox 1510 1029 1701 1081; x_wconf 88' lang='lat' dir='ltr'>plerum—</span> 
     </span>
     <span class='ocr_line' id='line_1_14' title="bbox 106 1097 1700 1152; baseline -0.001 -12"><span class='ocrx_word' id='word_1_101' title='bbox 106 1112 190 1151; x_wconf 86' lang='lat' dir='ltr'>que</span> <span class='ocrx_word' id='word_1_102' title='bbox 221 1097 293 1152; x_wconf 81' lang='grc'><em>36),</em></span> <span class='ocrx_word' id='word_1_103' title='bbox 342 1099 418 1140; x_wconf 90' lang='lat' dir='ltr'>sed</span> <span class='ocrx_word' id='word_1_104' title='bbox 451 1099 583 1140; x_wconf 90' lang='lat' dir='ltr'>etiam</span> <span class='ocrx_word' id='word_1_105' title='bbox 617 1111 668 1139; x_wconf 77' lang='lat' dir='ltr'>ex</span> <span class='ocrx_word' id='word_1_106' title='bbox 702 1112 764 1148; x_wconf 90' lang='lat' dir='ltr'>eo,</span> <span class='ocrx_word' id='word_1_107' title='bbox 814 1099 943 1151; x_wconf 86' lang='lat' dir='ltr'>quod,</span> <span class='ocrx_word' id='word_1_108' title='bbox 993 1112 1125 1151; x_wconf 87' lang='lat' dir='ltr'>quum</span> <span class='ocrx_word' id='word_1_109' title='bbox 1159 1099 1299 1140; x_wconf 88' lang='lat' dir='ltr'>aliena</span> <span class='ocrx_word' id='word_1_110' title='bbox 1333 1100 1469 1140; x_wconf 87' lang='lat' dir='ltr'>oratio</span> <span class='ocrx_word' id='word_1_111' title='bbox 1502 1099 1700 1148; x_wconf 88' lang='lat' dir='ltr'>refertur,</span> 
     </span>
     <span class='ocr_line' id='line_1_15' title="bbox 104 1169 1699 1223; baseline 0.001 -13"><span class='ocrx_word' id='word_1_112' title='bbox 104 1170 149 1210; x_wconf 92' lang='lat' dir='ltr'>in</span> <span class='ocrx_word' id='word_1_113' title='bbox 180 1169 244 1220; x_wconf 90' lang='lat' dir='ltr'>iis,</span> <span class='ocrx_word' id='word_1_114' title='bbox 285 1183 383 1222; x_wconf 84' lang='lat' dir='ltr'>quae</span> <span class='ocrx_word' id='word_1_115' title='bbox 415 1170 510 1222; x_wconf 87' lang='lat' dir='ltr'>quis</span> <span class='ocrx_word' id='word_1_116' title='bbox 544 1183 596 1210; x_wconf 82' lang='lat' dir='ltr'>ex</span> <span class='ocrx_word' id='word_1_117' title='bbox 628 1182 678 1210; x_wconf 92' lang='lat' dir='ltr'>eo</span> <span class='ocrx_word' id='word_1_118' title='bbox 710 1170 816 1222; x_wconf 82' lang='lat' dir='ltr'>ipso,</span> <span class='ocrx_word' id='word_1_119' title='bbox 861 1182 1048 1221; x_wconf 84' lang='lat' dir='ltr'>quocum</span> <span class='ocrx_word' id='word_1_120' title='bbox 1081 1170 1247 1210; x_wconf 90' lang='lat' dir='ltr'>locutus</span> <span class='ocrx_word' id='word_1_121' title='bbox 1281 1171 1358 1219; x_wconf 88' lang='lat' dir='ltr'>est,</span> <span class='ocrx_word' id='word_1_122' title='bbox 1407 1169 1699 1223; x_wconf 77' lang='lat' dir='ltr'>interrogavit,</span> 
     </span>
     <span class='ocr_line' id='line_1_16' title="bbox 104 1239 1701 1293; baseline 0 -12"><span class='ocrx_word' id='word_1_123' title='bbox 104 1240 242 1293; x_wconf 88' lang='lat' dir='ltr'>magis</span> <span class='ocrx_word' id='word_1_124' title='bbox 275 1240 371 1293; x_wconf 90' lang='lat' dir='ltr'>ipsa</span> <span class='ocrx_word' id='word_1_125' title='bbox 402 1240 695 1293; x_wconf 89' lang='lat' dir='ltr'>interrogandi</span> <span class='ocrx_word' id='word_1_126' title='bbox 726 1239 844 1281; x_wconf 93' lang='lat' dir='ltr'>notio</span> <span class='ocrx_word' id='word_1_127' title='bbox 877 1240 1083 1289; x_wconf 73' lang='lat' dir='ltr'>oboritur,</span> <span class='ocrx_word' id='word_1_128' title='bbox 1116 1242 1165 1281; x_wconf 89' lang='lat' dir='ltr'>ut</span> <span class='ocrx_word' id='word_1_129' title='bbox 1197 1240 1321 1293; x_wconf 85' lang='lat' dir='ltr'>quasi</span> <span class='ocrx_word' id='word_1_130' title='bbox 1353 1253 1405 1281; x_wconf 78' lang='lat' dir='ltr'>ex</span> <span class='ocrx_word' id='word_1_131' title='bbox 1436 1240 1519 1281; x_wconf 91' lang='lat' dir='ltr'>hac</span> <span class='ocrx_word' id='word_1_132' title='bbox 1550 1240 1701 1281; x_wconf 89' lang='lat' dir='ltr'>latenti</span> 
     </span>
     <span class='ocr_line' id='line_1_17' title="bbox 106 1311 1136 1364; baseline -0.001 -12"><span class='ocrx_word' id='word_1_133' title='bbox 106 1311 281 1352; x_wconf 92' lang='lat' dir='ltr'>notione</span> <span class='ocrx_word' id='word_1_134' title='bbox 314 1311 530 1352; x_wconf 90' lang='lat' dir='ltr'>sententia</span> <span class='ocrx_word' id='word_1_135' title='bbox 560 1324 672 1352; x_wconf 82' lang='lat' dir='ltr'>nexa</span> <span class='ocrx_word' id='word_1_136' title='bbox 707 1313 748 1352; x_wconf 91' lang='lat' dir='ltr'>et</span> <span class='ocrx_word' id='word_1_137' title='bbox 781 1315 883 1364; x_wconf 87' lang='lat' dir='ltr'>apta</span> <span class='ocrx_word' id='word_1_138' title='bbox 916 1311 1136 1364; x_wconf 88' lang='lat' dir='ltr'>procedat.</span> 
     </span>
    </p>

    <p class='ocr_par' dir='ltr' id='par_1_5' title="bbox 105 1381 1702 1789">
     <span class='ocr_line' id='line_1_18' title="bbox 228 1381 1700 1435; baseline -0.001 -12"><span class='ocrx_word' id='word_1_139' title='bbox 228 1381 271 1422; x_wconf 84' lang='lat' dir='ltr'>C.</span> <span class='ocrx_word' id='word_1_140' title='bbox 335 1381 485 1423; x_wconf 90' lang='lat' dir='ltr'>Omnis</span> <span class='ocrx_word' id='word_1_141' title='bbox 518 1382 809 1435; x_wconf 70' lang='lat' dir='ltr'>interrogatio,</span> <span class='ocrx_word' id='word_1_142' title='bbox 859 1395 955 1434; x_wconf 83' lang='lat' dir='ltr'>quae</span> <span class='ocrx_word' id='word_1_143' title='bbox 997 1384 1115 1423; x_wconf 88' lang='lat' dir='ltr'>recta</span> <span class='ocrx_word' id='word_1_144' title='bbox 1155 1382 1350 1423; x_wconf 88' lang='lat' dir='ltr'>oratione</span> <span class='ocrx_word' id='word_1_145' title='bbox 1383 1382 1700 1422; x_wconf 77' lang='lat' dir='ltr'>conjunctivum</span> 
     </span>
     <span class='ocr_line' id='line_1_19' title="bbox 105 1451 1700 1505; baseline 0.001 -13"><span class='ocrx_word' id='word_1_146' title='bbox 105 1451 252 1502; x_wconf 87' lang='lat' dir='ltr'>habet,</span> <span class='ocrx_word' id='word_1_147' title='bbox 287 1465 385 1493; x_wconf 89' lang='lat' dir='ltr'>eum</span> <span class='ocrx_word' id='word_1_148' title='bbox 418 1453 596 1494; x_wconf 92' lang='lat' dir='ltr'>modum</span> <span class='ocrx_word' id='word_1_149' title='bbox 629 1453 673 1494; x_wconf 92' lang='lat' dir='ltr'>in</span> <span class='ocrx_word' id='word_1_150' title='bbox 704 1453 898 1494; x_wconf 90' lang='lat' dir='ltr'>oratione</span> <span class='ocrx_word' id='word_1_151' title='bbox 920 1452 1095 1505; x_wconf 87' lang='lat' dir='ltr'>obliqua</span> <span class='ocrx_word' id='word_1_152' title='bbox 1118 1453 1286 1501; x_wconf 91' lang='lat' dir='ltr'>retinet,</span> <span class='ocrx_word' id='word_1_153' title='bbox 1319 1455 1487 1493; x_wconf 88' lang='lat' dir='ltr'>mutato</span> <span class='ocrx_word' id='word_1_154' title='bbox 1516 1455 1700 1501; x_wconf 84' lang='lat' dir='ltr'>tantum,</span> 
     </span>
     <span class='ocr_line' id='line_1_20' title="bbox 106 1522 1702 1576; baseline 0.001 -13"><span class='ocrx_word' id='word_1_155' title='bbox 106 1523 181 1564; x_wconf 90' lang='lat' dir='ltr'>ubi</span> <span class='ocrx_word' id='word_1_156' title='bbox 213 1537 321 1576; x_wconf 90' lang='lat' dir='ltr'>opus</span> <span class='ocrx_word' id='word_1_157' title='bbox 355 1526 432 1573; x_wconf 92' lang='lat' dir='ltr'>est,</span> <span class='ocrx_word' id='word_1_158' title='bbox 466 1527 676 1576; x_wconf 86' lang='lat' dir='ltr'>tempore.</span> <span class='ocrx_word' id='word_1_159' title='bbox 743 1523 855 1574; x_wconf 74' lang='lat' dir='ltr'>Quid</span> <span class='ocrx_word' id='word_1_160' title='bbox 883 1523 1100 1576; x_wconf 75' lang='lat' dir='ltr'>facerem?</span> <span class='ocrx_word' id='word_1_161' title='bbox 1130 1523 1198 1564; x_wconf 89' lang='lat' dir='ltr'>fit:</span> <span class='ocrx_word' id='word_1_162' title='bbox 1236 1523 1347 1574; x_wconf 72' lang='lat' dir='ltr'>Quid</span> <span class='ocrx_word' id='word_1_163' title='bbox 1376 1522 1567 1575; x_wconf 72' lang='lat' dir='ltr'>faceret?</span> <span class='ocrx_word' id='word_1_164' title='bbox 1600 1523 1702 1574; x_wconf 72' lang='lat' dir='ltr'>Quis</span> 
     </span>
     <span class='ocr_line' id='line_1_21' title="bbox 106 1592 1701 1648; baseline 0 -14"><span class='ocrx_word' id='word_1_165' title='bbox 106 1593 280 1635; x_wconf 70' lang='lat' dir='ltr'>credat?</span> <span class='ocrx_word' id='word_1_166' title='bbox 318 1594 385 1635; x_wconf 89' lang='lat' dir='ltr'>fit:</span> <span class='ocrx_word' id='word_1_167' title='bbox 435 1595 537 1646; x_wconf 71' lang='lat' dir='ltr'>Quis</span> <span class='ocrx_word' id='word_1_168' title='bbox 575 1592 829 1647; x_wconf 69' lang='lat' dir='ltr'>crecle2·et?2)</span> <span class='ocrx_word' id='word_1_169' title='bbox 892 1595 1096 1648; x_wconf 84' lang='lat' dir='ltr'>Alioquin</span> <span class='ocrx_word' id='word_1_170' title='bbox 1132 1594 1246 1635; x_wconf 90' lang='lat' dir='ltr'>enim</span> <span class='ocrx_word' id='word_1_171' title='bbox 1280 1607 1345 1644; x_wconf 88' lang='lat' dir='ltr'>ea,</span> <span class='ocrx_word' id='word_1_172' title='bbox 1395 1607 1491 1646; x_wconf 87' lang='lat' dir='ltr'>quae</span> <span class='ocrx_word' id='word_1_173' title='bbox 1524 1594 1568 1634; x_wconf 89' lang='lat' dir='ltr'>in</span> <span class='ocrx_word' id='word_1_174' title='bbox 1601 1606 1701 1635; x_wconf 91' lang='lat' dir='ltr'>con-</span> 
     </span>
     <span class='ocr_line' id='line_1_22' title="bbox 106 1664 1702 1718; baseline 0 -13"><span class='ocrx_word' id='word_1_175' title='bbox 106 1665 294 1706; x_wconf 81' lang='lat' dir='ltr'>iunctivo</span> <span class='ocrx_word' id='word_1_176' title='bbox 338 1667 415 1715; x_wconf 87' lang='lat' dir='ltr'>est,</span> <span class='ocrx_word' id='word_1_177' title='bbox 464 1664 717 1717; x_wconf 87' lang='lat' dir='ltr'>significatio</span> <span class='ocrx_word' id='word_1_178' title='bbox 759 1665 919 1718; x_wconf 91' lang='lat' dir='ltr'>periret</span> <span class='ocrx_word' id='word_1_179' title='bbox 955 1679 1035 1706; x_wconf 91' lang='lat' dir='ltr'>nec</span> <span class='ocrx_word' id='word_1_180' title='bbox 1068 1665 1298 1717; x_wconf 83' lang='lat' dir='ltr'>quicquam</span> <span class='ocrx_word' id='word_1_181' title='bbox 1331 1665 1559 1705; x_wconf 86' lang='lat' dir='ltr'>interesset</span> <span class='ocrx_word' id='word_1_182' title='bbox 1591 1665 1702 1706; x_wconf 88' lang='lat' dir='ltr'>inter</span> 
     </span>
     <span class='ocr_line' id='line_1_23' title="bbox 107 1735 1171 1789; baseline 0.001 -14"><span class='ocrx_word' id='word_1_183' title='bbox 107 1735 344 1787; x_wconf 89' lang='lat' dir='ltr'>simplicem</span> <span class='ocrx_word' id='word_1_184' title='bbox 378 1735 761 1789; x_wconf 81' lang='lat' dir='ltr'>interrogationem</span> <span class='ocrx_word' id='word_1_185' title='bbox 795 1738 838 1777; x_wconf 95' lang='lat' dir='ltr'>et</span> <span class='ocrx_word' id='word_1_186' title='bbox 870 1736 1171 1777; x_wconf 80' lang='lat' dir='ltr'>dubitativam.</span> 
     </span>
    </p>

    <p class='ocr_par' dir='ltr' id='par_1_6' title="bbox 107 1805 1701 1930">
     <span class='ocr_line' id='line_1_24' title="bbox 224 1805 1701 1860; baseline 0.001 -14"><span class='ocrx_word' id='word_1_187' title='bbox 224 1805 331 1847; x_wconf 85' lang='lat' dir='ltr'>Haec</span> <span class='ocrx_word' id='word_1_188' title='bbox 361 1809 594 1859; x_wconf 72' lang='lat' dir='ltr'>praecepta,</span> <span class='ocrx_word' id='word_1_189' title='bbox 642 1809 691 1848; x_wconf 90' lang='lat' dir='ltr'>ut</span> <span class='ocrx_word' id='word_1_190' title='bbox 722 1807 951 1860; x_wconf 86' lang='lat' dir='ltr'>perspicua</span> <span class='ocrx_word' id='word_1_191' title='bbox 983 1808 1095 1856; x_wconf 86' lang='lat' dir='ltr'>sunt,</span> <span class='ocrx_word' id='word_1_192' title='bbox 1144 1806 1204 1848; x_wconf 86' lang='lat' dir='ltr'>ita</span> <span class='ocrx_word' id='word_1_193' title='bbox 1235 1819 1337 1847; x_wconf 78' lang='lat' dir='ltr'>vera</span> <span class='ocrx_word' id='word_1_194' title='bbox 1373 1819 1478 1855; x_wconf 90' lang='lat' dir='ltr'>esse,</span> <span class='ocrx_word' id='word_1_195' title='bbox 1527 1806 1593 1847; x_wconf 89' lang='lat' dir='ltr'>his</span> <span class='ocrx_word' id='word_1_196' title='bbox 1628 1819 1701 1847; x_wconf 80' lang='lat' dir='ltr'>ex-</span> 
     </span>
     <span class='ocr_line' id='line_1_25' title="bbox 107 1876 1701 1930; baseline 0 -13"><span class='ocrx_word' id='word_1_197' title='bbox 107 1876 259 1929; x_wconf 90' lang='lat' dir='ltr'>emplis</span> <span class='ocrx_word' id='word_1_198' title='bbox 293 1877 630 1927; x_wconf 84' lang='lat' dir='ltr'>confirmabitur,</span> <span class='ocrx_word' id='word_1_199' title='bbox 681 1890 777 1930; x_wconf 84' lang='lat' dir='ltr'>quae</span> <span class='ocrx_word' id='word_1_200' title='bbox 811 1891 833 1918; x_wconf 96' lang='lat' dir='ltr'>e</span> <span class='ocrx_word' id='word_1_201' title='bbox 866 1877 984 1927; x_wconf 81' lang='lat' dir='ltr'>Livii,</span> <span class='ocrx_word' id='word_1_202' title='bbox 1034 1877 1229 1926; x_wconf 82' lang='lat' dir='ltr'>Caesaris,</span> <span class='ocrx_word' id='word_1_203' title='bbox 1279 1876 1418 1918; x_wconf 90' lang='lat' dir='ltr'>Taciti</span> <span class='ocrx_word' id='word_1_204' title='bbox 1456 1876 1574 1917; x_wconf 86' lang='lat' dir='ltr'>libris</span> <span class='ocrx_word' id='word_1_205' title='bbox 1615 1877 1701 1918; x_wconf 91' lang='lat' dir='ltr'>col-</span> 
     </span>
    </p>
   </div>
   <div class='ocr_carea' id='block_1_4' title="bbox 44 1946 1701 2001">
    <p class='ocr_par' dir='ltr' id='par_1_7' title="bbox 44 1946 1701 2001">
     <span class='ocr_line' id='line_1_26' title="bbox 44 1946 1701 2001; baseline 0.001 -15"><span class='ocrx_word' id='word_1_206' title='bbox 44 1996 48 2000; x_wconf 30' lang='grc'>,</span> <span class='ocrx_word' id='word_1_207' title='bbox 106 1946 208 1999; x_wconf 84' lang='lat' dir='ltr'>legi3</span> <span class='ocrx_word' id='word_1_208' title='bbox 257 1947 375 1999; x_wconf 90' lang='lat' dir='ltr'>apud</span> <span class='ocrx_word' id='word_1_209' title='bbox 414 1948 527 1989; x_wconf 92' lang='lat' dir='ltr'>solos</span> <span class='ocrx_word' id='word_1_210' title='bbox 569 1948 793 1989; x_wconf 87' lang='lat' dir='ltr'>historicos</span> <span class='ocrx_word' id='word_1_211' title='bbox 834 1961 909 1988; x_wconf 90' lang='lat' dir='ltr'>cur</span> <span class='ocrx_word' id='word_1_212' title='bbox 948 1948 1029 1989; x_wconf 90' lang='lat' dir='ltr'>hoc</span> <span class='ocrx_word' id='word_1_213' title='bbox 1067 1961 1202 2001; x_wconf 90' lang='lat' dir='ltr'>genus</span> <span class='ocrx_word' id='word_1_214' title='bbox 1244 1947 1446 2000; x_wconf 86' lang='lat' dir='ltr'>frequens</span> <span class='ocrx_word' id='word_1_215' title='bbox 1479 1948 1546 1997; x_wconf 86' lang='lat' dir='ltr'>sit,</span> <span class='ocrx_word' id='word_1_216' title='bbox 1596 1948 1701 1988; x_wconf 87' lang='lat' dir='ltr'>satis</span> 
     </span>
    </p>
   </div>
   <div class='ocr_carea' id='block_1_5' title="bbox 106 2020 1701 2498">
    <p class='ocr_par' dir='ltr' id='par_1_8' title="bbox 107 2020 417 2070">
     <span class='ocr_line' id='line_1_27' title="bbox 107 2020 417 2070; baseline 0.003 -12"><span class='ocrx_word' id='word_1_217' title='bbox 107 2021 306 2070; x_wconf 90' lang='lat' dir='ltr'>apertum</span> <span class='ocrx_word' id='word_1_218' title='bbox 340 2020 417 2059; x_wconf 88' lang='lat' dir='ltr'>est.</span> 
     </span>
    </p>

    <p class='ocr_par' dir='ltr' id='par_1_9' title="bbox 106 2088 1701 2498">
     <span class='ocr_line' id='line_1_28' title="bbox 224 2088 1700 2142; baseline 0.001 -13"><span class='ocrx_word' id='word_1_219' title='bbox 224 2088 278 2129; x_wconf 88' lang='lat' dir='ltr'>A.</span> <span class='ocrx_word' id='word_1_220' title='bbox 316 2089 352 2129; x_wconf 86' lang='lat'>1.</span> <span class='ocrx_word' id='word_1_221' title='bbox 400 2089 558 2130; x_wconf 84' lang='lat' dir='ltr'>Primae</span> <span class='ocrx_word' id='word_1_222' title='bbox 590 2101 806 2141; x_wconf 69' lang='lat' dir='ltr'>person-ee:</span> <span class='ocrx_word' id='word_1_223' title='bbox 841 2089 873 2130; x_wconf 89' lang='lat' dir='ltr'>E</span> <span class='ocrx_word' id='word_1_224' title='bbox 907 2088 1076 2130; x_wconf 56' lang='lat' dir='ltr'>Lete-2³0:</span> <span class='ocrx_word' id='word_1_225' title='bbox 1110 2089 1195 2138; x_wconf 90' lang='lat' dir='ltr'>VII,</span> <span class='ocrx_word' id='word_1_226' title='bbox 1233 2089 1305 2130; x_wconf 80' lang='lat'>18:</span> <span class='ocrx_word' id='word_1_227' title='bbox 1343 2089 1453 2140; x_wconf 78' lang='lat' dir='ltr'>Quid</span> <span class='ocrx_word' id='word_1_228' title='bbox 1484 2103 1524 2130; x_wconf 74' lang='lat' dir='ltr'>se</span> <span class='ocrx_word' id='word_1_229' title='bbox 1552 2090 1700 2142; x_wconf 64' lang='lat' dir='ltr'>vivere,</span> 
     </span>
     <span class='ocr_line' id='line_1_29' title="bbox 108 2158 1700 2214; baseline 0.001 -15"><span class='ocrx_word' id='word_1_230' title='bbox 108 2158 210 2213; x_wconf 78' lang='lat' dir='ltr'>quid</span> <span class='ocrx_word' id='word_1_231' title='bbox 241 2159 286 2199; x_wconf 78' lang='lat' dir='ltr'>iu</span> <span class='ocrx_word' id='word_1_232' title='bbox 318 2164 446 2212; x_wconf 72' lang='lat' dir='ltr'>parte</span> <span class='ocrx_word' id='word_1_233' title='bbox 485 2160 633 2200; x_wconf 75' lang='lat' dir='ltr'>civium</span> <span class='ocrx_word' id='word_1_234' title='bbox 677 2161 846 2211; x_wconf 72' lang='lat' dir='ltr'>censeri,</span> <span class='ocrx_word' id='word_1_235' title='bbox 886 2161 923 2200; x_wconf 78' lang='grc' dir='ltr'>εἰ</span> <span class='ocrx_word' id='word_1_236' title='bbox 962 2162 1042 2200; x_wconf 89' lang='lat' dir='ltr'>cet.</span> <span class='ocrx_word' id='word_1_237' title='bbox 1076 2158 1175 2212; x_wconf 87' lang='lat' dir='ltr'>(hoc</span> <span class='ocrx_word' id='word_1_238' title='bbox 1208 2161 1291 2200; x_wconf 84' lang='lat' dir='ltr'>est:</span> <span class='ocrx_word' id='word_1_239' title='bbox 1339 2160 1441 2214; x_wconf 71' lang='lat' dir='ltr'>quid</span> <span class='ocrx_word' id='word_1_240' title='bbox 1479 2158 1700 2212; x_wconf 40' lang='lat' dir='ltr'>vivimus&amp;</span> 
     </span>
     <span class='ocr_line' id='line_1_30' title="bbox 108 2229 1700 2284; baseline 0.001 -14"><span class='ocrx_word' id='word_1_241' title='bbox 108 2229 256 2279; x_wconf 89' lang='lat' dir='ltr'>XXVI,</span> <span class='ocrx_word' id='word_1_242' title='bbox 291 2230 366 2271; x_wconf 81' lang='lat'>35:</span> <span class='ocrx_word' id='word_1_243' title='bbox 417 2229 527 2270; x_wconf 77' lang='lat' dir='ltr'>Nam</span> <span class='ocrx_word' id='word_1_244' title='bbox 569 2230 678 2270; x_wconf 81' lang='lat' dir='ltr'>uude</span> <span class='ocrx_word' id='word_1_245' title='bbox 715 2235 944 2283; x_wconf 70' lang='lat' dir='ltr'>paraturos·</span> <span class='ocrx_word' id='word_1_246' title='bbox 982 2230 1153 2270; x_wconf 71' lang='lat' dir='ltr'>naz-ales</span> <span class='ocrx_word' id='word_1_247' title='bbox 1190 2230 1348 2270; x_wconf 74' lang='lat' dir='ltr'>socios?</span> <span class='ocrx_word' id='word_1_248' title='bbox 1384 2229 1700 2284; x_wconf 51' lang='lat' dir='ltr'>(pdrabim‘uff)</span> 
     </span>
     <span class='ocr_line' id='line_1_31' title="bbox 106 2300 1698 2355; baseline 0.001 -15"><span class='ocrx_word' id='word_1_249' title='bbox 106 2300 291 2350; x_wconf 81' lang='lat' dir='ltr'>XXVIII,</span> <span class='ocrx_word' id='word_1_250' title='bbox 325 2301 400 2342; x_wconf 74' lang='lat'>24:</span> <span class='ocrx_word' id='word_1_251' title='bbox 434 2301 535 2355; x_wconf 74' lang='lat' dir='ltr'>quid</span> <span class='ocrx_word' id='word_1_252' title='bbox 566 2315 650 2341; x_wconf 76' lang='grc'><em>3636</em></span> <span class='ocrx_word' id='word_1_253' title='bbox 683 2302 790 2342; x_wconf 70' lang='lat' dir='ltr'>inter</span> <span class='ocrx_word' id='word_1_254' title='bbox 814 2306 990 2355; x_wconf 76' lang='lat' dir='ltr'>pacatos</span> <span class='ocrx_word' id='word_1_255' title='bbox 1018 2300 1191 2354; x_wconf 69' lang='lat' dir='ltr'>fucere?</span> <span class='ocrx_word' id='word_1_256' title='bbox 1227 2315 1302 2341; x_wconf 72' lang='lat' dir='ltr'>cur</span> <span class='ocrx_word' id='word_1_257' title='bbox 1332 2302 1378 2341; x_wconf 78' lang='lat' dir='ltr'>iu</span> <span class='ocrx_word' id='word_1_258' title='bbox 1412 2300 1587 2341; x_wconf 73' lang='lat' dir='ltr'>Italiam</span> <span class='ocrx_word' id='word_1_259' title='bbox 1620 2315 1698 2342; x_wconf 75' lang='lat' dir='ltr'>uon</span> 
     </span>
     <span class='ocr_line' id='line_1_32' title="bbox 106 2369 1701 2427; baseline 0.002 -17"><span class='ocrx_word' id='word_1_260' title='bbox 106 2370 277 2411; x_wconf 73' lang='lat' dir='ltr'>revehi?</span> <span class='ocrx_word' id='word_1_261' title='bbox 321 2369 441 2425; x_wconf 74' lang='lat' dir='ltr'>(quid</span> <span class='ocrx_word' id='word_1_262' title='bbox 469 2372 684 2425; x_wconf 67' lang='lat' dir='ltr'>facimus?</span> <span class='ocrx_word' id='word_1_263' title='bbox 728 2386 803 2413; x_wconf 78' lang='lat' dir='ltr'>cur</span> <span class='ocrx_word' id='word_1_264' title='bbox 834 2386 917 2413; x_wconf 76' lang='lat' dir='ltr'>uou</span> <span class='ocrx_word' id='word_1_265' title='bbox 948 2370 1230 2424; x_wconf 60' lang='grc' dir='ltr'><em>ν6υ616666666ν9)</em></span> <span class='ocrx_word' id='word_1_266' title='bbox 1268 2371 1457 2421; x_wconf 90' lang='lat' dir='ltr'>XXXIV,</span> <span class='ocrx_word' id='word_1_267' title='bbox 1502 2373 1575 2413; x_wconf 85' lang='lat'>11:</span> <span class='ocrx_word' id='word_1_268' title='bbox 1624 2386 1701 2427; x_wconf 79' lang='lat' dir='ltr'>quo</span> 
     </span>
     <span class='ocr_line' id='line_1_33' title="bbox 108 2441 1699 2498; baseline 0.003 -18"><span class='ocrx_word' id='word_1_269' title='bbox 108 2441 216 2481; x_wconf 80' lang='lat' dir='ltr'>euim</span> <span class='ocrx_word' id='word_1_270' title='bbox 247 2455 288 2482; x_wconf 78' lang='lat' dir='ltr'>se</span> <span class='ocrx_word' id='word_1_271' title='bbox 328 2465 379 2469; x_wconf 90' lang='lat'>—</span> <span class='ocrx_word' id='word_1_272' title='bbox 420 2443 581 2484; x_wconf 72' lang='lat' dir='ltr'>ituros?</span> <span class='ocrx_word' id='word_1_273' title='bbox 626 2442 838 2496; x_wconf 72' lang='lat' dir='ltr'>(ibimus.?)</span> <span class='ocrx_word' id='word_1_274' title='bbox 887 2443 974 2484; x_wconf 89' lang='lat' dir='ltr'>ibd.</span> <span class='ocrx_word' id='word_1_275' title='bbox 1008 2443 1084 2484; x_wconf 81' lang='lat'>33:</span> <span class='ocrx_word' id='word_1_276' title='bbox 1132 2442 1279 2498; x_wconf 77' lang='lat' dir='ltr'>quibus</span> <span class='ocrx_word' id='word_1_277' title='bbox 1326 2443 1424 2483; x_wconf 78' lang='lat' dir='ltr'>aliis</span> <span class='ocrx_word' id='word_1_278' title='bbox 1470 2444 1598 2496; x_wconf 72' lang='lat' dir='ltr'>copiis</span> <span class='ocrx_word' id='word_1_279' title='bbox 1647 2465 1699 2470; x_wconf 90' lang='lat'>—-</span> 
     </span>
    </p>
   </div>
   <div class='ocr_carea' id='block_1_6' title="bbox 145 2592 1702 2992">
    <p class='ocr_par' dir='ltr' id='par_1_10' title="bbox 148 2592 1700 2815">
     <span class='ocr_line' id='line_1_34' title="bbox 148 2592 1700 2640; baseline -0.001 -11"><span class='ocrx_word' id='word_1_280' title='bbox 148 2592 176 2636; x_wconf 94' lang='lat'>¹)</span> <span class='ocrx_word' id='word_1_281' title='bbox 201 2593 275 2637; x_wconf 89' lang='lat' dir='ltr'>[Sic</span> <span class='ocrx_word' id='word_1_282' title='bbox 308 2606 405 2629; x_wconf 88' lang='lat' dir='ltr'>nunc</span> <span class='ocrx_word' id='word_1_283' title='bbox 437 2607 514 2630; x_wconf 87' lang='lat' dir='ltr'>rem</span> <span class='ocrx_word' id='word_1_284' title='bbox 549 2595 669 2630; x_wconf 74' lang='lat' dir='ltr'>verbis</span> <span class='ocrx_word' id='word_1_285' title='bbox 701 2595 892 2640; x_wconf 85' lang='lat' dir='ltr'>complecti</span> <span class='ocrx_word' id='word_1_286' title='bbox 925 2599 1075 2629; x_wconf 87' lang='lat' dir='ltr'>conatus</span> <span class='ocrx_word' id='word_1_287' title='bbox 1106 2606 1206 2636; x_wconf 85' lang='lat' dir='ltr'>sum,</span> <span class='ocrx_word' id='word_1_288' title='bbox 1242 2594 1284 2629; x_wconf 66' lang='lat' dir='ltr'>&#39;ut</span> <span class='ocrx_word' id='word_1_289' title='bbox 1316 2595 1563 2629; x_wconf 73' lang='lat' dir='ltr'>satisfacerem</span> <span class='ocrx_word' id='word_1_290' title='bbox 1594 2595 1700 2628; x_wconf 89' lang='lat' dir='ltr'>bene-</span> 
     </span>
     <span class='ocr_line' id='line_1_35' title="bbox 203 2652 1700 2697; baseline -0.001 -10"><span class='ocrx_word' id='word_1_291' title='bbox 203 2653 459 2688; x_wconf 84' lang='lat' dir='ltr'>volentissimae</span> <span class='ocrx_word' id='word_1_292' title='bbox 491 2654 730 2688; x_wconf 86' lang='lat' dir='ltr'>admonitioni</span> <span class='ocrx_word' id='word_1_293' title='bbox 763 2658 799 2688; x_wconf 88' lang='lat' dir='ltr'>et</span> <span class='ocrx_word' id='word_1_294' title='bbox 831 2654 1047 2688; x_wconf 82' lang='lat' dir='ltr'>dubitationi</span> <span class='ocrx_word' id='word_1_295' title='bbox 1073 2654 1111 2688; x_wconf 92' lang='lat' dir='ltr'>L.</span> <span class='ocrx_word' id='word_1_296' title='bbox 1138 2654 1174 2688; x_wconf 90' lang='lat' dir='ltr'>C.</span> <span class='ocrx_word' id='word_1_297' title='bbox 1200 2654 1245 2688; x_wconf 92' lang='lat' dir='ltr'>M.</span> <span class='ocrx_word' id='word_1_298' title='bbox 1272 2654 1448 2694; x_wconf 86' lang='lat' dir='ltr'>Aubertii,</span> <span class='ocrx_word' id='word_1_299' title='bbox 1487 2652 1700 2697; x_wconf 86' lang='lat' dir='ltr'>professoris</span> 
     </span>
     <span class='ocr_line' id='line_1_36' title="bbox 204 2711 1699 2757; baseline -0.001 -11"><span class='ocrx_word' id='word_1_300' title='bbox 204 2712 504 2753; x_wconf 57' lang='lat' dir='ltr'>Christianiensis</span> <span class='ocrx_word' id='word_1_301' title='bbox 532 2724 642 2757; x_wconf 87' lang='lat' dir='ltr'>quam</span> <span class='ocrx_word' id='word_1_302' title='bbox 669 2713 705 2747; x_wconf 87' lang='lat' dir='ltr'>in</span> <span class='ocrx_word' id='word_1_303' title='bbox 733 2713 883 2757; x_wconf 84' lang='lat' dir='ltr'>epistola</span> <span class='ocrx_word' id='word_1_304' title='bbox 909 2714 952 2747; x_wconf 89' lang='lat' dir='ltr'>ad</span> <span class='ocrx_word' id='word_1_305' title='bbox 980 2724 1039 2747; x_wconf 90' lang='lat' dir='ltr'>me</span> <span class='ocrx_word' id='word_1_306' title='bbox 1066 2714 1150 2747; x_wconf 85' lang='lat' dir='ltr'>data</span> <span class='ocrx_word' id='word_1_307' title='bbox 1176 2716 1211 2747; x_wconf 88' lang='lat' dir='ltr'>et</span> <span class='ocrx_word' id='word_1_308' title='bbox 1236 2713 1330 2757; x_wconf 79' lang='lat' dir='ltr'>typis</span> <span class='ocrx_word' id='word_1_309' title='bbox 1357 2713 1534 2756; x_wconf 84' lang='lat' dir='ltr'>exscripta</span> <span class='ocrx_word' id='word_1_310' title='bbox 1555 2724 1586 2746; x_wconf 87' lang='lat' dir='ltr'>a.</span> <span class='ocrx_word' id='word_1_311' title='bbox 1609 2711 1699 2745; x_wconf 82' lang='lat'>1839</span> 
     </span>
     <span class='ocr_line' id='line_1_37' title="bbox 202 2770 872 2815; baseline 0 -10"><span class='ocrx_word' id='word_1_312' title='bbox 202 2771 378 2815; x_wconf 83' lang='lat' dir='ltr'>exposuit.</span> <span class='ocrx_word' id='word_1_313' title='bbox 430 2770 548 2814; x_wconf 69' lang='lat'>1842]</span> <span class='ocrx_word' id='word_1_314' title='bbox 868 2776 872 2780; x_wconf 89' lang='lat'>&#39;</span> 
     </span>
    </p>

    <p class='ocr_par' dir='ltr' id='par_1_11' title="bbox 145 2827 1702 2992">
     <span class='ocr_line' id='line_1_38' title="bbox 145 2827 1702 2875; baseline -0.002 -11"><span class='ocrx_word' id='word_1_315' title='bbox 145 2827 173 2872; x_wconf 82' lang='lat'>²)</span> <span class='ocrx_word' id='word_1_316' title='bbox 200 2829 305 2873; x_wconf 87' lang='lat' dir='ltr'>Quia,</span> <span class='ocrx_word' id='word_1_317' title='bbox 340 2833 380 2864; x_wconf 87' lang='lat' dir='ltr'>ut</span> <span class='ocrx_word' id='word_1_318' title='bbox 405 2831 514 2874; x_wconf 74' lang='lat' dir='ltr'>paulo</span> <span class='ocrx_word' id='word_1_319' title='bbox 540 2834 620 2875; x_wconf 86' lang='lat' dir='ltr'>post</span> <span class='ocrx_word' id='word_1_320' title='bbox 647 2831 848 2872; x_wconf 87' lang='lat' dir='ltr'>ostendam,</span> <span class='ocrx_word' id='word_1_321' title='bbox 882 2831 1010 2865; x_wconf 85' lang='lat' dir='ltr'>Latine</span> <span class='ocrx_word' id='word_1_322' title='bbox 1035 2830 1181 2866; x_wconf 88' lang='lat' dir='ltr'>dicitur:</span> <span class='ocrx_word' id='word_1_323' title='bbox 1224 2832 1318 2874; x_wconf 81' lang='lat' dir='ltr'>Quid</span> <span class='ocrx_word' id='word_1_324' title='bbox 1340 2832 1507 2874; x_wconf 76' lang='lat' dir='ltr'>facturus</span> <span class='ocrx_word' id='word_1_325' title='bbox 1530 2831 1636 2872; x_wconf 80' lang='lat' dir='ltr'>fuit,</span> <span class='ocrx_word' id='word_1_326' title='bbox 1669 2831 1702 2862; x_wconf 75' lang='lat' dir='ltr'>si</span> 
     </span>
     <span class='ocr_line' id='line_1_39' title="bbox 201 2883 1698 2934; baseline -0.002 -11"><span class='ocrx_word' id='word_1_327' title='bbox 201 2891 264 2924; x_wconf 80' lang='lat' dir='ltr'>hoc</span> <span class='ocrx_word' id='word_1_328' title='bbox 285 2883 501 2924; x_wconf 66' lang='grc' dir='ltr'><em>’6666ίαί336ιὲ</em></span> <span class='ocrx_word' id='word_1_329' title='bbox 524 2900 615 2924; x_wconf 87' lang='lat' dir='ltr'>non:</span> <span class='ocrx_word' id='word_1_330' title='bbox 642 2891 730 2934; x_wconf 74' lang='lat' dir='ltr'>quid</span> <span class='ocrx_word' id='word_1_331' title='bbox 751 2892 920 2932; x_wconf 79' lang='lat' dir='ltr'>facturus</span> <span class='ocrx_word' id='word_1_332' title='bbox 942 2891 1097 2932; x_wconf 76' lang='lat' dir='ltr'>fuisset?</span> <span class='ocrx_word' id='word_1_333' title='bbox 1126 2890 1272 2934; x_wconf 85' lang='lat' dir='ltr'>obliqua</span> <span class='ocrx_word' id='word_1_334' title='bbox 1299 2889 1408 2924; x_wconf 89' lang='lat' dir='ltr'>etiam</span> <span class='ocrx_word' id='word_1_335' title='bbox 1434 2888 1596 2922; x_wconf 86' lang='lat' dir='ltr'>oratione</span> <span class='ocrx_word' id='word_1_336' title='bbox 1621 2886 1698 2921; x_wconf 88' lang='lat' dir='ltr'>fiet:</span> 
     </span>
     <span class='ocr_line' id='line_1_40' title="bbox 188 2949 670 2992; baseline -0.002 -9"><span class='ocrx_word' id='word_1_337' title='bbox 188 2949 301 2991; x_wconf 70' lang='lat' dir='ltr'>Quid</span> <span class='ocrx_word' id='word_1_338' title='bbox 323 2950 508 2991; x_wconf 81' lang='lat' dir='ltr'>facturum</span> <span class='ocrx_word' id='word_1_339' title='bbox 531 2950 670 2992; x_wconf 77' lang='lat' dir='ltr'>fuisse?</span> 
     </span>
    </p>
   </div>
   <div class='ocr_carea' id='block_1_7' title="bbox 1721 2171 1773 2196">
    <p class='ocr_par' dir='ltr' id='par_1_12' title="bbox 1721 2171 1773 2196">
     <span class='ocr_line' id='line_1_41' title="bbox 1721 2171 1773 2196; baseline 0 0"><span class='ocrx_word' id='word_1_340' title='bbox 1721 2171 1773 2196; x_wconf 81' lang='lat'>213</span> 
     </span>
    </p>
   </div>
  </div>
 </body>
</html>
