1915 3235
858 93 940 135 671

106 239 148 278 p.
171 224 254 266 679
287 237 380 276 sqq.
414 223 480 263 ed.
504 223 543 263 3.
593 221 899 274 [Conferantur
930 235 1027 275 quae
1059 236 1111 264 ex
1141 223 1263 276 praef.
1298 223 1364 264 ed.
1396 223 1425 263 4
1456 222 1536 264 sub
1558 222 1690 264 finem

105 295 231 336 huius
263 293 494 335 voluminis
526 292 774 346 ponentur]
789 290 823 346 1)

222 365 381 405 Verum
412 376 499 404 non
537 376 714 416 possum
747 363 1016 405 Catilinarias
1055 365 1270 405 orationes
1309 364 1563 417 relinquere,
1610 363 1692 404 nisi

105 448 196 476 rem
242 434 308 475 his
355 434 560 487 proximis
607 434 730 474 annis
778 434 984 486 agitatam
1032 435 1231 487 attigero,
1283 435 1547 487 suspiciones
1594 434 1690 475 dico

104 505 344 558 iudiciaque
378 518 540 554 eorum,
580 504 652 557 qui
682 504 870 556 primum
902 517 1035 545 unam
1067 517 1119 545 ex
1151 505 1212 555 iis,
1255 505 1409 546 deinde
1442 505 1563 555 duas,
1611 517 1690 557 po-

105 578 264 617 stremo
297 576 428 616 etiam
462 579 548 616 tres
580 588 667 616 non
699 588 724 616 a
757 574 960 615 Cicerone
992 575 1186 628 scriptas,
1230 575 1306 616 sed
1352 575 1390 616 ei
1432 575 1540 616 falso
1584 574 1689 616 sub-

105 646 215 687 ditas
262 648 537 698 putaverunt.
601 645 707 696 Quae
753 658 834 695 res,
882 647 930 686 ut
975 658 1126 686 verum
1173 645 1327 695 dicam,
1376 659 1401 686 a
1446 645 1523 686 tali
1568 645 1689 686 initio

104 716 232 757 ducta
266 719 342 765 est,
391 716 450 757 ita
484 717 629 765 crevit,
676 716 726 756 iis
759 715 1022 768 argumentis
1053 718 1240 756 tractata
1274 718 1350 765 est,
1399 718 1447 757 ut
1485 728 1687 768 magnam

102 787 165 835 iis,
210 787 281 839 qui
313 800 462 828 omnes
495 786 741 827 huiusmodi
774 786 1062 827 dubitationes
1095 787 1138 827 in
1169 787 1375 827 invidiam
1408 788 1564 827 vocant
1594 785 1688 826 ina-

102 858 334 910 nitatisque
381 861 579 911 arguunt,
628 871 718 898 suae
765 857 989 898 sententiae
1037 857 1392 898 commendandae
1438 856 1690 897 facultatem

101 928 295 981 praebeat
327 941 562 981 eorumque
596 928 797 969 vanitatis
835 927 1038 977 ridendae,
1087 928 1171 980 qui,
1219 941 1273 968 ne
1313 927 1559 968 auctoritati
1597 939 1690 967 ser-

101 1000 190 1040 vire
221 999 388 1040 tardive
423 1012 516 1040 esse
555 999 794 1048 videantur,
844 998 1046 1051 quicquid
1084 999 1138 1039 sit
1178 999 1396 1051 prolatum
1434 998 1534 1039 novi
1572 1010 1686 1038 com-

102 1069 247 1115 menti,
281 1070 490 1122 arripiant
523 1073 565 1111 et
596 1072 795 1122 augeant.
858 1069 1013 1109 Mirum
1043 1069 1238 1122 profecto
1272 1074 1349 1119 est,
1384 1068 1573 1121 quidam,
1615 1066 1688 1120 qui

101 1140 203 1181 alibi
234 1141 277 1181 in
309 1140 478 1193 scriptis
511 1143 705 1181 veterum
739 1139 989 1181 enarrandis
1022 1152 1145 1192 paene
1178 1139 1306 1180 nimis
1339 1141 1440 1180 sunt
1463 1138 1609 1179 faciles
1634 1150 1685 1179 ac

100 1211 326 1263 patientes,
362 1225 494 1264 quam
525 1211 644 1261 fiant,
678 1211 712 1252 si
744 1212 787 1251 in
807 1209 1053 1251 huiusmodi
1076 1210 1365 1262 suspicionem
1388 1209 1551 1250 inducti
1573 1210 1687 1260 sunt,

100 1281 293 1322 difficiles
326 1295 377 1323 ac
408 1282 567 1323 morosi
599 1284 642 1323 et
680 1281 736 1322 ad
773 1294 841 1322 res
879 1282 1052 1333 apertas
1091 1281 1356 1333 minimeque
1395 1280 1588 1321 insolitas
1627 1279 1688 1320 ita

101 1352 413 1403 adhaerescant,
454 1354 576 1405 quasi
607 1366 830 1405 nunquam
863 1355 993 1393 antea
1024 1351 1254 1404 quicquam
1288 1350 1685 1401 animadverterint,

101 1427 142 1463 et
174 1428 321 1464 tamen
352 1423 483 1464 iidem
516 1426 712 1476 quantas,
746 1425 793 1463 ut
826 1422 1046 1475 opiniones
1079 1435 1179 1463 suas
1206 1423 1535 1474 persequantur,
1569 1434 1687 1462 com-

100 1496 344 1534 mentorum
391 1494 705 1535 incredibilium
752 1493 886 1534 moles
934 1495 1170 1533 exstruant.
1260 1492 1345 1533 Sed
1391 1492 1578 1545 primum
1625 1490 1688 1532 rei

99 1563 322 1605 historiam
369 1578 608 1606 narremus.
671 1565 783 1606 Nam
822 1577 955 1616 quum
994 1564 1039 1604 F.
1072 1563 1123 1603 A.
1157 1563 1338 1604 VVolfius
1377 1567 1527 1604 notam
1569 1561 1688 1602 illam

101 1636 303 1687 quattuor
335 1635 576 1677 orationum
611 1636 929 1676 accusationem
967 1635 1028 1675 ita
1059 1634 1306 1686 peregisset,
1355 1635 1403 1674 ut
1440 1646 1554 1674 nunc
1593 1632 1687 1685 qui-

101 1704 212 1754 dem,
246 1705 448 1758 quicquid
481 1706 533 1747 de
566 1706 658 1759 ipsa
690 1719 736 1746 re
768 1705 982 1755 statuitur,
1017 1705 1260 1745 cautionem
1292 1704 1335 1745 in
1360 1717 1492 1746 causa
1514 1717 1686 1757 praepa-

99 1776 235 1816 randa
283 1778 325 1817 et
372 1777 427 1817 ab
475 1777 592 1818 omni
645 1779 769 1829 parte
816 1775 1128 1817 consideranda
1175 1780 1216 1816 et
1263 1775 1507 1816 mehercule
1555 1774 1685 1815 etiam

99 1846 395 1897 subtilitatem,
429 1847 506 1888 sed
538 1847 726 1889 maxime
758 1847 800 1887 in
832 1847 926 1899 ipsa
957 1846 1166 1887 libertatis
1193 1847 1335 1898 specie
1361 1846 1607 1886 libertatem
1631 1845 1685 1886 de

100 1916 341 1969 eloquentia
389 1917 669 1959 Ciceroniana
722 1916 1072 1968 orationibusque
1122 1920 1218 1969 post
1275 1916 1472 1957 exsilium
1525 1915 1684 1956 habitis

100 1987 237 2040 deque
268 1989 389 2029 motu
422 1988 586 2041 antiqui
618 1987 826 2028 sermonis
848 1989 964 2028 recte
985 1986 1202 2028 iudicandi
1227 1987 1353 2028 valde
1376 1986 1684 2036 desideremus,

99 2057 399 2099 Eichstaedtius
432 2059 488 2112 (a.
525 2057 654 2110 1802)
693 2059 736 2098 in
769 2070 949 2098 censura
986 2057 1083 2098 libri
1115 2057 1331 2107 VVolfiani,
1379 2058 1414 2098 si
1453 2070 1540 2098 non
1578 2056 1685 2098 alias

100 2128 314 2170 Ciceronis
362 2129 598 2179 orationes,
647 2129 800 2170 saltem
847 2141 980 2169 unam
1027 2141 1079 2168 ex
1125 2127 1384 2169 Catilinariis
1431 2127 1512 2168 sibi
1558 2126 1686 2168 simili

99 2199 375 2241 damnatione
408 2200 581 2253 dignam
614 2199 748 2240 videri
780 2199 1052 2252 significavit;
1086 2199 1152 2239 cui
1184 2198 1310 2239 facile
1343 2197 1524 2238 XVolfius
1557 2197 1684 2238 obse-

99 2272 221 2310 cutus
252 2270 399 2311 statim
430 2271 603 2311 tertiam
637 2270 871 2319 damnavit,
914 2281 1096 2321 eamque
1135 2282 1227 2309 rem
1269 2270 1422 2321 postea
1453 2269 1497 2308 in
1527 2267 1684 2308 scholis

98 2340 452 2394 sermonibusque
499 2341 560 2381 ita
611 2340 898 2393 significabat,
946 2342 993 2381 ut
1040 2341 1115 2379 aut
1161 2339 1361 2389 omnino,
1410 2351 1506 2391 quae
1555 2340 1682 2389 esset,

135 2501 162 2545 ¹)
188 2504 228 2538 In
260 2504 392 2548 pusilla
422 2515 471 2545 re,
510 2504 572 2538 sed
610 2514 691 2547 quae
728 2504 765 2537 in
802 2503 920 2548 prima
955 2503 1036 2537 libri
1073 2502 1204 2546 pagina
1241 2502 1359 2546 posita
1397 2501 1453 2542 sit,
1492 2500 1686 2545 diligentiae

190 2563 280 2597 mihi
305 2563 552 2597 testimonium
579 2573 750 2606 quaeram.
799 2561 890 2595 Nam
916 2561 1048 2595 Orellio
1081 2560 1157 2594 haec
1188 2560 1370 2594 distinctio
1397 2560 1570 2605 displicet,
1610 2570 1683 2603 qua

191 2621 301 2656 etiam
333 2625 441 2655 antea
471 2633 558 2655 usus
589 2632 687 2655 sum:
732 2621 858 2654 Omnes
882 2621 929 2661 hi,
967 2631 1054 2664 quos
1084 2621 1209 2653 videtis
1242 2621 1373 2663 adesse,
1413 2621 1452 2652 in
1482 2620 1548 2652 hac
1573 2629 1684 2652 caasa

190 2682 365 2714 iniuriam
398 2691 486 2715 noco
519 2681 643 2713 scelere
675 2681 864 2722 conflatam
887 2683 1023 2722 patant
1053 2684 1213 2722 oportere
1245 2679 1391 2721 defendi
1421 2675 1530 2721 (vulg.
1563 2678 1685 2711 adesse

192 2741 229 2772 in
261 2740 327 2773 hac
352 2750 472 2782 caasa,
504 2740 680 2772 iniuriam
706 2736 798 2779 cet.)
848 2737 983 2771 Verum
1014 2737 1050 2770 in
1084 2736 1392 2771 demonstratione
1423 2736 1684 2770 advocatorum

190 2797 423 2842 praesentium
449 2797 504 2831 his
530 2796 664 2831 verbis:
697 2807 784 2840 quos
808 2797 932 2829 videtis
957 2797 1078 2829 adesse
1102 2795 1192 2829 nihil
1217 2795 1386 2839 languide
1411 2795 1595 2829 adhaerere
1621 2794 1684 2827 de-

190 2856 266 2897 bet;
295 2857 389 2900 quod
416 2856 538 2890 Cicero
565 2855 660 2896 dicit,
686 2854 736 2888 sic
762 2854 903 2888 dilatari
927 2857 1062 2898 potest:
1088 2856 1127 2888 in
1151 2856 1218 2888 hac
1239 2865 1351 2888 caasa
1370 2855 1545 2887 iniuriam
1565 2854 1685 2886 inesse

183 2920 320 2958 patant
347 2926 434 2950 novo
460 2915 584 2948 scelere
610 2915 798 2956 conflatam
823 2924 967 2957 eamque
992 2918 1150 2957 oportere
1178 2914 1330 2956 defendi.

1708 1644 1761 1669 339
