1915 3235
847 116 931 158 753

94 245 397 297 praeferebant⁷
449 258 543 285 cum
595 258 697 286 cura
745 246 1022 288 considerans
1070 249 1112 287 et
1158 260 1304 288 verum
1354 247 1454 288 inde
1502 248 1685 289 subinde

95 328 261 363 eruens,
310 315 511 367 idemque
554 328 631 368 ego
673 316 734 357 ita
776 316 869 366 feci,
917 319 966 357 ut
1003 317 1115 358 hanc
1154 317 1456 359 auctoritatem
1487 320 1551 360 tot
1582 318 1684 360 locis

95 387 333 438 spectatam
369 385 498 426 etiam
542 386 585 426 in
624 386 717 427 aliis
760 387 863 427 locis
905 387 1156 439 praeferrem
1201 388 1451 429 ratiunculis
1496 389 1684 441 speciem

95 457 297 508 aliquam,
331 456 408 497 sed
439 456 707 497 necessitatis
739 457 843 498 nihil
867 457 1143 499 habentibus.
1192 459 1277 500 Sed
1300 461 1447 500 tamen
1472 459 1683 503 Halmius.

95 529 141 568 ut
172 527 220 567 fit
250 527 294 568 in
326 527 537 568 eiusmodi
569 540 614 568 re
647 529 777 580 atque
810 528 965 577 studio,
999 529 1213 570 nonnullis
1246 529 1348 571 locis
1380 529 1484 570 mihi
1517 529 1686 570 Videtur

94 597 259 650 longius
293 610 544 650 progressus
577 611 670 639 esse
703 611 836 650 quum
868 598 911 639 in
942 598 992 639 iis
1025 599 1246 651 scripturis
1277 599 1546 652 recipiendis,
1588 614 1685 652 quae

95 668 200 708 mihi
241 681 382 720 neque
425 668 597 709 defendi
639 669 725 709 ullo
767 669 897 710 modo
940 682 1068 721 posse
1101 672 1143 710 et
1175 670 1328 711 erroris
1373 669 1417 723 (a
1450 684 1534 723 quo
1567 671 1685 711 Vati-

95 751 227 779 canus
260 738 436 779 minime
468 739 671 780 immunis
715 737 796 792 est)
834 739 1076 780 manifestae
1116 752 1211 780 esse
1250 740 1462 789 videntur,
1511 743 1600 782 tum
1643 741 1686 781 in

97 809 341 850 coniectura
375 822 426 850 ex
458 810 638 859 mendis,
672 812 720 850 ut
751 809 855 851 mihi
894 809 1106 859 videntur,
1153 823 1255 851 casu
1293 812 1396 852 ortis
1435 812 1685 864 repetenda.

95 879 254 921 Prioris
286 881 454 932 generis
486 880 528 921 in
561 881 752 921 secunda
784 880 978 921 oratione
1018 879 1089 933 (—
1132 883 1179 921 ut
1217 881 1412 922 omittam
1454 882 1496 922 in
1530 880 1552 933 ξ
1585 882 1610 923 9
1643 882 1685 923 in

95 950 305 991 minorem
349 950 580 992 editionem
625 954 845 1004 receptam
888 952 1000 991 hanc
1042 951 1319 1003 scripturam:
1367 965 1483 992 omne
1531 953 1688 993 crimen

96 1025 211 1061 tuum
244 1026 313 1073 est,
346 1022 456 1076 quod
491 1046 541 1050 —
575 1036 654 1062 non
689 1023 797 1063 male
829 1023 1069 1074 existimem,
1104 1022 1212 1076 quod
1243 1022 1469 1063 scribebam
1493 1025 1535 1064 et
1555 1023 1687 1064 mira-

95 1091 236 1132 biliter
279 1092 516 1141 defensam,
561 1093 684 1145 quasi
727 1093 1059 1134 alterumutrum
1102 1093 1188 1134 ulla
1222 1106 1273 1134 ex
1304 1095 1428 1145 parte
1466 1094 1601 1147 magis
1636 1108 1688 1135 ex

97 1162 311 1204 Ciceronis
344 1176 530 1215 persona
563 1163 726 1204 dictum
758 1163 935 1215 intelligi
978 1163 1126 1215 possit,
1176 1166 1218 1204 et
1262 1163 1385 1215 quasi
1429 1163 1515 1205 ullo
1557 1165 1688 1206 modo

94 1246 172 1285 per
203 1246 249 1274 se
281 1233 364 1274 dici
395 1235 602 1286 potuerit:
652 1235 809 1274 crimen
840 1238 956 1274 tunm
990 1238 1059 1285 est,
1100 1233 1207 1288 qaod
1245 1233 1471 1274 scribebam
1511 1248 1588 1286 pro
1621 1248 1684 1284 eo,

96 1304 211 1356 quod
250 1306 333 1344 est:
383 1304 491 1358 quod
527 1306 766 1358 scripserim
805 1307 901 1345 aut:
951 1318 999 1344 eac
1037 1317 1079 1344 eo
1112 1309 1181 1357 est,
1229 1304 1338 1358 qaod
1369 1305 1538 1358 scripsi;
1587 1307 1687 1346 sunt

96 1374 296 1426 quaedam
330 1375 553 1417 artificiola
585 1375 867 1427 relinquenda
906 1374 1152 1416 hominibus
1186 1375 1347 1416 Halmii
1380 1375 1683 1425 dissimillimis,

96 1445 167 1497 qui
200 1445 339 1486 Latini
371 1446 581 1487 sermonis
614 1446 749 1498 ignari
780 1448 875 1486 tum
907 1445 988 1486 sibi
1021 1446 1135 1485 acuti
1168 1445 1379 1494 videntur,
1421 1459 1552 1498 quum
1587 1460 1685 1487 sen-

94 1517 328 1557 tentiarum
362 1518 404 1556 et
437 1517 642 1557 orationis
675 1518 871 1569 apertam
903 1516 1234 1568 perversitatem
1275 1519 1317 1556 et
1355 1518 1687 1569 repugnantiam

95 1600 180 1627 non
213 1587 403 1627 sentiunt
437 1585 522 1637 —)‚
556 1586 645 1635 sed,
688 1587 803 1639 quod
834 1586 1105 1627 institueram
1139 1586 1292 1635 dicere7
1337 1587 1488 1638 prioris
1521 1589 1686 1640 generis

97 1657 294 1709 exempla
326 1657 367 1697 in
401 1657 591 1697 secunda
624 1657 818 1698 oratione
860 1659 960 1698 sunt
999 1657 1041 1697 in
1074 1656 1096 1708 ἓ
1133 1659 1182 1697 11
1225 1658 1288 1708 (icl
1328 1658 1473 1698 domus
1512 1663 1593 1699 tnoe
1632 1664 1688 1699 est

95 1741 172 1780 pro
205 1728 317 1767 domi
348 1732 442 1773 tace,
477 1730 619 1768 ortum
653 1728 835 1768 fortasse
869 1738 921 1768 ex
953 1727 1107 1775 domni,
1142 1729 1358 1780 quomodo
1381 1729 1451 1769 illa
1474 1729 1686 1782 significa-

94 1798 209 1838 tione
242 1811 328 1839 non
360 1798 421 1838 ita
453 1812 551 1839 raro
583 1798 790 1850 scriptum
825 1798 867 1838 in
901 1797 1087 1849 antiquis
1114 1798 1331 1839 codicibus
1355 1798 1596 1852 reperitur),
1630 1801 1687 1841 45

97 1870 158 1921 (at
189 1883 230 1909 se
262 1873 406 1909 contra
445 1882 562 1909 snam
602 1873 771 1922 patrem
811 1868 1075 1922 defenderem
1117 1882 1194 1921 pro
1236 1874 1281 1909 at
1322 1875 1370 1918 te,
1419 1883 1504 1911 non
1548 1871 1687 1912 solum

97 1942 364 1992 repugnante
398 1952 461 1987 eo,
497 1940 611 1991 quod
644 1940 870 1992 praecedit:
904 1944 940 1979 te
961 1939 1066 1979 milii
1088 1940 1410 1989 commendabat,
1445 1954 1541 1992 quae
1570 1954 1686 1981 com-

96 2010 314 2051 mendatio
347 2023 434 2051 non
467 2010 549 2051 alio
582 2010 663 2051 nisi
696 2010 749 2051 ad
783 2010 900 2050 illam
934 2009 1227 2050 defensionem
1261 2012 1459 2062 pertinet,
1494 2011 1570 2052 sed
1592 2012 1687 2063 ipsa

96 2094 154 2130 re,
189 2080 393 2133 quoniam
426 2081 553 2122 Curio
585 2083 710 2133 pater
742 2094 767 2121 a
798 2080 896 2128 filio,
939 2080 1053 2133 quod
1085 2081 1120 2121 is
1153 2094 1230 2133 pro
1262 2082 1450 2122 Antonio
1483 2081 1687 2123 interces-

96 2151 232 2200 sisset,
266 2164 406 2203 neque
439 2152 472 2191 si
504 2151 615 2192 filius
648 2153 690 2192 in
724 2152 813 2192 eius
845 2153 1059 2204 potestate
1093 2164 1232 2203 neque
1265 2151 1299 2191 si
1332 2152 1394 2192 sui
1428 2152 1530 2193 iuris
1561 2155 1685 2202 esset,

97 2221 325 2274 quicquam
361 2222 515 2263 iudicio
548 2224 694 2274 petere
728 2222 904 2274 posset),
938 2222 993 2262 49
1028 2221 1158 2274 (venis
1190 2236 1209 2261 e
1239 2222 1384 2262 Gallia
1417 2236 1494 2275 pro
1530 2224 1685 2270 venisti,

98 2292 250 2333 eodem
283 2305 439 2341 errore,
482 2306 566 2345 quo
608 2291 629 2343 ἕ
664 2293 689 2333 9
723 2294 923 2346 impetras
954 2306 1031 2345 pro
1066 2293 1298 2346 impetrasti
1330 2295 1370 2333 et
1404 2293 1459 2333 35
1492 2293 1689 2334 liberabis

97 2377 174 2416 pro
207 2363 438 2404 liberavisti
470 2366 512 2404 et
546 2364 598 2404 78
631 2363 777 2403 habuit
808 2376 885 2415 pro
925 2362 1109 2403 habuisti
1148 2366 1187 2403 et
1227 2363 1281 2403 93
1322 2363 1464 2404 debitis
1503 2377 1580 2416 pro
1621 2365 1687 2405 ‹le-

99 2432 234 2483 bnisti⁷
267 2436 315 2474 ut
346 2436 557 2486 appareat
588 2434 761 2486 propria
794 2433 994 2485 quaedam
1024 2433 1065 2473 in
1088 2435 1170 2474 hac
1192 2435 1494 2475 terminatione
1517 2435 1688 2475 errandi

99 2503 394 2557 consuetudo),
436 2505 491 2545 53
533 2503 679 2557 (caasa
712 2504 805 2544 belli
829 2517 1013 2557 persona
1045 2508 1119 2544 tna
1151 2505 1375 2545 constitisse
1407 2519 1484 2557 pro
1516 2506 1561 2545 in
1584 2520 1686 2558 per-

98 2588 200 2615 sona
231 2579 317 2624 tna,
367 2575 421 2616 ad
461 2588 591 2627 quam
624 2574 937 2627 praepositionis
971 2575 1246 2615 omissionem
1279 2575 1537 2615 adscribitur
1570 2576 1686 2616 locus

98 2658 184 2686 non
216 2645 356 2686 minus
389 2646 622 2686 mendosus
655 2659 707 2686 ex
746 2647 853 2686 orat.
887 2645 953 2693 III,
999 2644 1071 2684 19:
1121 2659 1246 2698 quam
1289 2659 1332 2685 eo
1372 2644 1563 2697 [interita
1600 2645 1686 2698 tao]

102 2739 153 2743 -
203 2716 372 2758 libertas
411 2718 560 2770 papali
605 2717 788 2757 Romani
834 2715 1096 2769 cliynitaszjae
1143 2716 1389 2764 consisteret,
1438 2728 1687 2767 quanquam

100 2786 207 2827 alius
248 2788 415 2839 generis
456 2789 567 2828 esset
607 2786 835 2826 libertatem
875 2786 1091 2825 consistere
1132 2786 1310 2826 alicuius
1347 2787 1530 2837 interita,
1580 2786 1686 2826 alius

101 2856 248 2897 bellam
280 2858 497 2898 consistere
522 2870 705 2910 persona
738 2854 914 2909 aliqua),
958 2856 1012 2895 56
1050 2854 1279 2907 (Licinium
1312 2856 1578 2896 Denticulam
1610 2869 1687 2907 pro

102 2927 152 2967 L.
186 2927 418 2975 Lenticula,
453 2940 581 2980 quern
615 2927 881 2967 Denticulam
914 2938 1006 2966 esse
1040 2925 1239 2967 debuisse
1267 2925 1478 2978 apparet),
1514 2926 1565 2965 61
1602 2924 1689 2977 (via

1358 2993 1403 3027 48
