1915 3235
176 1094 228 1119 279

1012 105 1095 146 226

255 234 380 275 valde
406 233 700 275 memorabilis
725 233 816 275 Gaii
839 233 919 274 loci
942 233 1100 275 oblitus
1124 236 1201 275 est.
1233 246 1361 285 quem
1385 233 1514 286 paulo
1538 236 1635 286 post
1657 234 1850 284 afferam,

254 305 441 357 primum
473 317 560 345 non
593 304 912 355 animadvertit,
946 304 1141 357 Pompeii
1166 305 1390 345 Strabonis
1416 305 1521 357 lege,
1557 318 1652 357 quae
1676 305 1853 345 turbata

254 375 375 416 Italia
422 374 535 416 bello
583 375 729 416 sociali
777 375 867 416 sine
918 374 1048 416 dubio
1097 375 1152 416 ad
1196 375 1480 416 avertendum
1521 374 1851 428 Transpadanae

253 446 383 486 etiam
418 445 602 498 regionis
635 448 802 486 motum
835 446 923 487 lata
957 448 1035 497 est,
1068 447 1210 487 minus
1243 446 1476 488 honestum
1509 448 1683 495 statum7
1719 458 1851 498 quam

252 528 451 556 verorum
485 516 737 557 Latinorum
770 516 924 566 fuerat,
959 517 1102 558 offerri
1134 530 1220 558 non
1252 517 1464 570 potuisse;
1498 517 1666 567 deinde,
1700 519 1749 557 ut
1779 516 1852 558 illa

251 587 304 627 de
340 586 553 639 isopolitia
586 600 689 628 Vera
722 588 819 637 sint,
862 601 958 640 quae
992 588 1101 629 falsa
1134 590 1248 637 sunt,
1293 588 1354 629 ita
1386 590 1535 629 tamen
1567 601 1612 629 se
1644 587 1850 641 implicat,

251 659 297 698 ut
331 657 493 698 exitum
534 670 620 698 non
659 658 859 711 reperiat.
923 659 1034 699 Nam
1083 672 1188 711 quos
1238 659 1378 700 minus
1428 659 1597 700 Latium
1647 659 1852 700 habuisse

251 728 365 776 dicit,
398 731 609 780 perpetuo
635 729 940 770 commercium
964 732 1209 779 tenuerunt,
1244 730 1315 780 illi,
1351 743 1458 783 quos
1482 730 1622 771 maius
1644 730 1850 771 habuisse

249 801 388 851 putat,
424 799 514 840 eius
548 799 747 852 opinione
779 803 871 841 tum
906 801 1082 841 demum
1108 803 1383 854 acceperunt,
1418 802 1452 842 si
1477 801 1666 842 Romam
1690 801 1850 854 migra-
1888 838 1892 842 .

249 872 368 919 rant3
417 872 460 910 et
491 872 639 911 tamen
672 872 763 924 ipse
797 884 849 912 ex
880 872 961 912 hoc
995 873 1240 913 commercii
1272 885 1366 922 usu,
1416 885 1503 913 non
1536 885 1589 913 ex
1622 871 1849 922 connubio,

250 940 362 993 quod
407 941 624 982 veteribus
664 942 826 983 Latinis
866 942 953 992 dat,
1004 942 1159 984 civium
1208 943 1544 996 appellationem
1592 943 1850 996 pependisse

248 1011 352 1061 vult,
386 1014 434 1052 ut
467 1012 627 1053 civitati
660 1013 883 1066 propiores
917 1013 1088 1063 fuerint⁷
1124 1027 1230 1067 quos
1262 1014 1486 1055 inferiores
1512 1016 1651 1067 putat.
1699 1014 1849 1066 Itaque

248 1082 319 1124 illo
369 1083 545 1135 quidem
593 1097 723 1125 sensu
771 1085 914 1126 minus
961 1085 1181 1138 quoddam
1229 1085 1401 1126 Latium
1457 1087 1551 1126 tum
1606 1084 1851 1125 institutum

247 1154 374 1206 plane
408 1167 631 1207 negamus
667 1157 708 1196 et
734 1168 785 1196 ex
811 1169 873 1205 eo⁷
909 1155 1023 1208 quod
1046 1156 1090 1196 hi
1114 1156 1255 1196 Latini
1283 1156 1547 1197 connubium
1572 1168 1659 1196 non
1681 1155 1849 1196 habue-

248 1229 360 1274 runt,
412 1238 467 1266 ne
498 1225 591 1267 illos
625 1226 813 1279 quidem,
863 1226 935 1279 qui
968 1240 1054 1268 uno
1086 1240 1200 1268 anno
1233 1229 1334 1267 ante
1368 1226 1734 1279 Transpadanam
1767 1226 1850 1266 La-

247 1295 462 1337 tinitatem
489 1296 629 1337 Latini
662 1310 755 1338 esse
790 1297 1022 1347 desierunt,
1056 1297 1261 1338 habuisse
1289 1298 1598 1338 concludimus,
1648 1296 1850 1338 Ceterum

248 1366 371 1408 facile
404 1369 537 1420 patet,
572 1367 615 1408 in
647 1368 729 1408 ista
764 1368 1081 1421 Transpadana
1105 1368 1339 1410 Latinitate
1373 1367 1675 1410 constituenda
1707 1379 1849 1420 neque

248 1438 492 1479 necessario
526 1441 743 1479 retentum
776 1439 920 1490 fuisse,
971 1440 1005 1481 si
1051 1439 1166 1492 quod
1205 1440 1434 1493 praemium
1468 1438 1673 1491 singulari
1706 1438 1850 1491 aliqua

247 1510 339 1562 lege
372 1510 605 1562 aliquando
639 1512 739 1551 ante
774 1510 992 1551 veteribus
1026 1510 1187 1551 Latinis
1221 1510 1373 1551 datum
1415 1511 1541 1559 esset,
1591 1509 1708 1550 Velut
1749 1508 1850 1549 Ser-

247 1580 346 1621 vilia
378 1580 450 1622 illa
484 1580 618 1634 (quod
650 1581 834 1622 fortasse
866 1581 953 1622 iam
993 1584 1106 1631 ante,
1156 1581 1367 1634 abrogata
1407 1583 1499 1622 tota
1537 1580 1631 1633 lege
1670 1579 1850 1621 Servilia

248 1654 290 1692 et
339 1651 431 1692 aliis
480 1652 533 1693 de
581 1652 922 1705 repetundarum
972 1653 1148 1693 crimine
1195 1652 1306 1702 latis,
1357 1652 1586 1693 sublatum·
1627 1649 1758 1704 erat),
1808 1653 1851 1692 et

246 1736 407 1772 rursus,
442 1723 475 1763 si
508 1723 672 1776 aliquot
705 1724 968 1765 coloniarum
1004 1723 1254 1765 Latinarum
1282 1723 1475 1763 condicio
1500 1725 1679 1775 propter
1703 1722 1849 1775 singu-

244 1793 334 1834 lare
383 1793 557 1846 aliquod
606 1794 863 1835 beneficium
904 1795 1180 1847 praestantior
1228 1797 1341 1835 esset
1388 1807 1519 1846 quam
1570 1793 1847 1846 reliquarum,

247 1877 342 1905 eam
391 1864 447 1905 ad
488 1865 829 1918 Transpadanas
869 1866 1093 1907 transferri
1133 1865 1340 1918 potuisse.
1405 1865 1453 1905 Id
1500 1864 1543 1905 in
1591 1865 1850 1906 commercio

246 1935 407 1976 factum
458 1948 551 1977 esse
601 1937 781 1986 videtur,
832 1937 885 1978 de
925 1951 1009 1990 quo
1051 1949 1209 1989 magna
1253 1938 1318 1976 est
1353 1935 1580 1988 dubitatio,
1629 1935 1746 1988 quod
1793 1935 1850 1976 ad

245 2009 413 2047 veteres
462 2007 643 2060 populos
692 2008 867 2049 Latinos
917 2012 1017 2049 ante
1066 2007 1227 2048 bellum
1268 2007 1426 2048 sociale
1474 2006 1640 2048 attinet.
1656 2003 1689 2059 1)
1752 2006 1850 2048 Non

246 2077 383 2118 solum
417 2078 509 2127 hos,
544 2078 620 2118 sed
647 2078 822 2120 omnino
846 2079 983 2120 socios
1008 2079 1138 2119 Italos
1165 2078 1473 2119 commercium
1498 2078 1589 2118 iure
1616 2076 1847 2128 Quiritium

245 2147 463 2197 habuisse5
499 2149 694 2190 concludi
727 2149 906 2191 forsitan
940 2163 1068 2202 posse
1102 2148 1299 2189 videatur
1327 2161 1378 2189 ex
1405 2149 1574 2189 duobus
1599 2148 1705 2189 Livii
1729 2147 1845 2198 locis,

245 2218 319 2258 ubi
353 2232 403 2260 eo
443 2220 572 2260 modo
612 2220 882 2273 negotiorum
924 2234 1021 2262 cum
1056 2220 1220 2261 civibus
1270 2219 1664 2260 contrahendorum
1712 2220 1847 2272 parti-

247 2289 362 2342 cipes
404 2290 535 2331 fuisse
575 2294 819 2341 narrantur,
870 2305 968 2345 quo,
1016 2291 1097 2332 nisi
1138 2291 1446 2333 commercium
1486 2291 1712 2340 haberent,
1762 2303 1849 2331 non

245 2360 474 2401 videantur
505 2361 711 2413 potuisse.
774 2362 968 2404 Primum
1002 2362 1117 2403 enim
1148 2362 1318 2412 XXXV,
1362 2363 1385 2403 7
1420 2362 1480 2404 sic
1512 2361 1682 2402 scribit:
1722 2374 1848 2416 quum

248 2431 387 2471 multis
426 2431 667 2483 fenebribus
706 2433 863 2487 quilms·
902 2435 1122 2474 constricta
1162 2433 1349 2473 avsmsstia
1397 2437 1496 2473 esset
1505 2465 1516 2484 ,
1565 2433 1634 2473 via
1671 2431 1848 2485 fraudis

340 2583 476 2626 gustior
515 2584 668 2620 civitatis
706 2586 882 2620 Romanae
913 2586 1177 2630 consequenda}
1210 2586 1268 2620 via
1302 2586 1572 2627 concederetur,
1613 2597 1634 2619 a
1660 2584 1847 2619 Niebuhrii

341 2643 555 2677 coniecturis
582 2645 790 2688 longissime
817 2645 1037 2679 disiunctum
1065 2655 1152 2679 esse.
1192 2645 1244 2678 De
1270 2644 1349 2688 ipso
1376 2645 1437 2679 illo
1465 2644 1672 2679 discrimine
1698 2643 1847 2678 aliunde

342 2712 490 2745 prorsus
517 2702 606 2736 nihil
633 2702 802 2746 constat]

281 2757 311 2803 1)
339 2760 607 2795 Commercium
634 2762 781 2796 Latinas
819 2764 977 2798 colonias
1016 2763 1187 2797 habuisse
1225 2766 1331 2807 putat
1362 2766 1444 2806 post
1479 2762 1650 2797 Ottonem
1689 2765 1724 2797 et
1757 2762 1846 2796 alios

339 2819 628 2863 Hopfensackius
661 2819 899 2863 (Staatsrecht
925 2823 988 2857 der
1014 2823 1149 2856 Romer
1182 2834 1216 2866 p.
1245 2821 1338 2863 150),
1372 2821 1472 2855 nullo
1505 2833 1549 2856 ex
1582 2821 1624 2855 iis
1657 2832 1846 2866 argumen-

340 2878 384 2912 tis
412 2889 510 2920 usus,
545 2879 676 2923 quibus
709 2880 870 2924 aliquam
903 2882 934 2916 ei
961 2881 1150 2916 sententiae
1177 2880 1426 2915 defensionem
1451 2881 1571 2925 parari
1597 2892 1702 2926 posse
1728 2884 1846 2915 osten-

340 2937 435 2971 dam.
