1915 3235
848 139 932 180 269

96 271 138 310 in
170 269 235 310 his
268 268 416 321 primis
448 268 566 308 libris
597 268 887 320 principatum
915 266 1067 308 detulit
1090 265 1221 318 priori
1245 279 1299 306 ex
1322 264 1683 318 Guelferbytanis,

97 353 225 392 quem
259 338 472 391 equidem,
523 338 601 379 etsi
641 340 705 379 est
737 338 871 379 altero
903 337 1034 390 paulo
1067 337 1281 389 antiquior
1316 338 1358 377 et
1390 335 1530 376 minus
1563 348 1685 375 men-

97 410 198 451 dose
231 412 274 450 et
304 408 502 461 imperite
534 408 787 461 descriptus,
835 410 983 449 tamen
1022 407 1065 448 in
1104 408 1187 448 hac
1225 409 1349 460 parte
1389 407 1551 459 aliquot
1582 405 1685 446 locis

96 479 353 532 exemplaris
385 479 472 520 iam
504 479 751 532 interpolati
784 481 825 520 et
857 478 1011 519 mutati
1052 478 1205 519 eodem
1244 477 1387 526 modo,
1437 489 1520 528 quo
1561 476 1686 528 longe

96 552 360 604 frequentius
392 551 437 591 in
469 550 680 591 deteriore
714 549 908 591 codicum
942 549 1105 590 familia
1138 548 1301 589 factum
1335 549 1412 596 est,
1447 548 1522 587 aut
1553 547 1686 587 inter-

95 623 280 675 polantis
314 624 356 662 et
387 621 596 662 mutantis
628 619 789 661 librarii
828 620 985 660 indicia
1028 621 1179 672 aperta
1220 618 1384 659 habere
1424 617 1585 665 iudico;
1635 629 1687 656 ex

95 706 179 746 quo
212 693 375 733 factum
408 694 485 740 est,
533 693 580 731 ut
613 691 836 743 Zumptius
875 703 954 732 nec
986 690 1078 731 aliis
1118 689 1237 730 libris
1270 690 1313 730 in
1345 687 1686 740 interpolationi-

95 764 175 804 bus
208 763 370 816 aliquot
401 762 599 804 tollendis
639 762 951 815 obsequeretur
991 764 1033 802 et
1078 760 1285 801 nonnulla
1333 772 1385 800 ex
1432 758 1502 799 illo
1543 756 1686 798 codice

95 834 248 874 iniuria
280 834 323 874 in
354 835 523 874 textum
555 833 744 874 inferret.
807 833 956 885 Neque
990 832 1105 872 enim
1137 832 1172 872 is
1206 831 1243 872 ei
1284 831 1400 871 Visus
1441 831 1506 869 est
1538 827 1685 869 codeX.

94 905 136 945 in
169 917 296 957 quem
332 903 673 956 interpolationis
707 903 891 956 suspicio
925 903 1098 944 caderet
1131 901 1205 954 (ad
1236 901 1333 941 Act.
1366 900 1396 949 I,
1438 899 1476 949 2,
1519 897 1577 950 5).
1640 897 1687 937 ln

95 988 193 1016 eum
228 987 416 1016 errorem
451 974 594 1026 aliqua
628 987 679 1015 ex
710 976 834 1026 parte
872 973 1070 1014 incidisse
1111 973 1294 1021 videtur,
1344 969 1459 1024 quod
1500 968 1686 1021 antiqui-

94 1046 194 1086 tatis
228 1047 405 1086 externa
438 1045 579 1097 specie
614 1046 764 1097 captus
796 1044 851 1085 ab
892 1044 1010 1085 initio
1052 1043 1294 1096 diligentius
1334 1041 1522 1094 priorem
1564 1039 1686 1080 adhi-

95 1116 249 1165 buerit,
297 1117 357 1157 ita
398 1119 446 1156 ut
488 1115 650 1168 aliquot
693 1115 884 1156 locorum
929 1128 953 1155 a
998 1127 1043 1155 se
1085 1114 1293 1166 probatas
1333 1111 1568 1163 scripturas
1600 1122 1687 1150 non

95 1188 234 1227 minus
282 1186 324 1227 in
372 1187 507 1227 altero
555 1188 723 1227 exstare
770 1188 923 1239 postea
971 1185 1145 1225 demum
1186 1182 1550 1225 animadverteret
1583 1179 1685 1233 (vid.

95 1257 206 1310 App.
240 1257 296 1297 ad
327 1257 420 1298 Div.
451 1258 487 1307 1,
525 1259 567 1305 1;
602 1258 640 1305 2,
674 1257 722 1306 4;
759 1257 824 1305 13,
858 1257 937 1304 41;
970 1256 1065 1295 Act.
1099 1255 1127 1304 Ι,
1165 1254 1231 1303 10,
1267 1254 1342 1301 32ς
1376 1253 1448 1293 lib.
1474 1252 1503 1301 I,
1537 1252 1576 1300 6,
1613 1251 1687 1299 15;

95 1328 163 1377 38,
198 1328 273 1376 983
308 1330 457 1368 contra
488 1327 659 1376 menda,
695 1340 790 1379 quae
823 1339 910 1367 non
941 1328 1130 1378 putarat,
1164 1325 1207 1365 in
1230 1325 1371 1377 priore
1397 1335 1567 1376 quoque
1594 1334 1688 1363 esse

95 1398 385 1451 deprehendit
416 1398 509 1438 Div.
546 1398 611 1447 13,
645 1398 715 1447 42,
748 1397 821 1438 lib.
854 1397 882 1445 Ι,
918 1397 986 1445 25,
1021 1394 1108 1448 65).
1164 1395 1250 1435 Sed
1282 1395 1376 1447 ipsa
1407 1407 1476 1434 res
1510 1393 1688 1434 demon-

95 1469 272 1510 stranda
306 1473 370 1509 est
403 1469 725 1521 comparatione
760 1468 888 1517 facta,
937 1468 980 1508 in
1025 1480 1110 1519 qua
1141 1466 1338 1507 Vaticani
1371 1464 1527 1506 codicis
1560 1463 1688 1504 nullae

94 1542 193 1581 sunt
223 1542 383 1593 partes,
423 1542 472 1580 ut
504 1539 622 1580 cuius
655 1539 898 1592 fragmenta
931 1539 986 1579 ab
1021 1550 1071 1578 eo
1104 1537 1197 1589 ipso
1230 1537 1322 1577 loco
1355 1535 1574 1588 incipiant,
1615 1534 1688 1574 ubi

95 1610 237 1651 deficit
269 1609 631 1663 Guelferbytanus
664 1611 793 1663 prior.
856 1609 969 1649 Nihil
1014 1608 1154 1649 dicam
1199 1607 1251 1648 de
1292 1606 1469 1647 minutis
1510 1606 1688 1658 quibus-

95 1681 196 1722 dam
230 1681 319 1722 eius
355 1680 535 1730 mendis,
586 1694 680 1733 quae
722 1693 744 1721 e
785 1679 1022 1732 corrigendi
1064 1681 1106 1719 et
1149 1678 1389 1730 explicandi
1422 1676 1563 1718 studio
1595 1678 1689 1717 orta

95 1752 305 1800 videntur,
342 1751 469 1804 quale
503 1754 578 1800 est,
614 1751 730 1803 quod
754 1751 849 1791 Act.
875 1750 903 1799 Ι,
938 1750 977 1799 ἶ),
1015 1750 1067 1790 13
1100 1763 1178 1802 pro
1213 1748 1371 1789 indicta
1395 1760 1524 1788 eausa>
1556 1745 1690 1787 habet

96 1823 292 1864 [aaudiat
324 1836 465 1871 causa,
501 1824 543 1863 et
574 1822 647 1862 lib.
681 1822 709 1871 Ι,
746 1821 813 1870 36,
848 1821 899 1862 91
936 1821 1177 1874 asyndeton
1209 1821 1252 1861 in
1284 1818 1543 1860 narrationis
1577 1816 1687 1857 cele—

95 1894 219 1934 ritate
254 1893 525 1946 aptissimum
566 1891 745 1947 (reliqua
788 1891 985 1943 vendidit,
1030 1893 1257 1946 pecuniam
1298 1888 1444 1945 eoeeqit)
1483 1888 1605 1937 tollit,
1655 1891 1690 1926 et

94 1965 360 2017 interposito.
409 1964 543 2016 Magis
575 1966 696 2016 patet
728 1976 796 2004 res
829 1963 871 2003 in
903 1962 1091 2003 Divinat.
1118 1964 1186 2012 21,
1223 1963 1290 2011 70,
1323 1961 1397 2002 ubi
1422 1973 1499 2013 pro
1526 1962 1690 2012 ceyrotse

96 2050 144 2076 ac
169 2048 300 2089 prope
344 2034 573 2088 desperata>
614 2034 675 2074 ree?
698 2033 892 2087 publieoe,
939 2033 1053 2085 quod
1093 2047 1119 2074 a
1159 2033 1296 2074 Guelf.
1333 2034 1353 2073 1
1396 2030 1689 2072 confirmatur.

97 2106 218 2147 codd.
252 2105 369 2146 Leid.
404 2107 445 2146 et
478 2104 616 2145 Guelf.
651 2105 676 2144 2
710 2105 930 2158 (effi-ommi
970 2104 1135 2144 habent
1179 2103 1304 2155 (alter
1350 2102 1523 2154 quidem
1567 2112 1688 2141 men—

97 2177 198 2218 dose
233 2174 487 2231 oeymtante),
528 2188 710 2228 quorum
750 2174 1061 2216 vocabulorum
1094 2177 1238 2214 utrum
1271 2172 1487 2226 vulgarius
1521 2174 1564 2212 et
1596 2183 1689 2211 cor—

96 2246 272 2288 rectioni
311 2249 489 2299 propter
531 2259 717 2298 sequens
765 2246 995 2300 desperata>
1042 2245 1219 2286 similius
1269 2245 1335 2294 sit,
1385 2243 1454 2283 vix
1503 2240 1689 2282 dubitari

95 2319 250 2370 potest.
314 2317 399 2358 Sed
433 2319 533 2358 sunt
566 2317 636 2357 alii
668 2317 748 2358 loci
781 2316 1033 2369 apertiores.
1096 2315 1209 2356 Nam
1241 2314 1358 2367 quod
1389 2314 1484 2354 Act.
1517 2313 1548 2361 Ι,
1582 2313 1621 2362 2,
1664 2311 1690 2351 5

96 2388 319 2441 Zumptius
353 2401 404 2428 ex
436 2387 507 2429 illo
541 2388 685 2429 codice
720 2387 870 2428 edidit:
923 2386 1039 2437 Quod
1080 2387 1129 2438 si,
1178 2399 1303 2440 quam
1347 2384 1492 2425 audam
1535 2387 1591 2424 est
1635 2381 1691 2422 ad

97 2458 344 2511 conandum,
392 2463 476 2499 tam
523 2464 621 2499 esset
665 2463 825 2498 astutus
871 2458 913 2497 ιή
957 2457 1128 2511 ayendo,
1179 2470 1311 2509 quum
1351 2457 1395 2496 in
1432 2453 1607 2507 reliquis
1649 2454 1692 2493 et

98 2530 221 2571 bonis
255 2532 297 2571 et
329 2529 617 2570 deterioribus
652 2532 785 2570 esset:
835 2528 1030 2569 obscurus
1065 2529 1107 2568 in
1140 2527 1312 2582 ayemlo,
1353 2525 1387 2567 si
1420 2524 1689 2572 auctoritate,

99 2601 151 2642 de
183 2613 269 2653 qua
301 2601 525 2653 quaeritur,
559 2600 748 2653 seposita
772 2601 911 2652 ipsam
935 2612 1026 2640 rem
1052 2597 1407 2650 contemplamur,
1440 2608 1527 2637 non
1551 2596 1695 2648 potest

99 2671 277 2712 dubium
311 2683 420 2720 esse,
473 2672 589 2724 quin,
637 2672 671 2712 si
712 2675 872 2711 ststut‘us
903 2669 1064 2710 librarii
1095 2668 1401 2722 repperissent,
1449 2664 1694 2718 vulgatissi-

98 2755 217 2783 mum
249 2741 525 2790 vocabulum,
558 2755 644 2782 non
677 2742 886 2782 mutaturi
919 2741 1077 2781 suerint
1108 2740 1152 2780 in
1184 2739 1240 2788 id,
1285 2738 1401 2791 quod
1434 2737 1486 2778 de
1518 2735 1693 2777 homine

97 2815 210 2854 tecto
242 2826 340 2854 raro
373 2825 454 2853 nec
486 2814 634 2853 tamen
674 2825 760 2853 non
797 2814 912 2852 recte
952 2811 1105 2852 dicitur
1145 2809 1215 2863 (de
1248 2809 1372 2850 Offic.
1405 2808 1472 2857 ΙΙΙ,
1517 2807 1583 2856 13,
1625 2806 1694 2854 57,

101 2895 152 2924 ex
183 2896 268 2936 quo
299 2883 391 2924 loco
424 2883 547 2924 facile
579 2885 702 2936 patet
733 2883 786 2923 de
819 2882 994 2923 occultis
1027 2881 1205 2922 malitiae
1237 2880 1404 2922 artibus
1435 2876 1559 2929 dici),
1594 2889 1695 2917 con-

100 2957 167 2995 tra
199 2954 321 2995 alteri
360 2955 441 2995 hoc
479 2954 604 2995 facile
648 2953 799 3006 aliquis
842 2952 1106 2993 substituere
1150 2951 1304 3004 potuit.
1367 2949 1505 3000 Quem
1549 2949 1695 2988 autem

1707 1192 1758 1217 331
