1915 3235
833 117 859 157 3

47 252 91 292 in
122 249 382 291 bibliotheca
412 246 743 289 Richardiorum
775 246 1017 296 Florentiae,
1056 259 1158 288 mox
1196 247 1240 287 in
1271 247 1479 288 Vaticana
1510 248 1633 289 libel-

47 321 109 363 los
132 320 239 361 duos
262 319 390 361 exiles
412 317 583 371 Apuleii
613 317 787 358 nomine
818 316 1044 369 inscriptos
1068 317 1269 370 repperit,
1304 318 1491 368 eosdem,
1526 331 1633 370 quos

46 405 124 445 pro
155 404 240 432 uno
271 389 491 431 Fabricius
524 389 901 436 commemorarat,
951 387 1004 427 de
1041 389 1146 428 nota
1186 387 1458 440 aspirationis
1499 391 1541 429 et
1579 389 1633 430 de

47 460 339 517 diphthongis,
387 471 526 511 neque
567 457 731 510 antiqui
770 458 1006 498 admodum
1045 458 1263 510 scriptoris
1302 471 1442 511 neque
1483 472 1630 500 eorum

45 533 274 586 quicquam
306 529 586 578 continentes,
619 541 717 581 quae
742 527 896 569 Caelius
915 528 994 568 sub
1020 528 1191 581 Apuleii
1214 529 1388 570 nomine
1411 532 1629 582 posuerat,

43 603 125 644 nisi
157 603 264 643 duos
295 614 381 642 non
413 599 558 652 magni
588 598 796 640 momenti
827 599 958 640 locos.
1017 599 1174 640 Postea
1213 601 1359 640 autem
1399 613 1532 652 quum
1564 600 1630 641 bi-

43 673 268 715 bliothecae
309 670 607 712 Vallicellianae
654 669 770 722 apud
809 669 852 710 S.
892 669 1138 722 Philippum
1185 669 1228 710 in
1276 670 1384 711 urbe
1429 671 1630 712 Romana

44 744 209 786 codices
242 742 534 795 perlustraret,
575 739 707 792 ipsius
739 739 915 780 Achillis
948 740 1086 790 Statii,
1126 741 1331 790 Lusitani,
1365 755 1498 782 manu
1530 755 1628 798 per-

42 815 201 867 scripta
245 811 435 865 repperit
472 811 518 852 L.
553 810 707 852 Caecilii
748 810 972 851 Minutiani
1012 812 1180 865 Apuleii
1221 813 1274 853 de
1320 812 1629 864 orthographia

41 885 171 926 trium
203 884 410 924 librorum
442 882 696 934 fragmenta,
746 894 796 921 ea
835 881 940 933 ipsa,
990 882 1145 935 quibus
1187 883 1340 924 Caelius
1378 896 1480 924 usus
1522 887 1627 932 erat,

42 968 291 1009 quanquam
334 953 378 994 in
424 952 675 1005 imperfecto
716 951 840 992 Statii
879 952 1024 994 codice
1072 966 1158 994 non
1205 954 1366 1001 omnia,
1417 967 1513 1006 quae
1558 954 1627 994 ille

40 1025 297 1079 protulerat,
352 1023 596 1064 exstabant.
674 1022 779 1063 Haec
825 1023 962 1064 Maius
1010 1037 1143 1077 quum
1192 1024 1321 1077 plena
1369 1025 1627 1076 scriptorum

41 1099 235 1138 veterum
273 1094 516 1136 nominibus
556 1092 731 1133 vidisset
771 1096 813 1134 et
851 1094 1099 1136 eruditionis
1140 1095 1275 1147 copia,
1324 1095 1438 1136 hunc
1476 1109 1627 1136 verum

40 1166 270 1220 Apuleium
301 1169 434 1213 ratus,
468 1164 650 1205 alterum
682 1163 814 1213 illum,
857 1165 976 1206 cuius
1009 1168 1137 1206 antea
1170 1165 1300 1207 libros
1332 1166 1512 1216 Viderat,
1546 1167 1627 1208 fal-

40 1251 148 1287 sum,
196 1236 383 1290 primum
429 1234 705 1275 mentionem.
739 1234 899 1275 inventi
942 1249 980 1276 a.
1025 1237 1137 1277 1820
1184 1236 1228 1277 in
1266 1237 1626 1289 Ephemeridibus

39 1307 258 1350 Arcadicis
291 1306 402 1355 fecit,
443 1305 597 1345 deinde
638 1318 677 1345 a.
714 1305 825 1346 1823
858 1306 951 1358 ipsa
984 1306 1226 1359 fragmenta
1267 1308 1368 1348 iuris
1402 1308 1626 1349 anteiusti-

38 1379 180 1420 nianei
218 1375 468 1430 fragmentis
509 1375 688 1427 aliisque
733 1376 901 1429 scriptis
948 1377 1151 1418 adiuncta
1193 1378 1337 1432 edidit.
1352 1375 1385 1430 1)
1454 1379 1626 1420 Perlata

37 1451 80 1491 in
113 1448 387 1491 Germaniam
419 1446 555 1488 tribus
589 1445 710 1486 annis
750 1449 848 1499 post
881 1447 1119 1489 Fridericus
1153 1448 1367 1498 Osannus,
1408 1449 1626 1502 professor

39 1517 266 1567 Gissensis,
316 1518 511 1559 crebram
556 1516 743 1557 maxime
789 1517 1045 1570 scriptorum
1093 1519 1367 1571 antiquorum
1408 1533 1433 1560 a
1473 1520 1624 1561 ceteris

36 1603 134 1631 raro
167 1591 242 1630 aut
272 1602 494 1641 nunquam
519 1591 953 1629 commemoratorum
982 1589 1245 1631 mentionem
1271 1590 1522 1640 admiratus,
1556 1593 1623 1644 ty-

36 1661 100 1714 pis
147 1659 382 1713 repetenda
429 1659 613 1707 curavit,
663 1659 945 1712 copiosasque
992 1660 1387 1702 animadversiones
1436 1662 1623 1711 addidit3

35 1732 191 1773 alteros
226 1726 402 1783 ‘quoque
440 1730 533 1770 illos
571 1729 736 1770 libellos
775 1730 828 1770 de
867 1732 971 1771 nota
1009 1731 1282 1783 aspirationis
1323 1735 1365 1773 et
1403 1733 1457 1774 de
1497 1733 1622 1786 diph-

34 1801 216 1854 thongiS,
265 1814 447 1854 quorum
488 1800 740 1852 scriptorem
783 1814 834 1841 ex
874 1801 1048 1841 alterius
1081 1815 1211 1854 opere
1244 1816 1420 1844 suorum
1452 1806 1622 1856 partem

33 1872 228 1914 hausisse
260 1885 358 1913 cum
389 1867 545 1923 Mai02)
578 1871 809 1920 iudicabat,
852 1885 873 1912 e
907 1872 1074 1913 duobus
1112 1872 1385 1915 bibliothecae
1427 1874 1621 1915 Guelfer-

33 1943 207 1996 bytanae
254 1942 469 1984 codicibus
516 1941 661 1982 edidit.
674 1938 708 1993 3)
786 1942 889 1992 Quis
938 1945 1083 1983 autem
1128 1943 1280 1985 fuisset
1325 1948 1400 1985 aut
1447 1945 1621 1997 quando

33 2013 207 2054 vixisset
239 2013 307 2054 hic
339 2013 383 2053 L.
418 2012 610 2053 Caecilius
643 2012 865 2065 Apuleius,
905 2026 1033 2065 quem
1066 2013 1266 2055 Osannus
1299 2016 1509 2056 maiorem
1542 2029 1620 2068 ap-

33 2084 220 2137 pellavit,
260 2088 307 2124 ut
346 2084 401 2125 ab
435 2083 569 2124 altero
602 2083 766 2124 minore
800 2083 1091 2136 distingueret,
1136 2098 1277 2137 neque
1309 2086 1456 2128 Maius.
1478 2099 1620 2139 neque

33 2154 233 2196 Osannus
266 2155 523 2195 constituere
554 2154 706 2206 potuit.
754 2154 835 2194 Hic
868 2159 1013 2195 tamen
1046 2154 1164 2207 (nam
1197 2156 1295 2196 Maii
1325 2156 1619 2198 incredibilem

33 2238 221 2266 errorem
259 2230 410 2278 postea
455 2225 510 2266 ab
557 2225 650 2277 ipso
692 2237 851 2276 magna
893 2237 943 2264 ex
982 2228 1105 2277 parte
1147 2224 1410 2279 abiectum4)
1449 2226 1618 2280 omitto)

67 2410 94 2456 1)
120 2415 221 2447 Iuris
252 2415 365 2448 eit-ilis
395 2419 426 2447 et
454 2415 659 2458 Symmachi
690 2414 830 2446 Partes.
886 2413 921 2446 C.
949 2414 1037 2446 Iulii
1070 2414 1219 2447 Victoris
1245 2426 1308 2448 ars
1335 2415 1522 2449 rhetorica.
1574 2417 1616 2449 L.

128 2473 262 2507 Coecilzfi
286 2474 485 2506 Μίηιιΐῐαηί
508 2473 654 2516 Apuleia
676 2474 881 2515 fraqmenta
904 2474 945 2505 de
964 2473 1232 2515 orthoqraplzia,
1260 2485 1339 2506 cumv
1361 2475 1618 2516 appendicibus

123 2538 154 2566 et
177 2533 309 2566 tabulis
334 2533 451 2575 oeneis,
478 2536 626 2565 curante
651 2533 785 2574 AnJeZo
812 2533 920 2565 Maio.
971 2532 1092 2565 Romce
1117 2532 1437 2566 MDCCCXXIH.
1488 2532 1520 2566 8.

65 2588 92 2633 ²)
118 2591 196 2625 Vid.
223 2591 323 2635 praef.
349 2590 431 2624 Maii
456 2602 490 2634 p.
517 2590 661 2623 XXXIX
688 2590 746 2624 Os.

66 2647 92 2692 3)
118 2651 161 2683 L.
199 2650 332 2684 Caecilio?
371 2651 571 2683 Μιηιιΐίαηί
606 2650 752 2692 Apulei}
789 2651 829 2683 de
867 2650 1123 2691 orthoqraphia
1159 2650 1365 2691 fraJmenta
1402 2655 1433 2683 et
1471 2651 1617 2693 Apulei'e

124 2711 273 2743 mimis
306 2710 346 2742 de
378 2714 461 2742 nota
494 2710 730 2751 aspar-’amonis
762 2713 792 2741 et
833 2709 873 2742 de
913 2708 1140 2751 diphthonyz's
1173 2708 1259 2740 livine
1289 2709 1367 2742 duo
1427 2710 1552 2741 Edemdzt
1583 2714 1615 2741 et

121 2768 488 2801 animadversionibus
527 2769 630 2800 alexit
667 2768 879 2800 Frideriezcs
922 2768 1059 2809 Osann,
1100 2767 1197 2809 prof.
1240 2768 1332 2799 δι’-93.
1383 2768 1616 2800 Βανηιεΐαᾶίί

122 2828 222 2859 1826.
256 2825 287 2859 8.
320 2825 402 2859 mai.
458 2825 575 2859 Huius
607 2825 789 2866 editionis,
828 2825 864 2858 in
898 2836 970 2868 qua
1002 2825 1124 2858 insunt
1157 2824 1304 2868 integr-ae
1336 2824 1417 2858 Maii
1451 2824 1613 2858 animad—

119 2884 313 2921 versiones,
339 2884 477 2928 paginae
503 2895 524 2918 a
550 2895 608 2917 me
635 2884 800 2918 citantur.

63 2940 93 2984 4)
116 2942 219 2977 Praef.
246 2954 278 2986 p.
306 2943 418 2977 XXXI
444 2954 519 2987 sqq.
547 2946 621 2977 not.
648 2954 681 2986 p.
707 2942 762 2976 3⁴3.

1286 2999 1326 3032 13<

1644 1537 1660 1560 4
