1915 3235
851 153 936 194 265

94 297 136 336 p.
170 279 285 334 56.¹)
348 282 395 322 In
426 282 552 335 primi
585 282 758 334 quidem
791 282 887 322 libri
921 295 954 323 c.
988 282 1057 331 57,
1101 283 1196 333 149,
1246 296 1375 335 quem
1420 283 1562 325 locum
1594 297 1686 325 rec-

97 355 205 395 tiore
246 352 590 406 interpunctione
624 352 714 393 sine
747 352 873 393 ullius
904 353 1103 394 litterulae
1143 354 1382 395 mutatione
1416 355 1613 407 expedivi
1645 356 1688 396 in

97 438 163 476 ep.
198 423 253 465 ad
285 423 414 464 Orell.
447 437 488 476 p.
523 423 592 472 89,
634 436 767 475 quum
801 424 1063 464 contrarium
1096 437 1272 476 prorsus
1305 424 1439 466 menti
1472 425 1687 466 Ciceronis

94 508 268 536 sensum
300 495 344 535 in
376 493 636 535 editionibus
666 493 840 542 habeat,
875 493 1072 534 Lambini
1099 495 1421 545 correctionem,
1456 508 1539 547 quo
1571 495 1686 537 idem

94 565 430 614 incommodum,
480 578 505 606 a
551 563 724 617 reliquis
772 576 858 605 non
898 564 1261 615 animadversum,
1310 565 1459 607 tollere
1498 566 1685 615 volebat,

95 636 319 689 Zumptius
350 636 411 676 ita
442 635 600 684 reiecit,
634 637 681 675 ut
713 634 973 675 sententiam
1004 647 1059 675 ne
1092 648 1190 675 eum
1215 636 1388 688 quidem
1414 637 1686 689 perspexisse

95 708 256 759 pateat.
320 706 472 747 Testes
507 705 607 746 dicit
639 718 734 746 esse
774 708 815 746 et
858 706 1120 746 accusatoris
1164 708 1205 746 et
1247 706 1321 746 rei.
1384 706 1442 747 At
1484 707 1545 747 rei
1587 710 1685 749 sunt

93 780 240 827 testes,
291 777 362 829 qui
394 777 449 817 ab
484 790 534 817 eo
573 789 651 829 pro
690 789 768 817 sua
808 789 938 816 causa
976 776 1292 828 producuntur;
1341 777 1414 829 qui
1445 777 1573 830 igitur
1605 778 1686 819 dici

93 850 248 900 potest,
282 847 414 889 nihilo
448 850 697 901 apertiorem
729 847 819 888 fore
852 846 1063 896 fraudem,
1099 846 1267 887 etiamsi
1298 861 1395 888 reus
1426 861 1511 889 uno
1543 848 1685 890 minus

93 921 203 960 teste
246 919 302 959 ad
344 931 390 959 se
431 917 752 958 defendendum
784 919 960 958 utatur?
1008 917 1096 958 Nec
1138 917 1339 959 Habonio
1381 920 1491 959 teste
1532 919 1686 960 Verres

93 1003 196 1031 usus
220 992 296 1039 est,
331 989 407 1030 sed
433 988 522 1029 eius
546 988 775 1036 silentium,
809 1001 863 1029 ne
888 1001 914 1029 a
939 987 1142 1029 Cicerone
1167 989 1488 1041 produceretur,
1524 986 1686 1042 e1nit.‘2)

95 1060 287 1102 Similem
321 1073 467 1100 casum
500 1072 587 1100 non
619 1073 796 1112 possum
829 1072 915 1100 non
948 1059 1156 1111 suspicari
1189 1059 1394 1100 accidisse
1434 1060 1477 1100 in
1509 1060 1603 1101 libr.
1637 1061 1684 1103 V.

95 1132 134 1179 5,
161 1131 211 1171 11
240 1129 341 1183 (vid.
361 1143 428 1182 ep.
448 1130 503 1170 ad
530 1129 659 1171 Orell.
685 1143 727 1182 p.
753 1128 826 1182 89)
850 1132 892 1170 et
914 1129 980 1178 III,
1006 1130 1074 1179 28,
1109 1130 1163 1170 69
1191 1129 1294 1182 (ibd.
1321 1144 1362 1183 p.
1382 1129 1469 1183 91),
1504 1144 1687 1183 quorum

93 1201 286 1242 locorum
334 1201 517 1242 alterum
566 1200 618 1241 de
667 1201 913 1242 coniectura
960 1201 1185 1253 Zumptius
1233 1202 1435 1251 mutavit,
1485 1203 1686 1243 obstante

95 1273 226 1314 etiam
257 1271 453 1313 Vaticani
493 1271 585 1313 cod.
625 1284 739 1312 nova
786 1270 1041 1312 auctoritate
1091 1273 1132 1311 et
1179 1284 1260 1312 usu
1307 1273 1537 1321 sermonis3
1585 1286 1687 1314 nam

94 1357 219 1398 quam
250 1357 338 1384 rem
371 1343 431 1383 ita
464 1342 722 1395 adiungitur,
772 1355 822 1383 ac
861 1343 896 1382 si
936 1341 1121 1382 formula
1155 1342 1228 1382 sit:
1279 1342 1478 1383 cislo-ersus
1511 1343 1684 1383 edictum

91 1414 234 1467 faeere
267 1413 442 1468 aliquid,
477 1426 608 1466 quum
643 1413 811 1454 dicatur
843 1413 1058 1455 absolute:
1094 1412 1294 1453 adversus
1326 1413 1502 1454 edictum
1531 1414 1686 1466 facere,

94 1487 140 1526 ut
172 1485 273 1526 addi
306 1485 477 1533 debeat,
520 1484 888 1537 quemadmodum
927 1487 991 1525 est
1023 1484 1066 1524 in
1100 1483 1206 1531 cod.,
1258 1486 1332 1523 aut
1365 1483 1579 1524 ablativus
1614 1487 1686 1525 aut

91 1555 351 1608 praepositio.
415 1556 477 1596 Ex
509 1556 572 1605 iis,
623 1569 719 1609 quae
758 1555 801 1596 in
840 1555 1094 1596 Asconianis
1134 1554 1291 1595 nostris
1331 1554 1466 1595 serius
1501 1554 1556 1594 ad
1589 1567 1687 1594 eum

91 1626 268 1679 perlatis
309 1627 361 1667 de
405 1626 507 1667 locis
556 1625 718 1678 aliquot
766 1626 972 1667 librorum
1021 1625 1258 1678 primorum
1307 1625 1526 1677 disputata
1574 1627 1686 1668 sunt.

94 1710 227 1749 quum
259 1697 308 1738 iis
342 1697 591 1744 abstineret,
633 1710 729 1750 quae
769 1711 793 1738 a
827 1710 905 1738 sua
937 1697 1103 1738 ratione
1138 1698 1180 1736 et
1211 1695 1367 1737 iudicio
1401 1695 1452 1736 de
1486 1695 1686 1736 subsidiis

94 1767 247 1809 criticis
306 1768 602 1820 discreparent
660 1770 733 1809 aut
790 1781 950 1809 novam
1008 1766 1345 1819 disputationem
1407 1767 1686 1819 requirerent,

131 1977 160 2022 ¹)
185 1980 452 2024 Argumentum
478 1979 690 2014 brevissime
717 1979 854 2013 absolvi
881 1982 1009 2023 potest.
1060 1978 1128 2012 Pro
1156 1989 1208 2018 eo,
1236 1978 1331 2021 quod
1359 1981 1427 2011 est:
1455 1990 1496 2011 ne
1519 1980 1587 2021 filie?
1611 1980 1688 2022 qni-

188 2041 265 2073 dem
293 2041 382 2073 nudi
413 2044 616 2082 conspectus
648 2050 860 2082 quemquam
895 2043 1012 2078 moret,
1051 2037 1080 2071 si
1113 2037 1192 2080 quis
1225 2037 1543 2071 circumlocutione
1576 2037 1689 2071 utitur

189 2100 300 2139 (nemo
319 2104 379 2142 est,
407 2109 508 2142 quem
535 2116 578 2120 —
604 2096 751 2136 moveat)
772 2101 806 2131 et
824 2097 1026 2140 negationis
1045 2096 1288 2140 duplicatione
1307 2095 1446 2137 Latina,
1474 2099 1513 2130 ut
1530 2096 1687 2140 priorem

188 2157 342 2201 excipiat
368 2161 403 2191 et
429 2158 594 2191 intendat
620 2157 735 2190 altera
759 2167 802 2190 ne
828 2173 871 2178 -—
899 2157 1050 2199 quidem,
1084 2155 1286 2189 necessario
1320 2166 1360 2188 ne
1393 2155 1555 2199 praeponi
1582 2155 1688 2189 debet

188 2216 498 2250 circumlocutioni
524 2227 588 2260 per
614 2216 808 2250 relativum
841 2214 954 2255 factae,
994 2226 1091 2248 nemo
1126 2220 1186 2257 est,
1226 2226 1267 2247 ne
1305 2225 1404 2258 quem
1442 2215 1511 2257 filii
1547 2217 1685 2258 quidem

187 2286 304 2318 consp.
332 2281 476 2309 moveat.

131 2330 159 2376 ²)
185 2334 226 2367 In
252 2337 463 2368 transcursu
488 2334 659 2368 Arusiani
685 2333 789 2367 Messi
815 2332 1041 2376 grammatici
1068 2333 1168 2366 locus
1195 2332 1445 2366 emendandus
1472 2336 1536 2375 est,
1564 2333 1626 2377 qui
1652 2334 1687 2367 in

188 2393 345 2427 editione
370 2392 612 2427 Lindemanni
639 2391 756 2436 (Corp.
785 2392 944 2426 Gramm.
967 2391 1043 2425 Lat.
1070 2390 1099 2433 I)
1126 2402 1158 2435 p.
1186 2390 1254 2423 248
1281 2391 1331 2424 ita
1357 2391 1540 2426 scribitur:
1572 2393 1689 2433 „Mille

188 2453 367 2486 librarum
402 2457 524 2486 mutuo
556 2453 662 2486 dedit.
694 2453 828 2485 Terent.
861 2451 1010 2484 Heaut..·
1054 2450 1122 2484 Cui
1151 2451 1410 2484 drachmarum>
1441 2452 1515 2485 lzoeo
1549 2454 1690 2494 arqenti

188 2512 282 2544 mille
307 2513 452 2545 dederat
486 2516 618 2545 mutuo.
675 2512 744 2545 Cic.
778 2512 818 2544 de
853 2511 1010 2543 Proetmu
1051 2510 1203 2543 Urbana
1247 2510 1369 2543 Verris
1402 2515 1433 2543 et
1466 2522 1537 2544 uno
1569 2512 1690 2544 muzus

187 2575 270 2604 teste
295 2571 437 2604 haberet
463 2571 506 2603 ab
538 2568 671 2604 homo.“
726 2568 906 2603 Ciceronis
937 2568 1068 2609 locum,
1108 2579 1218 2612 quem
1250 2568 1405 2602 editores
1438 2579 1511 2603 non
1543 2569 1687 2603 invene-

186 2631 282 2669 runt,
320 2631 420 2672 patet
452 2628 550 2662 hunc
583 2639 671 2669 esse,
711 2639 782 2672 quo
815 2628 858 2661 de
885 2627 1036 2671 agimus,
1076 2638 1203 2662 verum
1236 2627 1281 2661 ad
1308 2627 1408 2661 illam
1435 2627 1685 2663 elocutionem.

188 2687 289 2722 cuius
316 2687 524 2731 exemplum
557 2687 714 2730 ponitur,
753 2697 825 2720 non
858 2686 1048 2730 pertinere.
1100 2687 1169 2720 Sed
1196 2686 1232 2720 in
1259 2687 1336 2720 cod.
1364 2686 1479 2721 Guelf.
1507 2690 1591 2721 ante
1618 2690 1687 2720 est:

187 2747 260 2780 hoec
297 2748 439 2790 arqenti
474 2749 594 2780 minus
631 2747 733 2780 habet
771 2757 851 2780 uno.
903 2745 1044 2780 Coaluit
1076 2745 1209 2789 duplex
1241 2745 1414 2786 elocutio;
1455 2745 1568 2779 altera
1605 2756 1688 2779 cum

190 2805 355 2849 exemplo
382 2816 447 2839 suo
474 2805 550 2839 haec
577 2808 646 2839 est:
681 2806 804 2839 Minus
829 2806 931 2839 habet
955 2816 1038 2839 uizo.
1082 2805 1152 2839 Cic.
1179 2806 1220 2838 de
1247 2805 1405 2838 Proetur.
1439 2805 1571 2838 Urban.
1606 2805 1688 2837 Ver-

186 2865 260 2897 ris:
293 2864 334 2897 Ut
360 2875 431 2898 uno
457 2866 577 2898 minus
602 2869 685 2898 teste
710 2865 852 2898 haberet
877 2865 1052 2898 Habonio.
1093 2861 1191 2905 (Haec
1217 2863 1375 2897 nominis
1401 2863 1518 2897 forma
1544 2866 1579 2896 et
1605 2863 1688 2896 hinc

191 2922 427 2956 confirmatur
453 2926 488 2957 et
514 2934 557 2957 ex
583 2922 728 2956 Asconii
760 2923 843 2957 edit.
870 2923 1031 2967 principe
1058 2923 1103 2956 ad
1130 2923 1155 2963 I,
1183 2922 1238 2963 54,
1266 2922 1362 2959 141.)
1411 2920 1588 2964 [Eandem
1614 2931 1687 2955 cor-

192 2981 390 3015 rectionem
415 2984 540 3025 postea
567 2981 693 3016 fecisse
721 2981 924 3016 Hoevenum
950 2981 1055 3016 video
1082 2981 1179 3025 apud
1206 2981 1361 3016 Keilium
1386 2981 1450 3014 VII
1476 2992 1509 3024 p.
1536 2977 1632 3022 494]

1709 1071 1758 1096 326
