1915 3235
823 129 906 171 155

73 258 117 299 in
148 257 229 299 hoc
259 257 352 299 loco
383 258 563 307 variare,
611 258 738 311 igitur
776 259 1043 300 coniecturas
1084 257 1242 299 frustra
1275 257 1463 298 exerceri
1495 258 1656 298 statuit.

74 328 200 379 Quod
246 341 379 381 quum
418 328 453 369 is
495 328 683 379 dixisset,
731 329 990 382 multiplices
1039 329 1092 370 de
1139 329 1280 382 priore
1325 326 1490 380 periodi
1536 329 1657 380 parte

75 398 329 440 coniecturae
367 399 597 451 propositae
637 402 749 450 sunt,
797 413 894 452 quae
934 402 975 440 et
1013 399 1270 440 sententiam
1310 398 1442 439 habet
1481 402 1657 447 rectam,

74 469 242 522 pridem
274 482 300 509 a
331 468 497 510 Mureto
530 472 572 510 et
602 474 754 522 postea
796 483 820 511 a
854 460 1088 511 Garatonio
1127 469 1368 522 expositam
1408 467 1507 521 (hoc
1547 468 1659 509 enim

74 538 221 581 Cicero
269 539 381 589 dicit,
431 552 563 592 quum
603 540 776 593 longam
817 539 944 589 diem,
993 553 1073 581 sua
1112 540 1286 592 quidem
1324 552 1400 592 spe
1438 540 1659 587 aeternam,

72 609 192 651 urbis
240 609 368 651 saluti
413 610 736 663 propagaverit,
785 610 967 651 eandem
1014 623 1060 652 se
1108 610 1394 651 aeternitatem
1441 610 1661 650 memoriae

75 680 322 721 consulatus
355 681 420 720 sui
453 680 713 730 conciliasse,
747 694 832 722 non
865 681 1114 730 interiturae,
1155 681 1258 722 dum
1291 683 1375 721 stet
1406 678 1542 732 urbs),
1583 691 1662 720 nec

73 750 170 791 ullis
203 749 410 791 librorum
441 750 605 792 indiciis
646 751 690 791 in
730 751 1015 804 suspicionem
1057 751 1304 800 adducitur3
1351 763 1453 791 nam
1497 749 1533 790 si
1575 749 1661 791 dis-

75 821 253 861 cesseris
286 822 316 861 a'
343 821 518 862 meliore
550 822 698 863 ordine
731 822 976 871 verborum,
1027 834 1158 875 quam
1197 834 1220 862 e
1263 821 1407 862 codice
1441 820 1587 862 Colon.
1621 822 1661 861 et

74 890 302 944 Duisburg.
335 892 515 941 restitui,
550 894 592 933 et
623 893 756 934 verbo
789 906 883 941 esse,
918 892 1033 945 quod
1060 905 1112 933 ex
1134 892 1286 932 iisdem
1313 891 1492 944 aliisque
1517 890 1663 932 addidi

75 961 375 1016 (propaqatam
410 976 492 1003 6336
523 967 559 1003 et
591 963 648 1003 ad
678 964 755 1004 sal.
788 963 906 1004 urbis
937 961 1050 1015 cet.),
1083 962 1187 1003 nihil
1219 975 1394 1014 prorsus
1428 963 1492 1002 est
1523 960 1662 1002 varie-

73 1028 235 1084 tatis.¹)
293 1032 452 1074 Contra
485 1033 621 1074 altera
652 1047 753 1086 pars
786 1034 1010 1075 sententiae
1044 1034 1192 1085 aperte
1226 1034 1291 1072 est
1323 1032 1543 1080 mendosa,
1577 1044 1663 1073 non

75 1103 118 1143 in
150 1103 324 1156 singulis
357 1104 512 1153 verbis,
562 1118 658 1157 quae
698 1107 739 1146 et
776 1107 894 1145 recta
927 1109 1027 1146 sunt
1059 1116 1136 1156 per
1167 1115 1212 1144 se
1247 1105 1300 1152 et,
1350 1116 1435 1144 uno
1469 1106 1661 1154 excepto,

75 1186 100 1214 a
133 1173 256 1215 codd.
290 1175 618 1224 confirmantur3
666 1176 743 1216 sed
773 1178 907 1228 patet,
957 1188 981 1215 a
1014 1174 1159 1223 verbo,
1209 1173 1323 1226 quod
1363 1176 1427 1214 est
1466 1173 1662 1226 intellicffl,

74 1243 168 1284 haec
199 1245 387 1297 pendere
419 1259 505 1287 non
542 1259 689 1299 posse,
737 1256 882 1299 neque·
925 1246 1038 1286 enim
1086 1244 1281 1297 intelligit
1321 1243 1481 1293 Cicero,
1530 1256 1575 1285 se
1623 1245 1663 1284 et

75 1314 330 1368 Pompeium
378 1317 611 1366 exstitisse,
661 1318 733 1370 qui
780 1317 1028 1358 Romanum
1076 1315 1304 1368 imperium
1353 1314 1573 1355 servarent
1623 1315 1663 1353 et

76 1385 402 1438 amplificarent,
451 1387 527 1427 sed
570 1387 622 1428 de
665 1390 938 1440 posterorum
981 1386 1135 1427 iudicio
1174 1388 1214 1426 et
1255 1384 1664 1426 commemoratione

76 1456 275 1509 loquitur,
309 1457 381 1510 qui
413 1457 455 1498 id
487 1458 761 1510 praedicaturi
793 1458 890 1499 sint.
938 1457 1027 1498 Nec
1060 1470 1085 1497 a
1117 1456 1282 1497 ratione
1315 1456 1531 1508 discrepat
1563 1466 1664 1495 auc-

75 1527 245 1575 toritas;
295 1528 364 1568 hic
412 1529 525 1569 enim
574 1541 667 1569 esse
715 1528 861 1570 mendi
908 1528 1056 1569 sedem
1105 1527 1337 1568 ostendunt
1385 1526 1573 1567 codices.
1622 1526 1665 1565 in

76 1611 259 1650 quorum
291 1598 407 1640 nullo
440 1604 503 1639 est
536 1612 706 1654 unoque,
741 1599 817 1640 sed
850 1600 892 1639 et
923 1599 966 1639 in
997 1598 1046 1639 iis
1080 1597 1414 1650 (Oxoniensibus
1447 1594 1664 1647 omnibus)

77 1672 118 1709 et
157 1668 198 1709 in
240 1668 336 1709 edd.
370 1672 473 1710 vett.
507 1670 696 1724 omnique
738 1668 907 1723 (loquor
940 1671 1086 1710 autem
1119 1668 1171 1709 de
1203 1668 1253 1708 iis
1287 1667 1517 1715 codicibus,
1559 1679 1665 1718 quo-

77 1751 172 1779 rum
204 1739 450 1781 testimonio
483 1741 544 1781 uti
577 1753 828 1793 possumus;
868 1753 970 1781 nam
1004 1739 1210 1780 Gruterus
1244 1738 1297 1778 de
1330 1738 1431 1787 suis,
1465 1739 1510 1778 ut
1544 1737 1664 1785 solet,

76 1811 214 1858 tacet3
263 1809 454 1851 Graevius
487 1811 543 1851 ad
574 1811 762 1863 priorem
794 1813 963 1851 tantum
997 1808 1220 1850 sententiae
1253 1811 1421 1860 partem
1463 1807 1665 1855 attendit;

77 1879 378 1922 Steinmetzius
421 1895 592 1934 quoque
633 1881 676 1922 in
720 1895 770 1922 ea
814 1881 1033 1934 vulgatam
1077 1879 1332 1932 scripturam
1377 1879 1432 1919 ab
1466 1877 1666 1919 omnibus

78 1949 168 1991 fere
201 1951 323 1992 codd.
357 1951 600 1993 confirmari
633 1952 704 2001 ait,
750 1952 802 1992 de
834 1952 1072 2004 posteriore
1105 1952 1228 2003 parte
1256 1960 1345 1990 non
1378 1949 1558 2001 cogitat;
1608 1947 1667 1989 sic

80 2020 246 2062 codices
287 2021 595 2074 conferuntur).
657 2023 783 2064 Patet
823 2021 1031 2063 excidisse
1071 2021 1250 2061 verbum
1291 2019 1477 2072 aliquod,
1526 2020 1667 2071 ipsum

79 2091 134 2132 ab
169 2092 349 2147 intelliyo
381 2090 587 2145 pendens,
636 2106 661 2133 a
700 2106 784 2146 quo
824 2093 1021 2145 proxima
1059 2091 1310 2144 penderent,
1358 2093 1406 2130 ut
1446 2089 1539 2130 haec
1579 2088 1668 2129 fere

79 2161 207 2203 fuerit
245 2164 448 2204 orationis
486 2163 645 2204 forma:
694 2164 884 2218 omnique
932 2167 1110 2216 tempore
1156 2160 1248 2213 [hoc-
1279 2160 1557 2214 praedicatum
1597 2160 1667 2211 iri,

78 2232 222 2286 simul]
257 2234 300 2274 in
322 2233 399 2274 hac
420 2233 650 2287 republica
685 2236 764 2274 cet.
813 2233 1065 2274 Omissionis
1099 2245 1229 2273 causa
1260 2230 1439 2284 patebit,
1474 2231 1509 2270 si
1541 2231 1668 2282 puta—

79 2302 208 2356 bitur,
259 2304 409 2345 eodem
451 2304 582 2346 verbo
615 2304 796 2357 repetito
837 2304 1046 2356 scriptum
1080 2303 1231 2344 fuisse:
1273 2301 1555 2356 praedicatum
1598 2301 1668 2351 iri,

81 2373 219 2414 eodem>
250 2379 440 2428 tempore.
453 2372 487 2427 2)

199 2445 245 2485 In
271 2445 519 2488 Catilinaria
551 2448 704 2498 quarta
717 2442 751 2497 ³)
784 2445 969 2497 primum
996 2457 1030 2484 C.
1060 2445 1096 2493 1,
1133 2445 1152 2484 1
1190 2443 1322 2484 edidi:
1357 2442 1428 2483 sed
1461 2455 1564 2494 eant,
1591 2454 1671 2494 per

82 2514 177 2555 deos
208 2516 475 2569 immortales,
523 2516 723 2570 deponite,
773 2516 906 2556 eiecto
951 2515 1206 2556 auctoritate
1239 2513 1394 2555 codicis
1428 2512 1473 2554 C.
1507 2512 1669 2565 Steph„

120 2654 147 2699 ¹)
174 2658 457 2701 Propayandam
494 2668 558 2701 pro
590 2661 835 2700 propayatam
872 2656 910 2689 in
947 2665 1019 2689 uno
1059 2655 1134 2689 cod.
1173 2652 1342 2698 pessimo,
1383 2652 1671 2697 vulgatissimum

178 2716 363 2757 mendum,
390 2727 464 2750 non
489 2726 653 2750 numero.

121 2771 149 2816 ²)
175 2772 379 2816 [Leniorem
406 2775 623 2810 medicinam
649 2773 786 2807 tentavi
804 2775 929 2816 postea
952 2772 988 2806 in
1007 2772 1162 2806 editione
1187 2774 1326 2815 quarta,
1354 2781 1397 2804 ex
1423 2771 1523 2805 cuius
1549 2770 1672 2814 praefa-

177 2833 275 2868 tione
302 2837 469 2878 excerpta
495 2836 656 2868 extremo
683 2831 765 2866 huic
792 2830 967 2865 volumini
994 2828 1225 2872 inserentur]

123 2889 152 2934 ³)
177 2892 279 2926 Hanc
305 2892 505 2927 orationem
531 2892 599 2926 fuit
631 2901 747 2935 nuper
786 2889 847 2934 qui
886 2900 907 2923 a
939 2889 1109 2923 Cicerone
1140 2888 1420 2923 abiudicandam
1452 2899 1529 2922 esse
1556 2887 1673 2931 dispu-

179 2954 272 2985 taret
300 2951 342 2985 iis
368 2950 601 2995 argumentis,
629 2960 709 2994 quae
734 2952 901 2982 nontam
919 2947 1128 2992 singulatim
1146 2947 1343 2982 refellenda
1362 2947 1536 2985 videatur,
1564 2955 1673 2989 quam

1689 2096 1739 2122 192

1693 2526 1743 2552 193
