1915 3235
937 135 991 176 26

117 278 149 303 32
291 267 353 308 Ex
399 267 481 307 hac
527 266 654 318 igitur
703 269 791 305 tam
840 264 986 317 ampla
1034 264 1284 317 disputandi
1330 266 1514 307 materia
1559 266 1767 307 nonnulla

116 354 149 380 33
169 338 413 390 decerpturi
446 337 614 377 initium
648 336 867 388 capiemus
900 335 956 376 ab
990 335 1201 377 eiusmodi
1232 336 1338 385 loco,
1373 337 1415 377 in
1448 337 1569 377 cuius
1602 336 1767 389 vulgari

169 410 441 450 enarratione
488 420 646 459 magna
693 419 794 459 pars
843 419 1011 456 eorum,
1061 419 1158 459 quae
1204 407 1576 460 reprehendimus,
1624 407 1766 449 inesse

168 480 399 520 videatur.'
445 478 597 520 Satirae
631 478 744 518 enim
776 477 928 529 primae
960 489 1000 517 V.
1024 476 1079 517 58
1113 490 1206 530 sqq.
1238 478 1332 519 haec
1364 478 1586 531 leguntur:

229 550 373 600 Quum
406 549 472 590 fas
506 561 601 589 esse
633 551 756 600 putet
789 560 937 588 curam
971 560 1146 600 sperare
1179 548 1379 596 cohortis,

227 619 310 670 Qui
342 620 458 660 bona
492 619 667 660 donavit
700 618 969 670 praesepibus
1004 622 1044 659 et
1078 623 1195 660 caret
1228 620 1345 661 omni

227 691 439 731 Maiorum
473 702 616 739 censu,
652 689 755 730 dum
787 689 984 741 pervolat
1017 702 1097 730 axe
1130 690 1260 731 citato

226 761 483 802 Flaminiam
516 772 624 812 puer
655 759 952 801 Automedon:
985 773 1087 801 nam
1120 760 1212 802 lora
1245 761 1423 802 tenebat

224 832 333 884 Ipse,
369 830 494 885 (vulfs.
519 830 710 880 tenebat,
744 829 857 883 Ipse)
890 831 1122 872 lacernatae
1152 845 1285 884 quum
1319 845 1364 873 se
1398 832 1577 873 iactaret
1600 833 1765 883 amicae,

223 902 376 943 Nonne
409 901 513 942 libet
546 901 689 943 medio
724 915 844 943 ceras
878 903 1057 955 implere
1090 915 1273 955 capaces

225 972 490 1023 Quadrivio‘?
523 974 595 1013 &c

164 1043 228 1084 Ita
261 1044 388 1093 enim,
439 1044 518 1084 etsi
558 1043 601 1084 id
639 1043 696 1085 ad
734 1049 929 1085 nostram
963 1044 1301 1097 disputationem
1334 1058 1421 1086 non
1453 1046 1653 1098 pertinet,
1701 1047 1766 1087 in-

164 1114 465 1167 terpungenda
498 1117 692 1156 extrema
725 1117 838 1165 sunt,
878 1115 1247 1168 quemadmodum
1287 1116 1524 1169 Rupertius
1566 1116 1678 1166 fecit,
1719 1122 1767 1158 ut

163 1198 313 1226 versus
362 1185 417 1226 63
466 1186 760 1238 superioribus
815 1186 1094 1239 adiungatur;
1150 1187 1340 1239 alioquin
1390 1188 1503 1228 enini
1552 1187 1765 1240 particula

164 1270 290 1311 quum
322 1257 366 1297 in
398 1270 437 1297 V.
463 1256 519 1298 55
553 1261 594 1297 et
627 1257 682 1298 58
716 1270 802 1298 non
841 1257 987 1307 habet,
1029 1271 1114 1310 quo
1156 1258 1392 1307 reseratum
1441 1258 1497 1299 ad
1536 1258 1609 1300 illa
1651 1259 1766 1300 enim

164 1326 246 1367 Sed
277 1327 380 1382 quid
411 1329 547 1383 meyde
569 1330 640 1369 ὥσ.
674 1328 824 1369 referri
857 1343 944 1370 non
976 1333 1132 1382 potest,
1168 1342 1300 1381 quum
1326 1342 1377 1370 ea
1399 1342 1477 1382 per
1499 1343 1546 1371 se
1569 1329 1768 1371 dicantur

163 1403 204 1439 et
239 1411 337 1439 cum
372 1399 706 1452 interrogatione
739 1399 810 1441 illa
844 1400 950 1441 Hoee
983 1414 1052 1454 eqo
1084 1414 1166 1441 nou
1206 1401 1357 1455 ayefftem
1398 1401 1626 1442 coniuncta
1667 1401 1766 1442 sint.

162 1469 337 1522 Optime
377 1475 524 1511 autem
566 1474 607 1511 et
649 1472 837 1523 graviter
874 1472 917 1512 in
949 1485 988 1512 V.
1015 1471 1084 1521 64,
1133 1471 1209 1512 ubi
1247 1471 1485 1524 Rupertius
1524 1485 1611 1513 non
1651 1476 1767 1513 recte

162 1541 402 1582 orationem
436 1541 670 1594 abruptam
715 1542 828 1591 dicit,
878 1543 1203 1595 interrogationi
1241 1555 1402 1583 novum
1443 1542 1652 1584 foeditatis
1694 1555 1767 1584 ex-

163 1612 355 1665 emplum
389 1613 647 1653 annectitur.
711 1613 840 1654 Hunc
871 1614 1001 1667 igitur
1032 1614 1188 1663 locum,
1230 1627 1315 1666 quo
1354 1618 1531 1655 notatur
1563 1615 1765 1655 insanum

162 1682 370 1724 nobilium
406 1683 631 1736 aurigandi
664 1684 869 1734 studium,
919 1684 1141 1726 sordidum
1182 1689 1221 1726 et
1262 1689 1582 1738 sumptuosum,
1632 1687 1765 1727 inter-

161 1759 307 1807 pretes
340 1755 427 1795 iam
460 1754 559 1795 inde
593 1768 617 1796 a
651 1755 885 1796 scholiasta
918 1755 991 1808 (ad
1024 1769 1062 1797 V.
1089 1754 1208 1808 59)1)
1242 1757 1297 1798 ad
1324 1757 1540 1798 Neronem
1573 1756 1765 1799 referunt

257 1913 321 1944 aut
339 1909 519 1953 cogitandi
546 1909 720 1953 laborem,
748 1909 809 1953 qui
836 1910 880 1943 ad
900 1908 958 1950 VI,
987 1908 1055 1942 190
1073 1921 1150 1954 sqq.
1178 1907 1226 1954 (p.
1245 1908 1328 1952 229)
1354 1909 1609 1944 Achaintrium
1629 1910 1766 1954 laudat,

257 1969 353 2013 quod
389 1969 425 2003 in
458 1980 490 2003 v.
519 1967 587 2001 195
621 1970 873 2012 intermeandi
902 1970 1046 2012 szssyfnum
1071 1974 1156 2012 post
1189 1965 1297 2013 ψυχή,
1336 1981 1404 2013 quo
1438 1971 1555 2004 oratio
1590 1970 1765 2014 turbetur,

256 2030 453 2069 sustulerit,
493 2031 529 2061 et
561 2027 597 2061 in
631 2028 759 2061 eodem
793 2028 872 2062 loco
899 2029 1103 2063 enarrando
1129 2029 1296 2073 proxima
1321 2028 1463 2073 pagina,
1502 2041 1532 2063 v.
1562 2028 1630 2062 195
1655 2031 1766 2063 inter-

255 2089 452 2131 royatione,
491 2087 619 2131 inquit,
659 2089 827 2121 instituta
857 2089 970 2131 facete
989 2093 1258 2132 praeparantur
1288 2090 1488 2132 sequentia;
1529 2091 1592 2123 aut
1618 2088 1764 2132 diligen-

257 2146 359 2187 tiam,
394 2146 455 2190 qui
482 2158 515 2190 p.
543 2145 612 2180 296
643 2145 702 2188 (ad
730 2147 821 2187 VIII,
849 2145 942 2189 187),
982 2159 1096 2191 quum
1123 2147 1220 2191 apud
1247 2147 1465 2191 Rupertium
1497 2147 1575 2182 haec
1601 2147 1763 2192 legisset:

256 2207 460 2240 Laureolus
485 2208 618 2240 mimus
642 2208 694 2240 vel
720 2207 876 2240 eiusdem
907 2207 1042 2240 Catulli
1067 2225 1110 2229 —
1136 2209 1189 2241 vel
1207 2209 1332 2251 potius
1360 2208 1476 2241 Noevii
1507 2212 1571 2240 aut
1603 2207 1763 2241 Laberii.

254 2276 285 2298 v.
305 2266 464 2299 Mam-ob.
485 2267 535 2308 II,
564 2268 596 2299 7.
617 2267 703 2299 Gell.
724 2267 795 2309 ΙΙΙ,
824 2268 856 2299 3.
891 2267 991 2309 VIII,
1021 2269 1074 2300 13.
1096 2269 1151 2300 14.
1170 2268 1295 2309 XVII,
1317 2268 1371 2308 14,
1398 2265 1611 2309 simpliciter
1629 2269 1763 2307 narrat,

255 2327 292 2358 et
316 2324 512 2358 Laberium
539 2327 574 2358 et
600 2324 764 2358 Naevium
790 2324 922 2359 mimos
954 2325 1015 2360 illo
1042 2325 1190 2360 nomine
1216 2325 1412 2369 scripsisse,
1445 2324 1576 2359 deinde
1602 2324 1763 2369 quinque

254 2383 334 2417 illos
367 2383 464 2417 locos
496 2395 561 2427 pro
594 2383 813 2425 testimonio,
847 2384 1023 2429 Rupertio
1055 2396 1128 2419 non
1162 2383 1362 2424 nominato,
1396 2383 1615 2425 transcribit,
1649 2394 1763 2427 quum

254 2442 301 2477 ab
327 2442 405 2487 ipso
431 2442 608 2486 Rupertio
635 2443 772 2476 discere
798 2443 986 2487 potuisset,
1013 2444 1125 2478 Naevii
1150 2442 1318 2477 Laureoli
1344 2442 1572 2477 mentionem
1598 2442 1664 2476 niti
1690 2453 1763 2477 cor-

254 2501 396 2545 ruptela
421 2501 561 2546 pridem
595 2501 740 2535 sublata
772 2501 840 2536 loci
874 2502 1038 2544 Gelliani,
1076 2502 1248 2547 inspectis
1280 2504 1404 2536 autem
1429 2501 1517 2535 locis
1550 2501 1763 2546 intelligere,

253 2560 396 2595 Laberii
434 2560 655 2594 Laureolum
694 2571 876 2604 nusquam
915 2562 1114 2604 nominari,
1160 2561 1263 2596 Gellii
1307 2560 1443 2594 librum
1481 2563 1652 2594 octavum
1689 2571 1763 2594 non

252 2630 453 2664 superesse,
480 2620 543 2653 sed
562 2619 723 2664 capitum
742 2619 819 2654 eius
846 2620 1015 2662 indicem,
1042 2621 1078 2655 in
1105 2632 1207 2665 capp.
1228 2619 1271 2653 13
1299 2622 1334 2654 et
1353 2618 1396 2652 14
1424 2619 1514 2653 nihil
1540 2619 1584 2653 de
1610 2619 1763 2653 Laberio

253 2678 391 2713 dictum
430 2678 551 2719 fuisse,
591 2678 654 2713 sed
693 2689 721 2712 c.
750 2677 795 2711 15
827 2679 981 2723 aliquid,
1021 2679 1110 2714 nihil
1148 2682 1271 2714 tamen
1310 2679 1354 2713 de
1392 2678 1581 2712 Laureolo.
1638 2677 1763 2722 Neque

253 2740 378 2772 tamen
410 2738 487 2771 haec
518 2737 570 2771 ita
601 2737 753 2782 intelligi
778 2738 900 2779 velim,
940 2739 1046 2782 quasi
1079 2750 1153 2773 non
1186 2738 1320 2772 multos
1352 2737 1493 2772 libellos
1527 2736 1763 2781 philologicos

254 2795 451 2830 deteriores
477 2796 582 2830 valde
608 2796 775 2830 laudatos
802 2796 961 2840 legerim.

197 2853 224 2897 ¹)
251 2854 373 2898 Quum
399 2854 633 2889 scholiastam
666 2855 756 2897 dico,
796 2866 911 2889 unum
944 2867 987 2890 ex
1019 2856 1061 2890 iis
1094 2856 1266 2901 intelligo,
1305 2866 1462 2899 quorum
1495 2854 1762 2892 annotationes,

253 2916 359 2948 aetate
387 2916 422 2948 et
447 2914 613 2948 bonitate
639 2914 905 2952 diversissimae,
938 2925 1092 2949 corrasae
1123 2917 1209 2949 sunt
1241 2917 1277 2948 et
1302 2914 1339 2948 in
1372 2925 1487 2948 unum
1522 2924 1652 2957 corpus
1680 2923 1761 2947 con·

252 2973 366 3014 ssatae;
393 2983 465 3006 non
493 2975 546 3007 est
572 2975 697 3007 autem
723 2983 849 3007 recens
874 2973 943 3007 hoc
968 2973 1274 3017 significationum
1294 2973 1556 3016 captandarum
1584 2972 1760 3007 studium.
