1915 3235
858 107 943 149 705

105 237 320 280 sententia
352 237 506 287 dicam,
541 250 638 290 quae
669 249 874 289 perversa
907 241 984 286 est,
1030 236 1260 287 civitatem,
1301 238 1337 278 si
1368 251 1575 291 prospero
1608 251 1703 280 suc-

106 321 230 350 cessu
275 310 442 357 utatur,
498 307 712 348 infelicem
758 307 979 348 infirmum
1024 307 1220 348 reddere.
1299 307 1449 361 Itaque
1496 310 1612 350 recte
1658 310 1702 351 in

105 379 252 421 codice
298 378 332 419 Β
379 378 581 419 scribitur
628 382 865 427 δυστυχοῦσα,
944 379 1034 419 Iam
1081 378 1163 419 hoc
1211 378 1293 419 dici
1341 381 1543 432 apparet,
1598 380 1702 421 certi

106 449 331 491 cuiusdam
365 451 441 490 aut
471 448 657 489 hominis
690 450 767 489 aut
797 447 1023 489 hominum
1061 450 1230 502 generis
1270 448 1408 502 (cuius
1448 450 1701 504 significatio

103 520 216 561 inest
246 520 290 560 in
317 519 530 561 vocabulo
556 521 619 555 τόν
645 517 875 571 εὐτυχοῦντα)
909 532 1012 572 opes
1046 532 1072 560 a
1103 519 1277 560 fortuna
1302 519 1486 562 civitatis
1510 521 1571 562 ita
1594 534 1701 574 pen-

104 591 221 641 dere,
261 592 321 639 ut,
363 603 413 630 ea
445 590 638 639 florente,
688 592 942 642 augeantur,
991 590 1133 630 minus
1165 603 1387 643 prospera,
1436 591 1700 632 minuantur.

102 661 235 714 Atqui
266 661 349 702 hoc
380 660 490 702 falso
523 660 576 701 de
609 666 682 701 τοῖς
707 662 895 708 εὐτυχοῦσι
928 660 1023 710 dici,
1057 660 1333 713 perspicuum
1366 664 1493 711 esset,
1533 661 1703 703 etiamsi

101 732 306 773 indicium
338 744 425 772 non
458 731 620 772 faceret
651 733 900 783 anapaestus
939 731 983 771 in
1016 732 1171 783 quarta
1202 731 1319 772 sede.
1381 731 1457 772 Illa
1495 745 1599 773 vera
1638 734 1703 774 est

102 803 330 852 sententia,
364 802 409 842 in
441 815 553 852 eum,
595 801 667 854 qui
699 801 861 842 civitati
892 802 1052 854 praesit,
1093 802 1154 842 ita
1184 801 1312 854 vulgo
1344 803 1512 844 animos
1545 802 1701 844 civium

105 874 283 914 affectos
327 886 433 922 esse,
482 875 548 923 ut,
599 872 808 925 quamdiu
854 885 922 912 res
971 884 1024 912 ex
1070 874 1170 913 voto
1217 872 1470 923 succedant,
1518 873 1703 914 libenter

105 943 250 985 omnia
282 944 320 984 ei
351 943 619 996 permittant,
654 943 689 984 si
721 956 846 984 secus
879 943 983 995 quid
1015 943 1231 993 acciderit,
1277 943 1329 984 de
1362 945 1578 996 potestate
1611 945 1702 985 eius

103 1014 348 1055 detrahant.
418 1014 569 1066 Itaque
607 1027 685 1066 pro
725 1013 952 1066 participio
993 1015 1207 1061 εὐτυχοῦντα
1246 1013 1597 1055 substituendum
1638 1017 1702 1056 est

100 1084 376 1137 participium
408 1086 507 1136 post
540 1084 761 1125 elisionem
794 1084 1092 1138 dissyllabum,
1126 1097 1152 1124 a
1185 1097 1374 1125 consona
1397 1084 1604 1137 incipiens
1638 1084 1702 1138 (ut

100 1157 161 1192 τόν
190 1153 487 1209 producatur),
531 1157 607 1196 aut
638 1154 935 1208 trissyllabum
969 1168 995 1195 a
1026 1155 1164 1196 vocali
1197 1155 1318 1196 brevi
1350 1156 1536 1206 ordiens,
1586 1157 1703 1209 quod

102 1227 256 1268 ducem
290 1228 332 1267 et
364 1225 620 1279 praefectum
654 1225 837 1266 civitatis
871 1225 1101 1278 significet:

386 1341 519 1385 Πατρὶς
545 1341 661 1378 καλῶς
686 1340 889 1384 πράσσουσα
914 1339 975 1373 τόν
1000 1339 1188 1384 κρατοῦντ’
1214 1338 1268 1373 ἀεὶ

383 1401 493 1444 μείζω
520 1405 649 1441 τίθησι,
680 1401 905 1445 δυστυχοῦσα
932 1398 969 1432 δ’
994 1397 1145 1440 ἀσθενῆ.

99 1508 197 1550 Non
234 1508 477 1549 litterarum
515 1506 794 1549 similitudine
841 1521 921 1549 nec
969 1508 1191 1549 oculorum
1239 1520 1396 1557 errore,
1446 1507 1523 1548 sed
1570 1507 1702 1548 animi

100 1578 314 1620 oblivione
353 1578 638 1619 substitutum
670 1580 884 1627 εὐτυχοῦντα
915 1579 1048 1620 traxit
1087 1578 1148 1632 (in
1187 1579 1324 1620 altero
1365 1576 1529 1630 codice)
1570 1579 1703 1619 etiam

102 1648 357 1693 δυστυχοῦντα.

220 1764 277 1819 m)
310 1765 516 1806 Eiusdem
549 1778 571 1807 e
603 1765 808 1807 Phoenice
841 1765 882 1819 (1
918 1766 1105 1819 Matth.),
1140 1767 1258 1820 apud
1290 1766 1535 1808 Stobaeum:

384 1879 587 1926 Μοχθηρόν
612 1881 710 1914 ἔστιν
735 1879 842 1925 chaph
867 1880 1039 1927 πρεσβύτῃ
1066 1885 1172 1914 τέκνα

385 1940 537 1974 δίδωσιν
561 1939 655 1978 ὅστις
680 1938 805 1973 οὐκέθ’
831 1938 962 1984 ώραῖος
987 1943 1106 1986 γαμεῖ.-

385 2000 558 2033 δὲσποινῑι
584 1997 656 2044 γάρ
682 2001 828 2043 γέροντι
855 2003 1002 2044 νυμφίῳ
1028 1998 1132 2044 γυνή.

100 2106 409 2160 Coniungenda
440 2106 534 2147 haec
559 2119 671 2147 esse:
705 2108 813 2154 ἀνδρὶ
839 2109 1021 2157 πρεσβύτῃ,
1047 2110 1140 2148 ὅστις
1166 2129 1210 2135 -
1236 2113 1356 2156 γαμεῖ,
1389 2108 1457 2149 vel
1480 2122 1700 2161 gramma-

98 2178 184 2219 tica
215 2177 326 2219 ratio
369 2177 563 2218 declarat
606 2181 649 2217 et
690 2178 956 2229 pronominis
993 2181 1089 2219 ὅστις
1125 2179 1255 2219 locus.
1319 2179 1381 2219 De
1424 2179 1698 2221 matrimonio

100 2247 227 2298 senis,
260 2261 348 2289 non
380 2248 432 2288 de
465 2247 610 2288 liberis
644 2248 734 2288 eius
768 2248 848 2300 agi,
882 2248 1035 2289 tertius
1061 2261 1212 2290 versus
1238 2249 1446 2299 ostendit3
1479 2263 1558 2292 nec
1582 2251 1698 2303 quis-

101 2332 233 2371 quam
278 2325 380 2355 τέκνα
406 2323 558 2356 δίδωσιν
583 2320 694 2367 ἀνδρὶ
720 2320 910 2369 πρεσβύτῃ,
962 2318 1044 2360 nisi
1090 2319 1201 2360 forte
1249 2320 1494 2362 adulterum
1542 2321 1699 2362 scurri-

100 2389 197 2430 liter
239 2389 468 2442 significari
510 2389 723 2431 volumus.
786 2389 995 2442 Apparet,
1042 2396 1145 2426 ιέκνα
1186 2390 1370 2432 vocativi
1419 2404 1511 2432 esse
1560 2404 1697 2439 casus,

100 2460 145 2500 in
177 2463 329 2496 δίδωσιν
369 2460 504 2501 latere
543 2459 878 2509 substantivum,
928 2459 1044 2512 quod
1083 2460 1326 2502 subiectum
1366 2461 1421 2502 sit
1459 2463 1697 2504 sententiae.

100 2529 230 2583 idque
267 2531 529 2572 matrimonii
566 2530 786 2571 notionem
835 2531 1053 2572 continere
1103 2530 1275 2572 debere.
1338 2531 1439 2573 Mihi
1486 2532 1573 2574 tale
1619 2546 1698 2574 no-

102 2613 203 2642 men
235 2601 595 2654 circumspicienti
625 2613 761 2641 unum
794 2613 840 2641 se
874 2600 1043 2651 obtulit,
1091 2603 1140 2642 ut
1172 2602 1421 2655 Euripidem
1461 2603 1521 2643 sic
1563 2602 1698 2655 scrip-

102 2671 210 2712 sisse
241 2672 506 2724 suspicarer:

385 2785 587 2833 ὖῙοχθηρόν
611 2786 707 2820 ἐστιν
731 2785 841 2831 ἀνδρὶ
866 2785 1047 2833 πρεσβύτῃ,
1076 2791 1218 2829 τέκνα,

388 2844 586 2890 ζύγωσις,
612 2843 707 2883 ὅστις
733 2843 855 2879 οιῗκὲθ”
881 2844 1011 2890 ὡραῖος
1035 2848 1156 2891 γαμεῖ,

1369 2916 1414 2950 45
