1915 3235
834 136 913 177 141

82 279 168 308 una
198 266 341 307 littera
365 263 581 317 duplicata
606 263 834 317 verbisque
858 265 1011 306 melius
1036 261 1246 304 distinctis
1271 259 1325 313 (et
1349 258 1501 312 dimas
1523 257 1672 297 scelere

81 337 293 377 hominum
316 334 582 389 perditorum
589 348 608 386 ;
648 335 782 376 sancit
823 334 936 388 cet).
997 334 1147 375 Altera
1187 332 1256 373 hic
1288 326 1668 372 commemoranda

83 409 148 447 est
179 404 424 446 emendatio
456 404 536 445 loci
567 404 611 445 in
641 404 825 458 Philipp.
859 405 1034 447 secund.
1058 404 1127 454 38,
1161 403 1230 452 97,
1264 413 1396 454 quam
1422 411 1556 452 quum
1579 397 1671 450 ipse

82 477 384 530 repperissem,
432 477 585 528 postea
623 475 909 517 animadverti
940 476 1127 529 positam
1160 485 1254 514 esse
1286 471 1398 512 inter
1431 482 1504 510 eas
1537 468 1671 520 scrip-

82 549 216 597 turas,
264 559 372 598 quas
416 544 599 586 Orellius
643 558 694 585 ex
737 546 934 599 exemplo
977 546 1121 598 aliquo
1159 542 1356 584 editionis
1388 538 1673 592 Naugerianae

84 617 216 659 edidit
258 619 364 657 tom.
397 615 433 656 ΙΙ
464 629 506 668 p.
539 615 566 656 2
603 628 645 668 p.
679 616 761 656 611
796 630 889 669 sqq.
930 616 1147 669 Scriptum
1191 616 1304 654 erat:
1356 610 1467 662 Quid
1511 622 1581 663 eqo
1623 608 1673 648 de

83 688 390 730 commentariis
420 685 611 739 infinitis,
653 686 755 741 quid
795 686 846 727 de
883 684 1259 728 innumerabilibus
1291 679 1585 735 chiroyraphis
1617 679 1673 719 Zo-

84 758 221 814 quavr?
263 771 438 813 quorum
481 757 605 797 etiam
649 757 877 798 imitatores
915 762 1024 810 sunt,
1064 756 1135 811 qui
1167 769 1229 807 ea,
1272 759 1475 808 &mquam
1504 749 1673 805 ylccdicc-

83 835 219 871 torum
250 829 418 878 libellos,
449 827 601 881 palam
632 826 852 868 venditent.
915 827 1001 868 Sed
1033 840 1129 880 quae
1161 826 1216 867 sit
1247 825 1330 866 ista
1360 822 1556 871 imitatio,
1591 821 1673 861 dici

84 900 245 953 nequit.
307 897 519 940 Falsarios
551 897 803 950 intelligunt,
853 899 924 950 qui
963 900 1122 950 praeter
1154 910 1218 946 ea,
1268 908 1365 948 quae
1398 895 1454 935 ab
1487 891 1675 933 Antonio

85 970 392 1023 proferrentur,
426 968 510 1010 alia
542 968 739 1009 fabricati
771 968 875 1018 sint3
909 969 981 1021 qui
1013 968 1201 1021 primum
1225 980 1311 1008 non
1335 967 1452 1007 recte
1475 963 1675 1004 dicuntur

87 1054 137 1082 ea
169 1040 369 1089 vendere,
419 1052 513 1092 quae
553 1039 706 1080 imitati
745 1040 842 1089 sint,
890 1053 968 1092 pro
1000 1039 1064 1089 iis,
1114 1051 1210 1091 quae
1252 1035 1463 1077 imitando
1497 1045 1673 1086 expres-

86 1111 231 1153 serint.
294 1110 380 1151 Sed
412 1109 506 1163 quis
538 1112 710 1162 poterat
741 1112 784 1150 et
815 1110 1018 1161 audebat,
1051 1111 1210 1163 praeter
1241 1107 1496 1155 Antonium,
1529 1104 1675 1157 palam

86 1181 267 1224 Caesaris
300 1180 632 1222 commentarios
665 1182 708 1221 et
732 1180 1017 1233 chirographa
1041 1179 1278 1228 venditare,
1311 1177 1393 1218 nisi
1416 1189 1495 1230 per
1516 1175 1677 1216 irrisio-

85 1266 185 1294 nem
216 1265 303 1293 non
334 1251 422 1292 iam
453 1251 515 1292 rei
546 1251 730 1303 publicae
762 1264 813 1293 ac
845 1254 1035 1302 senatus,
1069 1251 1148 1292 sed
1179 1248 1385 1291 Antonii?
1433 1247 1529 1288 Non
1569 1245 1677 1294 dieo,

86 1323 279 1364 futurum
326 1321 470 1371 fuisse,
518 1324 566 1362 ut
612 1322 738 1362 huius
785 1322 951 1363 luorum
993 1322 1340 1368 imminueretur;
1388 1330 1517 1358 nemo
1565 1315 1679 1357 enim

88 1406 192 1435 sane
223 1394 279 1434 ab
313 1392 406 1434 aliis
441 1394 663 1445 empturus
697 1397 803 1434 erat.
865 1392 1007 1444 Quam
1040 1393 1154 1433 enim
1186 1391 1273 1432 vim
1302 1389 1553 1431 habiturum
1587 1388 1680 1427 erat

88 1466 163 1506 aut
195 1476 327 1516 quam
350 1463 532 1516 emptori
560 1464 769 1505 utiliatem
795 1464 1026 1505 allaturum
1049 1463 1136 1504 tale
1161 1460 1522 1514 chirographum?
1569 1457 1680 1498 Nam

89 1548 185 1588 quae
218 1534 273 1575 ab
306 1534 496 1575 Antonio
530 1539 676 1587 empta
716 1537 851 1585 erant,
900 1535 979 1575 etsi
1021 1535 1077 1575 ab
1120 1533 1213 1586 ipso
1258 1534 1383 1573 erant
1425 1530 1539 1579 fieta,
1589 1527 1680 1569 eius

89 1605 345 1647 auctoritate
377 1607 474 1646 rata
506 1608 629 1646 erant
661 1611 702 1647 et
734 1605 850 1658 quod
882 1604 1063 1647 Caesaris
1096 1606 1207 1654 acta,
1255 1604 1367 1644 inter
1408 1615 1505 1655 quae
1544 1600 1677 1642 fuisse

90 1676 356 1725 dicebantur,
391 1688 417 1716 a
448 1678 603 1717 senatu
634 1689 720 1717 non
752 1676 1095 1717 infirmabantur.
1158 1675 1247 1715 Nec
1280 1673 1377 1723 alia,
1419 1685 1550 1725 quam
1583 1684 1679 1724 quae

91 1747 146 1789 ab
178 1746 365 1788 Antonio
398 1746 693 1799 proferrentur
725 1749 768 1788 et
797 1746 1099 1797 venderentur,
1134 1744 1445 1787 commentaria
1476 1743 1558 1784 hoe
1589 1742 1682 1783 loco

90 1817 278 1871 intelligi,
313 1817 417 1858 satis
451 1817 672 1858 declarant
703 1818 919 1870 proxima:
954 1816 1102 1871 Itaque
1125 1816 1232 1857 tanti
1256 1816 1395 1855 acervi
1418 1826 1681 1855 nummorum

93 1888 209 1942 apud
242 1889 364 1929 istum
400 1892 696 1928 construuntur
727 1890 808 1929 cet.
870 1888 983 1929 Nihil
1015 1890 1115 1929 ante
1146 1887 1239 1927 haee
1272 1887 1406 1927 verba
1448 1884 1531 1925 dici
1563 1883 1679 1925 aliud

92 1959 244 2012 potuit,
278 1972 409 2012 quam
440 1959 528 1999 iam
559 1971 646 2000 non
676 1972 775 2000 raro
808 1960 850 2000 et
881 1961 1060 2007 secreto,
1093 1958 1171 1998 sed
1202 1957 1350 2010 palam
1383 1955 1584 1997 omnibus
1612 1954 1682 1994 illa

94 2030 344 2071 venundari.
393 2030 455 2070 Ea
487 2028 700 2070 sententia
731 2043 817 2071 non
849 2031 1019 2082 poterat
1051 2028 1193 2081 aptius
1226 2027 1453 2081 graviusve
1486 2025 1681 2078 exprimi,

95 2114 225 2154 quam
271 2100 515 2142 institorum
563 2112 728 2141 merces
774 2099 1028 2152 libellosque
1075 2099 1321 2152 singulatim
1367 2097 1683 2138 venditantium

95 2171 416 2224 comparatione
448 2171 624 2212 inducta
647 2170 908 2222 nomineque
933 2170 1086 2223 posito,
1121 2170 1239 2211 euius
1263 2169 1327 2210 vis
1351 2168 1513 2221 optime
1538 2166 1685 2208 sentiri

95 2244 249 2295 potest,
297 2241 540 2283 substitutis
578 2255 656 2294 pro
688 2240 954 2282 institoribus
988 2240 1210 2291 Romanis,
1252 2253 1359 2292 quos
1393 2238 1502 2280 Galli
1534 2237 1684 2291 appel-

95 2313 187 2354 lant
217 2313 483 2366 colporteurs.
545 2312 633 2353 Nee
670 2312 757 2353 ulla
798 2324 881 2353 vox
922 2311 1098 2364 propius
1141 2311 1198 2352 ad
1239 2310 1495 2351 mendosam
1538 2308 1687 2350 simili—

95 2382 244 2424 tudine
276 2383 455 2424 accedit.

192 2547 295 2581 Praef.
331 2547 412 2581 edit.
441 2547 553 2582 Oratt.
587 2548 693 2582 duod.
725 2558 759 2591 p.
792 2544 913 2588 (huius
944 2543 1154 2584 voluminis)
1187 2544 1265 2578 134.
1317 2543 1403 2588 [Cfr.
1430 2544 1525 2578 infra
1555 2555 1589 2587 p.
1616 2542 1686 2577 333

194 2617 269 2650 sqq.
298 2606 352 2640 ed.
378 2617 442 2650 pr.,
470 2607 515 2640 ad
541 2606 611 2640 Cic.
638 2607 681 2640 de
707 2605 783 2640 Fin.
809 2605 856 2638 IV
882 2616 910 2638 c.
937 2603 992 2646 20,
1019 2604 1063 2637 56
1088 2615 1122 2648 p.
1150 2602 1218 2637 562
1244 2614 1321 2648 sqq.
1349 2604 1404 2638 ed.
1430 2601 1529 2646 tert]

1696 977 1749 1003 174
