1915 3235
843 141 929 183 563

91 270 229 311 aetatis
261 269 490 322 scriptores
530 269 701 311 Licinus
746 271 835 311 sive
878 271 1063 312 Licinius
1107 270 1283 323 quidam
1323 273 1384 313 sic
1424 273 1679 326 appellatur,

89 343 137 381 ut
167 340 293 381 unius
323 340 413 381 noti
445 340 630 381 hominis
662 340 835 382 nomine
875 354 954 393 pro
987 342 1184 394 exemplo
1226 341 1454 395 scriptores
1497 345 1560 385 uti
1602 358 1680 398 ap·
1701 358 1753 384 203

88 413 253 464 pareat.
301 410 363 451 De
396 423 446 451 eo
477 411 652 451 homine
685 424 818 463 quum
851 411 936 452 alia
967 425 1054 452 non
1086 412 1191 453 satis
1225 416 1473 455 constanter
1503 415 1680 456 tradun-

87 484 169 530 tur,
218 484 309 522 tum
351 493 511 522 nomen
555 481 605 530 ei,
654 483 701 522 ut
743 481 851 532 dixi,
900 482 1002 523 alibi
1041 482 1206 533 Licino,
1254 483 1356 524 alibi
1399 485 1558 527 Licinio
1601 488 1679 536 est,

88 552 371 604 videnturque
416 551 610 592 nonnulli
656 554 786 604 atque
833 552 943 593 adeo
996 553 1189 606 plerique
1243 556 1475 607 utrumque
1521 569 1681 598 nomen

86 622 329 675 promiscue
369 622 470 674 poni
512 624 679 674 putare,
732 623 847 675 quod
890 623 1046 664 rationi
1089 626 1132 665 et
1175 625 1473 666 consuetudini
1516 627 1680 668 Latinae

85 706 261 745 prorsus
294 694 519 745 repugnat.
581 692 795 734 Iuvenalis
829 693 915 735 duo
957 696 1059 735 sunt
1096 694 1190 745 loci,
1238 695 1355 748 prior
1392 697 1435 737 in
1476 699 1557 738 sat.
1590 697 1607 738 I
1639 711 1678 738 V.

88 764 184 814 109,
216 763 292 804 ubi
322 763 547 804 libertinus
580 763 833 816 superbiens

750 869 851 922 Ego,
885 870 1032 924 inquit,
1066 871 1265 923 possideo
1297 872 1394 925 plus

354 939 551 980 Pallante
584 942 626 980 et
658 939 834 988 Licinis;

84 1021 192 1063 alter
223 1021 267 1062 in
298 1022 431 1062 satira
462 1020 557 1062 XIV
589 1035 628 1062 V.
662 1021 747 1062 305
781 1024 823 1063 et
855 1022 963 1063 306:

354 1103 579 1156 Dispositis
611 1104 824 1156 praedives
856 1104 998 1145 hamis
1031 1105 1205 1157 vigilare
1239 1106 1461 1149 cohortem

356 1174 589 1216 Servorum
620 1177 751 1216 noctu
784 1175 954 1216 Licinus
986 1175 1119 1216 iubet.
1133 1173 1166 1228 l)

82 1256 277 1298 Eundem
310 1256 485 1298 Persius
517 1256 712 1298 nominat
746 1256 789 1297 in
821 1259 902 1298 sat.
936 1257 1138 1298 secundae
1171 1272 1209 1299 V.
1243 1259 1318 1300 36:

351 1339 475 1380 Nunc
506 1339 639 1380 Licini
671 1340 714 1380 in
748 1351 938 1392 campos,
972 1352 1087 1380 nunc
1118 1340 1260 1381 Crassi
1291 1341 1423 1384 mittit.
1451 1344 1495 1384 111
1528 1357 1674 1398 agros:

79 1444 154 1486 ubi
199 1445 307 1486 mire
350 1445 633 1486 Casaubonus
676 1445 729 1485 de
775 1447 921 1485 vetere
964 1445 1034 1486 illo
1076 1445 1250 1487 tribuno
1294 1446 1452 1489 Licinio
1500 1448 1674 1491 Stolone

80 1516 250 1568 cogitat,
299 1516 422 1568 quasi
462 1516 551 1557 eius
593 1528 795 1569 agrorum
833 1528 1051 1566 mensura,
1100 1517 1298 1568 quamvis
1338 1530 1418 1558 sua
1458 1518 1549 1571 ipse
1581 1520 1673 1573 lege

79 1586 311 1627 damnatus
344 1586 411 1636 sit,
455 1587 555 1627 huic
593 1586 710 1628 aetati
747 1586 949 1639 optabilis
983 1589 1025 1628 et
1057 1599 1154 1628 cum
1187 1587 1330 1629 Crassi
1362 1588 1528 1630 aedibus
1562 1602 1674 1632 com-

79 1656 275 1709 paranda
306 1656 399 1698 visa
431 1657 499 1698 sit.

196 1727 266 1768 Ad
297 1727 433 1768 Persii
472 1727 614 1768 locum
653 1727 906 1769 scholiastes
946 1727 1111 1781 profert
1151 1729 1418 1782 epigramma
1457 1730 1672 1773 Varronis.

78 1799 126 1838 ut
156 1798 229 1848 ait,
277 1797 394 1850 quod
442 1799 601 1839 omisso
649 1798 837 1839 auctoris
884 1798 1058 1840 nomine
1105 1800 1268 1841 scholia
1307 1800 1578 1853 Crucquiana
1619 1804 1674 1843 ad

77 1867 247 1909 Horatii
278 1868 330 1909 A.
363 1868 411 1909 P.
446 1882 484 1909 V.
519 1869 600 1909 301
637 1869 911 1910 adscribunt:

348 1974 591 2016 Marmoreo
624 1975 794 2016 Licinus
826 1976 994 2016 tumulo
1026 1975 1149 2026 iacet,
1188 1979 1233 2017 at
1265 1976 1372 2018 Cato
1404 1991 1552 2030 parvo,

347 2045 579 2098 Pompeius
611 2046 747 2095 nullo;
781 2046 874 2099 quis
907 2049 1031 2099 putet
1063 2059 1158 2088 esse
1191 2047 1323 2089 deos?

75 2149 139 2191 Ac
177 2150 380 2192 Varronis
427 2151 601 2203 quidem
641 2164 801 2193 nomen
847 2152 974 2192 valde
1022 2155 1088 2194 est
1134 2153 1335 2205 dubium,
1385 2154 1589 2206 quoniam
1636 2156 1671 2196 is

75 2219 219 2271 homo,
268 2221 321 2262 de
364 2222 483 2262 cuius
528 2225 809 2264 monumento
844 2224 1022 2276 pretiosi
1061 2225 1197 2278 operis
1239 2225 1306 2264 via
1337 2223 1514 2265 Salaria
1538 2238 1672 2279 prope

74 2290 218 2331 urbem
250 2291 307 2331 ad
337 2292 563 2333 secundum
596 2293 780 2346 lapidem
813 2293 1082 2346 epigramma
1114 2295 1401 2347 compositum
1426 2308 1520 2336 esse
1545 2296 1670 2337 scho-

74 2360 219 2403 liastes
251 2362 395 2412 tradit,
428 2362 591 2403 bonum
625 2364 886 2416 ceteroquin,
927 2367 975 2405 ut
1008 2368 1202 2418 apparet,
1237 2368 1280 2406 et
1311 2365 1533 2418 copiosum
1566 2379 1669 2408 auc-

74 2434 213 2474 torem
246 2445 444 2485 sequens,
493 2434 549 2474 M.
582 2433 786 2475 Varronis
828 2437 1048 2487 superstes
1092 2432 1233 2488 fuit.‘-')
1294 2436 1406 2477 Nam
1450 2439 1493 2477 et
1533 2436 1668 2478 Persii
1689 2454 1739 2479 204

76 2502 325 2544 scholiastes
370 2505 412 2544 et
452 2503 665 2545 Iuvenalis
709 2503 782 2557 (ad
821 2507 902 2546 sat.
936 2505 965 2555 l,
1007 2505 1034 2546 l.
1067 2506 1108 2556 1.,
1156 2506 1231 2547 ubi
1272 2507 1315 2547 in
1356 2506 1476 2548 initio
1521 2508 1669 2549 scholii

110 2676 139 2721 1)
165 2678 327 2723 Utroque
352 2679 430 2713 loco
456 2679 654 2723 Rupertius
687 2679 731 2714 de
763 2684 869 2724 gente
895 2680 1033 2714 Licinia
1059 2684 1093 2715 et
1119 2680 1255 2715 Licinio
1281 2681 1436 2726 Augusti
1462 2682 1591 2717 liberto
1618 2683 1668 2716 ita

167 2737 338 2782 loquitur,
364 2741 405 2772 ut
430 2737 574 2772 diversa
599 2749 677 2772 esse
705 2739 854 2773 nomina
879 2739 1126 2774 obliviscatur.

111 2792 141 2837 ²)
166 2795 289 2829 Galliae
314 2799 466 2840 praeerat
492 2796 643 2831 libertus
668 2796 698 2831 is
723 2797 888 2841 Augusti,
923 2798 967 2832 de
1001 2809 1073 2842 quo
1100 2798 1228 2842 agitur,
1266 2803 1478 2844 procurator
1503 2811 1533 2833 a.
1562 2799 1605 2832 16
1632 2804 1667 2833 et

169 2853 214 2888 15
239 2865 270 2888 a.
297 2854 377 2889 Chr.
404 2866 439 2889 n.
466 2854 551 2898 (vid.
578 2856 702 2889 Dionis
729 2855 841 2890 Cassii
866 2856 979 2898 locus,
1006 2857 1067 2901 qui
1093 2868 1177 2891 mox
1203 2858 1407 2900 afferetur);
1434 2862 1514 2903 post
1540 2863 1666 2902 'procu—

168 2913 346 2948 rationem
382 2914 508 2948 Romae
545 2915 667 2957 praeda
704 2925 823 2956 usum,
862 2915 1032 2950 Macrobii
1070 2916 1228 2951 narratio
1267 2917 1467 2961 significare
1504 2917 1664 2954 videtur;

168 2972 347 3006 Iuvenalis
372 2973 582 3008 scholiastes
607 2973 750 3008 Tiberio
776 2973 978 3018 imperante
1004 2974 1122 3009 obisse
1148 2974 1243 3009 dicit.

1382 3033 1448 3067 36³²
