1915 3235
869 143 951 184 637

116 273 378 314 Flamininus
411 276 552 314 castra
594 273 793 314 omnibus
835 272 967 325 copiis
1005 285 1256 324 oppugnare
1296 272 1575 314 vehementer
1616 287 1701 315 coe-

115 345 260 396 pisset,
308 343 451 384 subito
493 343 536 383 in
568 342 828 383 Macedonas
860 342 903 383 in
935 341 1222 383 Flamininum
1254 355 1402 383 versos
1435 344 1643 396 impetum
1677 358 1702 386 a

113 417 232 466 tergo
266 414 461 454 fecerunt
493 416 534 453 et
566 415 728 453 terrore
761 414 803 453 et
834 413 935 464 fuga
967 412 1111 453 omnia
1143 412 1443 465 impleverunt.
1491 415 1554 455 Ita
1578 418 1700 468 pate—

115 484 228 525 facta
259 484 303 524 in
334 483 633 525 Macedoniam
666 483 735 523 via
767 485 845 523 est.
910 483 1130 523 Tenemus
1163 482 1263 532 iam,
1308 484 1403 535 quis
1435 485 1490 526 sit
1523 486 1590 526 ille
1625 487 1700 535 eir,

112 554 228 594 haud
259 567 414 608 magma
446 567 534 593 eum
571 568 627 604 re,
660 553 731 593 sed
756 554 899 606 plenzc'
929 552 1041 605 fidei,
1075 556 1223 605 pastor
1256 553 1464 606 Epirotes,
1499 553 1571 605 qui
1602 553 1634 594 F
1638 554 1699 594 la—

113 625 322 665 mininum
354 624 588 665 multorum
622 623 787 664 dierum
821 637 923 664 cura
957 626 999 664 et
1030 624 1314 665 sollicitudine
1338 624 1550 665 liberavit.
1598 624 1699 664 Plu—

110 697 285 736 tarchus
318 708 369 736 ex
402 708 486 736 uno
519 697 692 747 pastore
714 694 857 747 plures
881 694 983 735 facit
1006 694 1214 747 (ἅνθρωποι
1233 702 1305 731 τῶν
1322 697 1451 732 αὐτόθι
1479 693 1696 746 νεμόντων);

110 766 186 806 sed
219 766 429 807 Diodorus
463 765 629 806 Siculus
662 763 723 817 (in
756 766 967 817 excerptis
999 765 1280 806 Peirescianis
1303 766 1339 806 Il
1366 780 1407 819 p.
1431 767 1515 807 5?ss
1539 765 1697 817 lVess.)

111 836 309 889 Charopa
341 836 562 889 Epirotam
595 838 918 884 commemorat,
953 836 1025 887 qui
1058 836 1100 876 in
1132 836 1244 877 bello
1274 839 1422 877 contra
1451 837 1696 889 Philippum

108 907 347 948 Flaminino
378 907 542 948 lnisel'st
568 908 630 942 τόν
655 907 877 954 ἡγησόμενον
904 913 964 951 τῆς
980 908 1186 943 ἄνελπίσῑου
1214 909 1278 943 dn&
1305 914 1377 944 τῶν
1403 910 1498 955 ὀρῶν
1523 910 1694 955 ἀτραποῦ,

109 980 160 1014 ‹h'
187 975 238 1015 ὦν
262 984 296 1014 οἵ
319 981 489 1027 (Ρωμαῖοι
520 978 734 1025 παραδόξως
765 984 995 1025 πορὲυθένῑες
1026 984 1095 1014 τῶν
1126 984 1256 1014 στενῶν
1287 981 1490 1027 ἐκράτησαν.
1567 979 1696 1030 Apud

106 1049 334 1103 Polybium
367 1049 550 1103 (XXVII,
589 1047 658 1100 13)
699 1048 892 1101 Charops
936 1048 1013 1102 (sic
1047 1050 1160 1090 enim
1193 1049 1310 1102 apud
1342 1049 1513 1091 Graecos
1547 1049 1695 1102 appel-

107 1119 236 1172 latur)
269 1121 423 1162 dicitur
455 1126 567 1161 αἴτιος
593 1126 784 1167 γεγονέναι
810 1125 872 1156 Τοῦ
900 1124 1081 1157 Φίλιππον
1105 1126 1175 1170 μὲν
1200 1126 1358 1159 ἐκπεσεῖν
1383 1125 1421 1159 ἐκ
1446 1127 1504 1166 τῆς
1521 1123 1696 1169 Ἠπείρου,

110 1197 211 1226 Τίτον
237 1193 279 1226 δὲ
304 1195 363 1226 καὶ
390 1198 451 1235 τῆς
476 1193 645 1238 Ἠπείρου
672 1196 841 1238 κρατῆσαι
866 1196 926 1227 καὶ
951 1198 1020 1227 τῶν
1040 1195 1273 1230 Μακεδόνων.
1347 1191 1535 1245 Appiani
1575 1190 1695 1231 deni·-

106 1273 189 1312 que
221 1260 511 1312 fragmentum
544 1261 598 1301 IV
637 1261 1010 1303 Macedonicorum
1050 1263 1284 1305 admodum
1325 1262 1607 1316 probabiliter
1639 1262 1695 1302 ad

105 1331 216 1371 hanc
258 1344 349 1372 ren]
391 1332 602 1373 referunt:
638 1335 783 1381 Ποιμήν
802 1334 962 1382 ὑπέσχετο
989 1337 1134 1382 στρατὸν
1149 1337 1305 1378 εὔζωνον
1329 1336 1428 1375 ἄξειν
1453 1334 1543 1369 ὁδὸν
1567 1334 1695 1380 (ἕτριβῆ

107 1406 218 1448 τρισὶν
244 1403 404 1451 ἡμέραις.
461 1402 573 1443 Nam
614 1405 655 1443 et
694 1406 843 1455 pastor
881 1404 1037 1445 milites
1077 1405 1299 1458 expeditos
1337 1417 1415 1457 per
1448 1404 1576 1444 calles
1607 1416 1693 1443 non

104 1472 226 1513 tritos
258 1472 419 1514 ducens
453 1475 495 1513 et
528 1473 694 1514 dierum
726 1487 932 1516 numerus
955 1475 1154 1516 convenit
1185 1489 1280 1516 cum
1304 1474 1410 1516 Livii
1430 1473 1691 1515 narratione.

220 1542 430 1593 Perfecto,
464 1544 578 1596 quod
612 1545 928 1596 quaerebamus,
969 1549 1116 1595 restat,
1165 1549 1212 1587 ut
1243 1545 1374 1595 Livio,
1417 1544 1489 1597 qui
1534 1545 1693 1596 praeter

103 1615 267 1654 ceteros
299 1614 393 1655 haec
424 1615 548 1656 nobis
582 1615 810 1667 expedivit,
844 1617 1028 1668 gratiam
1055 1617 1253 1669 exiguam
1282 1616 1536 1664 referamus,
1570 1627 1691 1655 men-

103 1684 205 1725 dum
249 1697 300 1725 ex
343 1685 433 1726 eius
476 1685 618 1726 verbis
662 1686 705 1726 in
747 1686 829 1727 hac
860 1688 1107 1728 narratione
1139 1688 1351 1729 tollentes.
1414 1686 1525 1727 Nam
1558 1698 1690 1738 quum

102 1755 226 1807 plura
258 1755 301 1796 in
332 1755 398 1797 his
432 1756 657 1808 capitibus,
692 1758 879 1797 maxime
911 1758 954 1798 in
986 1758 1106 1799 initio
1139 1771 1174 1799 c.
1206 1758 1276 1807 XI,
1320 1770 1458 1810 nuper
1490 1770 1512 1797 e
1546 1756 1690 1797 codice

103 1825 412 1879 Bambergensi
444 1828 611 1880 egregie
642 1827 841 1868 restituta
873 1829 970 1877 sint,
1004 1841 1138 1869 unum
1171 1829 1215 1869 in
1239 1828 1310 1869 illo
1335 1829 1474 1881 capite
1499 1830 1690 1868 extremo

100 1895 296 1936 relictum
330 1899 395 1937 est
426 1897 645 1947 mendum,
680 1898 799 1939 cuius
831 1898 1007 1939 tollendi
1039 1899 1152 1940 idem
1175 1899 1244 1940 ille
1268 1899 1403 1940 codex
1424 1899 1539 1939 viam
1560 1897 1690 1950 paulo

101 1966 325 2007 obscurius
371 1970 596 2009 monstrat.
667 1969 817 2009 Editur
865 1969 992 2019 enim,
1041 1972 1089 2010 ut
1134 1969 1178 2010 in
1224 1970 1424 2011 omnibus
1473 1968 1690 2010 codicibus

101 2036 274 2089 reliquis
307 2050 401 2078 esse
434 2038 627 2079 videtur:
677 2039 760 2079 His
797 2041 925 2093 copiis
969 2041 1029 2080 tta
1067 2040 1264 2092 dimissis,
1304 2053 1347 2080 eo
1381 2041 1576 2080 intentius
1608 2039 1689 2079 Ro-

103 2121 251 2148 manus
281 2108 464 2163 undique
504 2109 631 2150 instat
669 2111 765 2163 capt
799 2111 995 2151 stationes
1027 2109 1364 2163 (Macedonum).
1427 2110 1473 2151 In
1504 2111 1570 2151 his
1601 2110 1689 2162 pri-

101 2191 220 2219 mum
253 2179 457 2221 orationis
489 2179 716 2221 insolentia
749 2181 1027 2230 offendimur3
1071 2194 1174 2222 nam
1206 2184 1254 2222 ut
1285 2181 1502 2222 Romanus
1533 2180 1688 2221 intelli-

101 2251 248 2302 gatur,
303 2250 671 2302 quemadmodum
719 2251 957 2292 Gronovius
1013 2254 1055 2292 et
1101 2251 1475 2293 Drakenborchius
1523 2251 1686 2298 iubent,

101 2320 249 2361 consul
281 2320 517 2370 Quinctius,
551 2323 698 2362 tamen
729 2334 868 2374 neque
901 2322 1044 2363 Livius
1076 2335 1217 2376 neque
1241 2323 1434 2364 eiusdem
1459 2322 1685 2375 quisquam

101 2391 239 2431 aetatis
270 2391 314 2431 in
345 2405 474 2444 prosa
507 2392 699 2433 oratione
732 2391 856 2432 dixit:
906 2393 1010 2433 insto
1049 2393 1122 2433 lzoc
1157 2393 1265 2446 fieri,
1313 2395 1361 2434 ut
1400 2396 1534 2434 esset:
1584 2394 1688 2434 insto

101 2461 211 2514 aliis,
259 2466 303 2502 ut
340 2475 478 2502 eorum
519 2476 645 2516 opera
681 2462 755 2503 hoc
790 2463 880 2516 fi'at,
929 2476 1015 2504 non
1054 2464 1190 2516 magis
1223 2477 1372 2516 quam:
1420 2464 1583 2517 impello
1615 2463 1688 2504 hoc

96 2530 212 2583 fiem'3
254 2532 585 2585 longissimeque
620 2533 880 2574 disiunctum
915 2536 993 2584 est,
1028 2534 1143 2586 quod
1173 2534 1352 2575 Plautus
1385 2537 1428 2575 et
1460 2534 1686 2575 Terentius

101 2603 204 2643 insto
233 2602 396 2655 factum
429 2604 639 2653 dixerunt,
680 2606 728 2644 ut
758 2605 917 2645 instare
949 2607 1063 2646 esset
1100 2604 1355 2645 vehementer
1393 2603 1685 2657 (affirmando)

99 2673 351 2714 contendere.
414 2674 573 2714 Verum
606 2675 685 2715 etsi
717 2674 934 2715 Romanus
965 2675 1081 2728 apud
1114 2675 1278 2715 Livium
1311 2676 1528 2716 interdum
1560 2675 1685 2715 intel-

99 2743 241 2796 ligitur
272 2756 382 2785 unus
414 2744 662 2797 imperator,
695 2744 769 2785 ubi
801 2746 835 2786 is
870 2746 1108 2786 contrarius
1132 2746 1306 2798 ponitur
1327 2746 1515 2787 hostium
1548 2745 1683 2797 impe—

99 2814 231 2855 ratori
270 2813 388 2867 (nam
421 2815 463 2855 in
495 2828 580 2856 non
613 2816 761 2867 paucis
795 2828 847 2855 ex
886 2816 936 2856 iis
976 2816 1091 2865 locis,
1133 2816 1204 2868 qui
1245 2816 1301 2856 ad
1332 2817 1398 2866 IV,
1442 2816 1508 2865 10,
1549 2816 1574 2856 6
1608 2815 1685 2855 ad-

99 2883 245 2936 scripti
276 2887 388 2934 sunt,
421 2898 508 2926 non
530 2886 621 2937 ipse
644 2886 878 2937 imperator
901 2886 1033 2927 verbo
1056 2886 1331 2939 significatur,
1365 2886 1442 2927 sed
1472 2887 1683 2933 universe,

100 2954 215 3006 quod
247 2957 390 2995 actum
431 2958 508 3005 est,
557 2955 613 2996 ad
654 2955 875 2997 Romanos
917 2956 1133 3009 refertur),
1180 2957 1261 2998 hoc
1303 2960 1450 2997 tamen
1489 2956 1582 2997 loco
1625 2955 1684 2996 ita

1719 714 1770 738 295

1706 2755 1756 2781 296
