1915 3235
228 225 324 268 apud
350 225 464 258 bonos
490 235 563 257 non
591 223 769 267 reperitur
786 223 829 264 ΙΙ,
857 222 925 256 232

227 295 303 328 sqq.
368 283 557 317 Inclinatio
603 283 648 316 ad
695 293 778 316 eum
817 293 925 316 usum

227 342 325 385 (cum
343 343 550 383 indicativo,
578 342 623 375 ab
643 341 817 375 Hadriani
837 345 926 375 tem-

226 413 324 446 pore,
351 401 453 436 initio
472 400 591 437 rarus)
608 401 680 434 ibd.
725 402 825 442 Quod
846 411 926 444 pro-

226 461 430 505 pinquitate
469 461 627 505 quadam
667 461 842 494 accedens
880 460 926 494 ad

227 531 344 555 accus.
379 532 407 554 c.
434 520 496 554 inf.
524 520 566 560 ΙΙ,
599 518 679 553 234.
735 520 835 561 Quod
867 519 926 553 ad-

226 581 391 614 iunctum
411 579 447 613 in
466 578 614 613 notione
640 578 843 612 distinctius
869 588 926 611 ex-

226 638 394 682 plicanda
420 638 462 679 ΙΙ,
489 637 569 672 236.

184 699 300 740 Quum
332 697 489 731 relatum
527 698 571 731 ad
610 696 828 741 hypothesin
866 696 927 729 ali—

227 767 338 800 quam
367 755 452 797 1903
479 756 732 789 adiunctivum
759 754 828 788 515
851 758 926 789 not.

228 816 267 849 In
294 815 403 849 modo
430 813 581 849 actionis
615 814 850 858 significando
884 814 926 855 II,

226 876 258 908 8.
321 874 410 908 Cum
450 874 646 908 indicativo
691 873 927 908 coniunctum

229 932 295 967 748
305 932 333 968 *.

184 994 301 1036 Quum
326 998 455 1033 tamen,
482 991 517 1026 id
544 994 597 1026 est
619 1002 732 1036 paene,
759 997 790 1025 et
810 997 928 1025 tamen

227 1052 269 1093 ΙΙ,
297 1051 377 1085 329.

523 1205 576 1246 R.

179 1290 351 1322 Recedere
377 1300 398 1322 α
423 1289 544 1331 yladio
574 1286 641 1319 124
669 1298 745 1331 sqq.

179 1349 282 1382 Recte
302 1352 422 1391 putat,
456 1358 529 1381 non
556 1348 697 1381 ratione
716 1351 826 1390 putat
859 1345 928 1379 332

228 1410 301 1441 not.

179 1468 309 1500 Rectus
320 1466 414 1499 male
429 1465 665 1499 substitutum
682 1476 746 1508 pro
762 1475 814 1505 eo,
831 1465 927 1508 quod

228 1529 282 1559 est
307 1530 417 1559 tectus
442 1525 485 1565 ΙΙ,
513 1523 592 1564 317,
619 1523 688 1556 318
714 1527 788 1557 not.

179 1586 327 1628 Referre
352 1584 571 1618 translatum
600 1594 621 1616 a
646 1594 756 1617 scena
780 1582 860 1617 360.

179 1646 368 1687 Refrt'care
404 1644 612 1677 memoriam
645 1645 709 1683 rei,
747 1653 820 1676 non
852 1654 927 1676 rem

226 1702 308 1736 405.

180 1762 246 1796 Rei
291 1761 444 1806 publicae
491 1761 667 1795 Romanae
714 1761 927 1805 compositio

228 1820 297 1854 220
322 1832 411 1865 sqq..
438 1820 507 1853 ’223
533 1832 611 1864 sqq.

181 1880 388 1914 Relativum
422 1890 624 1923 pronomen
657 1879 726 1913 alio
762 1890 848 1913 casu
883 1890 928 1912 ex

228 1939 445 1983 praecedenti
480 1938 756 1982 intelligendum
783 1939 825 1979 ΙΙ,
860 1937 927 1970 177

229 1998 571 2039 (demonstrativum
611 1998 849 2031 substitutum
883 1998 926 2034 II⁷

230 2057 328 2098 178>;
357 2057 482 2091 durius
508 2068 695 2091 annexum
720 2057 762 2097 ΙΙ,
790 2056 870 2090 328.

180 2118 352 2160 Reliquas
378 2117 552 2150 omissum
580 2115 659 2149 339.

180 2177 249 2209 Res
275 2176 464 2219 pluraliter
489 2186 555 2219 pro
581 2175 754 2218 singulari
780 2174 860 2209 407.

180 2236 366 2269 Romanus
393 2238 516 2268 utrum
536 2234 734 2277 imperator
751 2234 856 2268 Rom.
881 2245 927 2268 an

228 2305 292 2337 pro
319 2293 494 2327 Romanis
520 2293 563 2334 ΙΙ,
590 2292 669 2327 296.

181 2354 304 2386 Ricina
329 2355 384 2385 rei
404 2364 442 2396 p.
469 2353 513 2386 de
540 2352 688 2386 homine
715 2351 794 2386 489.

181 2411 218 2444 P.
246 2411 405 2445 Rutilius
438 2411 556 2445 Rufus
585 2411 706 2445 Graece
738 2411 927 2445 historiam

229 2470 372 2513 scripsit
401 2469 442 2502 21
471 2473 544 2504 not.

533 2623 575 2663 S.

182 2705 342 2739 Sallustii
368 2705 447 2738 laus
474 2706 712 2748 temperanda
747 2708 782 2739 et
809 2705 928 2740 cautio

230 2764 434 2797 adhibenda
462 2764 505 2804 ΙΙ,
531 2763 610 2797 348.
661 2764 746 2797 Eius
773 2767 808 2798 et
834 2764 928 2798 Cice-

230 2823 327 2856 ronis
352 2823 389 2856 in
416 2822 517 2856 Catil.
540 2823 552 2855 1
580 2822 755 2856 dissensio
781 2823 817 2856 in
841 2827 929 2857 tem-

229 2882 327 2926 poris
353 2881 539 2916 notatione
566 2881 608 2923 ΙΙ,
635 2880 714 2915 349.

185 2941 328 2974 Saltare
354 2939 409 2974 58.

937 94 1020 136 768

1037 224 1142 267 Sane,
1169 225 1362 258 mehercule
1387 235 1473 258 sane
1499 225 1542 266 II,
1570 223 1647 258 163.

1037 284 1206 317 Scindere
1232 289 1346 317 artem
1376 284 1551 318 Theodori
1576 283 1631 317 60.

1035 343 1244 376 Scribarum
1270 353 1347 376 sors
1373 342 1416 382 ΙΙ,
1442 342 1521 376 346.

1037 402 1172 442 Scribo,
1200 401 1235 435 id
1262 404 1326 442 est,
1352 402 1463 434 scribi
1487 402 1586 436 iubeo
1611 401 1691 435 365.

1038 462 1107 495 Sed
1138 461 1233 494 male
1271 460 1430 504 positum
1467 460 1504 493 in
1542 460 1697 495 transitu
1735 461 1780 494 ad

1083 520 1305 554 contrarium
1334 518 1412 553 138.

1036 579 1229 613 Senatores
1262 579 1366 612 Rom·
1406 578 1606 622 antiquitus
1644 590 1780 623 equum

1083 638 1270 682 publicum
1296 638 1482 671 habebant
1508 640 1543 671 et
1561 637 1597 671 in
1616 637 1781 681 equitum

1083 697 1256 731 centuriis
1295 700 1398 730 erant
1439 695 1481 729 74
1508 708 1597 740 sqq,
1632 696 1675 729 77
1702 708 1780 741 sqq.

1084 756 1263 790 Mutatum
1289 759 1415 799 postea
1443 755 1497 797 76,
1523 755 1579 796 82,
1606 754 1661 790 85.

1037 815 1248 850 Senatorius
1275 826 1404 849 census
1433 814 1476 847 78
1501 826 1578 858 sqq.

1037 874 1182 908 Senecae
1217 873 1318 918 epist.
1353 874 1464 907 editio
1491 874 1781 918 Schweighause-

1084 932 1186 967 riana
1212 933 1254 974 ΙΙ,
1281 932 1350 965 205
1376 936 1449 966 not.

1038 993 1240 1026 Sententias
1265 994 1379 1026 dicere
1404 991 1484 1025 466.

1038 1052 1124 1086 Sero
1151 1057 1210 1092 est,
1237 1051 1272 1085 id
1300 1055 1364 1092 est,
1391 1063 1510 1085 serum
1536 1050 1604 1085 158
1629 1055 1703 1086 not.

1039 1112 1081 1144 Si
1105 1111 1280 1144 omissum
1308 1109 1362 1144 54.
1414 1111 1543 1151 Metuo,
1575 1112 1608 1144 si
1632 1111 1675 1152 II,
1702 1110 1781 1145 100.

1039 1171 1194 1213 Βέροιαν-ε
1220 1172 1258 1203 in
1282 1171 1388 1212 falso,
1422 1172 1586 1213 signator
1617 1173 1656 1204 in
1686 1171 1782 1213 falso

1084 1240 1157 1263 non
1184 1229 1315 1263 dicitur
1339 1228 1386 1261 40
1411 1231 1485 1263 not.

1038 1288 1326 1332 Significationes
1358 1290 1462 1322 tectae
1494 1292 1599 1322 caute
1632 1288 1670 1322 in
1700 1299 1782 1333 poe-

1084 1351 1206 1381 tarum
1239 1347 1409 1391 operibus
1442 1347 1701 1392 investigandae
1725 1347 1781 1389 30,

1084 1406 1129 1440 33
1156 1418 1244 1450 sqq,
1271 1405 1317 1439 40
1343 1418 1432 1450 sqq,
1460 1406 1504 1439 64
1531 1418 1607 1451 sqq.

1041 1467 1124 1500 Sine
1167 1468 1334 1500 restituta
1365 1471 1538 1509 potestate
1581 1477 1663 1510 pro:
1710 1468 1784 1500 nisi

1084 1530 1166 1559 rest.
1188 1530 1263 1568 pot.
1290 1524 1517 1558 rarissimum
1544 1525 1585 1566 ΙΙ,
1612 1524 1692 1560 235.

1037 1584 1074 1618 L.
1103 1584 1264 1618 Sisennae
1291 1587 1377 1617 aetas
1404 1584 1472 1617 100
1497 1587 1570 1618 not.

1040 1645 1136 1678 Socii
1160 1644 1343 1677 interdum
1371 1644 1543 1687 appellati
1577 1643 1672 1678 cives
1706 1643 1782 1677 sine

1085 1703 1256 1747 suffragio
1283 1702 1351 1736 238
1378 1706 1450 1736 not.
1504 1704 1690 1737 Sociorum
1722 1713 1782 1737 no-

1085 1773 1169 1796 men
1196 1765 1363 1796 accurate
1389 1762 1547 1806 positum
1574 1761 1654 1796 363.

1040 1822 1178 1856 Sonare
1205 1833 1337 1865 mayna
1363 1821 1405 1863 ΙΙ,
1434 1821 1511 1855 179.

1038 1882 1127 1915 Sora
1153 1880 1222 1914 268
1248 1883 1322 1914 not.

1038 1940 1185 1984 Spuere,
1213 1943 1360 1983 sputum
1389 1943 1515 1973 contra
1538 1939 1717 1973 fascinum
1748 1941 1782 1972 et

1084 1999 1260 2032 invidiam
1287 1999 1328 2039 ΙΙ,
1358 1998 1425 2032 180
1450 2002 1524 2033 not.

1039 2059 1079 2092 St
1105 2059 1176 2092 vid.
1204 2060 1279 2092 Est.

1039 2119 1165 2152 Statue
1192 2129 1244 2151 me
1271 2122 1489 2152 contemnere
1515 2127 1587 2150 non
1611 2116 1782 2150 Latinum

1084 2176 1163 2211 5n3.

1038 2235 1213 2280 Stipendii
1258 2235 1434 2269 militibus
1481 2234 1644 2268 solvendi
1692 2234 1781 2268 anti-

1085 2295 1261 2339 quissima
1288 2294 1380 2328 ratio
1406 2294 1449 2335 ΙΙ,
1476 2292 1544 2326 259
1571 2304 1648 2337 sqq.

1039 2354 1152 2388 Subeo
1179 2356 1337 2388 orationi
1361 2352 1440 2387 330.

1038 2413 1196 2447 Subiecti
1229 2411 1455 2457 grammatici
1489 2411 1526 2445 in
1563 2411 1781 2445 sententiam

1084 2471 1338 2506 secundariam
1365 2471 1528 2505 traiectio
1554 2469 1609 2504 51.

1039 2531 1230 2564 Sublevare
1249 2532 1474 2573 offensionem
1492 2540 1603 2574 prave
1621 2529 1781 2573 positum

1084 2590 1126 2631 ΙΙ,
1153 2589 1232 2622 286.

1040 2649 1211 2682 Sub-sidia
1237 2654 1434 2692 temporum
1459 2658 1571 2691 prave
1596 2647 1639 2688 II,
1666 2645 1745 2681 153.

1039 2707 1128 2740 Sum>
1154 2705 1248 2748 (est);
1277 2707 1320 2740 de
1348 2707 1424 2740 eius
1450 2706 1570 2750 positu
1596 2706 1638 2747 ΙΙ,
1665 2704 1744 2740 269.

1040 2766 1127 2799 Sum
1153 2768 1185 2798 et
1211 2767 1270 2808 fui
1296 2765 1331 2798 in
1357 2765 1508 2809 passivis
1534 2765 1576 2806 ΙΙ,
1609 2763 1677 2798 218
1703 2775 1780 2808 sqq.

1040 2824 1127 2857 Sum
1153 2829 1288 2858 oeterna
1311 2826 1430 2867 yloria
1457 2823 1535 2858 193.

1040 2884 1238 2926 Supersunt
1263 2882 1342 2916 462.

1040 2942 1180 2975 Sustuli
1205 2952 1226 2974 a
1251 2944 1382 2985 suffero
1408 2941 1487 2976 202.
