1915 3235
833 162 917 204 599

82 294 292 337 Asconius
323 296 451 335 vocat
491 293 547 334 ad
579 296 687 352 orat.
721 292 846 334 Corn.
880 306 921 345 p.
955 292 1009 333 98
1043 291 1158 341 Hot.,
1206 292 1264 333 ad
1301 291 1498 333 tribunos
1539 291 1669 333 etiam

83 365 256 407 aerarios
304 377 402 405 eam
450 363 783 416 appellationem
831 362 1178 413 accommodans,
1227 363 1344 416 quod
1388 362 1493 404 facit
1540 362 1671 404 etiam

81 437 338 489 personatus
370 433 598 475 Sallustius
640 433 683 475 in
724 433 907 487 epistola
950 433 1038 473 sive
1082 433 1397 474 declamatione
1441 432 1578 474 altera
1617 433 1670 475 de

82 505 324 548 ordinanda
365 517 411 546 re
454 504 574 558 publ.
609 517 644 545 c.
678 504 718 545 3.
787 501 894 544 Haec
935 504 1019 544 tria
1061 503 1251 544 iudicum
1295 516 1453 556 genera
1484 503 1674 545 servavit

83 577 158 618 Cn.
190 576 435 629 Pompeius,
470 589 602 628 quum
634 575 791 616 iterum
821 574 968 615 consul
991 573 1048 626 (a.
1072 572 1145 626 55)
1177 573 1316 626 legem
1347 574 1445 616 tulit
1476 574 1529 615 de
1560 574 1672 615 iudi-

83 647 169 698 ciis,
218 659 349 700 quam
389 646 537 688 Cicero
575 646 619 686 in
658 646 852 687 oratione
892 644 936 685 in
973 644 1175 686 Pisonem
1209 657 1243 685 c.
1277 644 1346 695 39,
1387 645 1443 685 94
1483 656 1672 686 comme-

81 720 223 759 morat
254 720 297 759 et
328 716 385 758 ad
416 729 514 757 eum
547 716 688 758 locum
709 715 921 756 Asconius
934 710 982 767 1),
1015 714 1086 767 qui
1110 713 1343 759 ostendunt
1365 727 1461 756 eam
1484 715 1672 756 maxime

83 801 133 829 eo
165 790 399 841 spectasse,
447 790 496 828 ut
538 787 780 840 diligentius
823 788 866 827 et
908 786 1088 827 certiore
1130 786 1295 827 ratione
1339 798 1392 827 ex
1432 786 1498 826 his
1536 785 1674 827 tribus

85 858 306 899 ordinibus
353 858 549 899 homines
597 858 639 899 in
686 859 834 899 album
874 857 1063 898 iudicum
1102 856 1359 899 selectorum
1398 856 1674 906 referrentur,

83 942 216 982 quum
265 930 394 970 antea
440 929 484 969 in
523 941 575 969 ea
616 942 662 969 re
694 929 830 970 libera
877 928 1074 981 praetoris
1121 927 1290 976 urbani,
1338 926 1466 968 iurati
1513 929 1674 976 tamen,

177 1105 340 1139 tribunos
381 1104 526 1138 aerarios
567 1103 739 1138 omittens
765 1102 1105 1147 [quemadmodum
1137 1102 1245 1137 etiam
1279 1102 1364 1136 facit
1395 1114 1459 1147 pro
1491 1103 1593 1137 Font.
1620 1102 1676 1145 16,

177 1160 249 1206 36].
299 1163 455 1197 Eosdem
481 1163 616 1197 omittit
641 1163 799 1197 Velleius
824 1163 867 1203 ΙΙ,
893 1158 938 1195 32
971 1161 1092 1205 (Cotta
1125 1162 1312 1195 iudicandi
1335 1173 1467 1195 munus
1492 1162 1679 1205 aequaliter

179 1225 269 1256 inter
294 1227 485 1266 utrumque
510 1224 682 1264 ordinem,
708 1225 877 1256 senatum
903 1225 938 1255 et
956 1221 1107 1265 equites,
1128 1222 1293 1263 partitus
1317 1219 1383 1264 est)
1409 1224 1444 1254 et
1461 1220 1678 1255 Plutarchus

176 1281 302 1326 Pomp.
329 1280 385 1322 22,
425 1281 486 1324 qui
524 1281 706 1325 equitibus
743 1280 884 1315 reddita
921 1279 1054 1314 iudicia
1091 1279 1213 1313 scribit
1250 1275 1328 1320 (τάς
1367 1278 1468 1315 δίκας
1505 1278 1679 1323 περιεῖδεν

177 1335 286 1376 αὖθις
311 1339 358 1375 εἷς
390 1336 469 1375 τούς
500 1339 626 1375 ἱππέας
659 1336 756 1384 νόμῳ
790 1340 1091 1383 μεταφερομένας,
1147 1337 1334 1372 Ernestius
1370 1338 1408 1372 in
1444 1338 1518 1372 ind.
1556 1338 1679 1382 legum

176 1399 266 1433 mire
292 1399 368 1433 haec
395 1399 506 1432 verba
531 1399 577 1432 ad
603 1409 684 1433 eam
710 1399 828 1442 legem
855 1398 976 1438 refert,
1004 1408 1115 1441 quam
1141 1396 1337 1441 Pompeius
1362 1397 1399 1433 in
1418 1397 1579 1431 secundo
1598 1408 1679 1431 con-

176 1458 297 1492 sulatu
322 1454 430 1498 tulit).
482 1457 681 1491 Asconium
707 1456 985 1501 suppositicium
1020 1456 1065 1493 ad
1096 1456 1173 1490 init.
1201 1456 1279 1490 Act.
1307 1456 1321 1489 I
1346 1455 1383 1489 in
1409 1456 1508 1490 Verr.
1537 1455 1583 1500 (p.
1610 1455 1678 1489 127

176 1517 235 1552 Or.
267 1518 368 1552 Cotta
393 1517 501 1559 leqem
520 1517 778 1559 promulqa7·at
803 1517 844 1550 de
876 1517 1105 1549 restituendis
1135 1516 1281 1549 iudiciis
1306 1517 1461 1558 equestri
1485 1513 1620 1558 ordini)
1644 1519 1681 1550 et

176 1576 408 1610 scholiastam
441 1575 713 1610 Gronovianum
747 1576 792 1609 ad
824 1575 902 1608 Act.
930 1575 961 1615 I,
996 1574 1013 1606 1
1048 1573 1098 1618 (p.
1124 1573 1193 1607 386
1225 1572 1310 1616 Or.)‚
1349 1573 1411 1617 qui
1441 1574 1566 1618 paucis
1598 1577 1681 1618 post

178 1635 341 1670 versibus
367 1634 531 1668 tribunos
557 1635 668 1676 addit,
707 1646 780 1669 non
814 1645 911 1675 curo,
950 1644 995 1668 ne
1021 1632 1187 1667 Tacitum
1214 1633 1372 1676 quidem,
1412 1633 1473 1676 qui
1499 1633 1593 1668 Ann.
1620 1633 1678 1675 XI,

175 1693 221 1726 <22
247 1705 325 1728 rem
350 1693 478 1727 leviter
504 1693 696 1737 attingens,
730 1694 870 1738 equites
897 1692 1029 1729 iudicia
1054 1702 1299 1735 recuperasse,
1331 1702 1464 1735 parum
1491 1691 1682 1736 diligenter

177 1752 311 1793 scribit,
350 1755 526 1796 tanquam
553 1752 628 1793 soli,
668 1755 708 1786 ut
735 1755 823 1786 ante
856 1752 1006 1790 Sullam,
1044 1750 1240 1792 tenuerint,
1278 1754 1341 1784 aut
1373 1750 1557 1794 epitomen
1590 1751 1682 1785 Livii

178 1811 260 1845 libri
285 1811 420 1845 XCVII.
472 1811 607 1845 Verum
635 1811 758 1846 Cicero
791 1811 900 1845 etiam
934 1811 971 1844 in
997 1809 1167 1851 VerriniS,
1201 1820 1282 1853 quae
1313 1809 1446 1853 partim
1472 1812 1552 1844 tum
1577 1810 1682 1844 dictae

178 1873 282 1910 sunt,
323 1880 438 1914 quum
475 1869 533 1904 lex
571 1869 683 1904 Cottae
722 1870 1017 1914 exspectabatur,
1054 1869 1187 1913 partim
1226 1872 1304 1903 tum
1343 1868 1447 1902 dictae
1483 1868 1680 1912 finguntur,

179 1940 292 1973 quum
325 1928 382 1962 lex
414 1928 643 1972 promulgata
674 1933 779 1970 esset,
817 1939 891 1963 non
924 1928 1053 1969 solum,
1092 1927 1155 1961 ubi
1188 1927 1366 1968 universe,
1406 1928 1492 1971 quid
1524 1928 1682 1972 populus

179 1988 311 2032 cupiat,
338 1986 514 2031 significat
542 1986 712 2029 (Divinat.
739 1987 772 2029 3,
805 1987 848 2021 8:
887 1989 974 2022 ordo
1008 1998 1144 2030 quoque
1171 1987 1276 2027 alius,
1310 1989 1345 2019 et
1372 1986 1449 2021 Act.
1476 1987 1502 2028 Ι,
1530 1987 1586 2028 16,
1618 1986 1681 2021 49:

181 2048 293 2081 alium
325 2049 468 2081 omnino
500 2045 692 2089 ordinem),
731 2047 793 2080 sed
827 2047 936 2081 etiam
969 2046 1031 2080 ubi
1062 2045 1175 2090 ipsius
1206 2045 1293 2089 legis
1327 2049 1594 2089 argumentum,
1633 2046 1684 2080 ita

182 2105 353 2149 loquitur,
392 2109 567 2149 tanquam
596 2105 640 2139 de
667 2105 751 2139 solis
777 2105 959 2149 equitibus
986 2108 1124 2148 agatur,
1162 2115 1235 2138 non
1263 2105 1307 2138 de
1333 2104 1439 2138 tertio
1465 2104 1526 2138 illo
1552 2115 1683 2148 genere

183 2164 413 2198 tribunorum
441 2164 516 2206 (lib.
544 2164 586 2204 II,
616 2163 669 2205 71,
697 2163 776 2205 174,
802 2164 843 2205 V,
878 2163 933 2205 69,
968 2163 1047 2205 177,
1081 2164 1240 2197 maxime
1266 2167 1390 2197 autem
1416 2164 1475 2205 ΙΙΙ,
1508 2163 1563 2204 96,
1596 2162 1682 2197 223:

178 2235 254 2258 rem
281 2224 464 2267 publicam
497 2225 621 2257 sistere
652 2228 759 2266 neyat
784 2234 907 2266 posse,
944 2224 1019 2256 nisi
1049 2223 1097 2257 ad
1129 2227 1323 2267 equestrem
1355 2224 1517 2257 ordinem
1546 2224 1683 2256 iudicia

181 2281 415 2326 referantur).
466 2282 552 2316 Haec
578 2293 689 2326 quam
715 2282 993 2326 explicationem
1018 2281 1189 2322 habeant,
1215 2281 1323 2325 paulo
1350 2284 1431 2325 post
1457 2281 1606 2316 dicetur.

127 2339 156 2384 1)
183 2341 364 2376 Ciceronis
390 2342 467 2375 haec
492 2341 603 2375 verba
629 2344 730 2375 sunt:
769 2341 910 2384 Ecquid
933 2341 1041 2383 vides,
1079 2341 1203 2384 ecquid
1234 2341 1353 2383 sentis,
1391 2341 1462 2384 leye
1487 2342 1684 2374 iudiciaria

185 2402 277 2444 lata,
318 2411 405 2444 quos
430 2401 582 2443 posthac
613 2401 747 2433 iudices
779 2402 892 2433 simus
925 2400 1111 2433 habituri?
1158 2399 1238 2433 Non
1269 2410 1366 2442 oeque
1397 2397 1516 2441 (scrib.
1551 2396 1683 2443 Neque)

181 2461 325 2503 leyetur,
364 2461 527 2503 quisquis
564 2460 724 2501 voluerit,
762 2469 834 2501 nec,
872 2459 1036 2502 quisquis
1072 2459 1237 2498 noluerit,
1275 2469 1346 2491 non
1383 2458 1526 2501 leyetur.
1585 2459 1688 2492 Nulli

183 2520 417 2552 coniicientur
441 2520 480 2551 in
505 2519 608 2551 illum
633 2519 805 2560 ordinem,
832 2517 924 2550 nulli
948 2518 1166 2558 eximentm·;
1189 2528 1262 2551 non
1287 2517 1432 2551 ambitio
1451 2519 1498 2551 ad
1513 2518 1684 2560 qratiam,

182 2589 254 2611 non
278 2578 453 2621 iniquitas
479 2579 527 2611 ad
553 2577 816 2611 simulationem
842 2577 1058 2610 coniicietur.
1099 2575 1199 2616 (Haec
1225 2579 1388 2610 extrema
1413 2579 1583 2620 corrupta
1608 2586 1685 2609 esse

183 2639 349 2680 apparet;
377 2636 582 2670 emendatio
610 2634 806 2679 probabilis
832 2634 996 2668 nondum
1023 2638 1166 2678 reperta
1190 2633 1270 2676 est.)
1310 2635 1450 2669 Iudices
1474 2635 1688 2669 iudicabunt

184 2697 221 2738 ii,
254 2706 341 2739 quos
366 2696 422 2728 lex
449 2697 539 2738 ipsa,
572 2705 643 2728 non
669 2704 756 2737 quos
780 2694 964 2728 hominum
988 2693 1096 2728 libido
1122 2694 1297 2737 deleqert't.
1348 2693 1524 2727 Asconius
1550 2696 1685 2735 autem,

186 2754 387 2797 Pompeius,
427 2753 556 2797 inquit,
588 2753 845 2796 promulyavit,
883 2756 923 2785 ut
960 2753 1182 2795 amplissimo
1219 2763 1262 2786 ex
1300 2763 1405 2786 censu
1438 2764 1481 2786 ex
1515 2753 1687 2786 centuriis

185 2813 290 2846 aliter
315 2817 419 2856 atque
445 2817 526 2846 ante
551 2813 631 2845 lecti
654 2812 799 2854 iudices,
833 2822 929 2854 oeque
954 2816 1073 2844 tamen
1097 2822 1141 2845 ex
1165 2812 1238 2844 illis
1264 2811 1380 2844 tribus
1405 2812 1602 2851 ordinibus,
1628 2821 1688 2844 res

185 2872 397 2905 iudicarent.
449 2870 529 2914 Qua
553 2870 694 2905 ratione
720 2881 763 2903 ex
788 2871 960 2903 centuriis
991 2870 1075 2904 lecti
1108 2870 1191 2911 sint,
1229 2880 1302 2904 non
1334 2869 1458 2913 liquet.
1509 2866 1566 2911 [In
1592 2868 1687 2902 Cice—

186 2929 283 2963 ronis
315 2930 393 2964 loco
425 2930 658 2964 scribendum
691 2938 785 2963 esse:
823 2939 895 2962 non
935 2930 1108 2972 iniquitas
1145 2930 1193 2962 ad
1224 2929 1483 2962 aemulationem
1515 2929 1690 2961 conitetur

187 2987 260 3021 dixi
285 2988 377 3022 Adv.
404 2988 488 3022 Crit.
515 2988 564 3022 III
590 2999 624 3032 p.
652 2985 748 3030 148]

1693 725 1745 751 245
