1915 3235
1011 111 1095 153 708

250 286 300 327 ΙΙ.
364 286 577 339 Euripidis
617 287 771 328 Electr.
813 287 918 337 236,
958 287 1046 329 Ion.
1081 287 1166 329 553
1206 291 1249 330 et
1287 288 1384 339 750,
1425 289 1554 330 Herc.
1594 289 1692 331 Fur.
1736 291 1847 332 1318

646 371 739 410 sqq.
773 356 944 411 (Matth.
979 356 1113 410 [1349
1147 372 1240 412 sqq.
1273 358 1453 412 Dind.]).

370 462 413 516 α)
446 463 601 505 Electr.
635 463 721 505 235
754 466 796 505 et
829 464 935 506 236:

534 566 608 600 Ἦλ.
660 566 784 613 Λόγον
810 568 849 601 δὲ
876 567 921 610 δή
949 567 1014 602 τίν’
1039 566 1146 611 ἦλθες
1171 569 1209 603 ἐκ
1235 574 1353 603 κείνου
1380 572 1516 614 ᾳὲρων;

535 625 603 672 Ὄρ.
657 628 705 660 Εἶ
730 628 786 673 ζῇς
812 626 900 660 ὅπου
926 640 961 661 ’τε
989 630 1082 668 ζῶσα
1109 626 1297 674 συμᾳορτές
1323 629 1422 674 ἔχεις.

250 723 319 764 Sic
341 723 523 764 codices,
571 722 716 773 Quun]
737 727 827 761 ὅπου
854 727 1041 773 συμφοράς
1067 729 1160 773 ἔχεις
1192 729 1304 774 (ἔχειν
1329 727 1520 775 συμφοράν
1546 731 1627 773 που)
1660 739 1739 768 ΠΕΟ
1774 739 1851 779 per

250 807 297 836 se
328 797 495 836 rectum
529 795 584 836 sit
614 808 706 846 nec,
748 796 783 836 si
822 798 938 837 recte
978 796 1204 846 diceretur,
1249 801 1401 849 aptum
1436 798 1549 838 esset
1581 795 1653 850 (—
1689 797 1849 850 signifi-

251 867 370 906 caret
402 866 537 907 enim:
578 871 614 907 et
646 881 729 921 qua
753 872 881 921 parte
914 866 1088 916 labores,
1121 866 1377 920 interrogari
1411 870 1557 909 autem
1591 868 1723 909 debet
1755 868 1849 909 uni-

249 949 373 977 verse
407 936 460 977 de
494 937 749 979 condicione
782 938 976 987 Electrae,
1010 938 1045 979 si
1076 938 1206 979 modo
1238 939 1282 979 in
1314 939 1421 979 vivis
1449 939 1503 980 sit
1526 936 1615 991 —),
1649 939 1850 981 Elmsleio

249 1007 525 1049 scribendum
558 1008 699 1050 Visum
733 1011 817 1050 est:
850 1012 946 1051 ὅπως
978 1025 1010 1046 τε
1037 1014 1130 1052 ζῶσα
1157 1017 1344 1059 συμφορᾶς
1370 1015 1473 1060 ἔχεις,
1508 1023 1604 1063 quae
1636 1011 1851 1052 sententia

248 1090 353 1120 vera
385 1081 463 1129 est,
512 1080 718 1122 orationis
761 1080 904 1122 forma
946 1083 1069 1130 nota;
1118 1081 1195 1122 sed
1237 1094 1393 1134 parum
1432 1081 1693 1134 intelligitur,
1743 1094 1850 1134 quo-

247 1149 378 1191 modo
427 1163 479 1191 ex
520 1153 614 1192 ὅπως
644 1151 809 1193 factum
851 1152 905 1193 sit
944 1154 1032 1188 ὅπου
1076 1152 1120 1193 in
1163 1165 1320 1205 genere
1362 1152 1605 1204 praesertim
1647 1151 1850 1205 loquendi

248 1232 335 1262 non
367 1222 525 1274 ignoto.
588 1223 738 1276 Itaque
770 1222 1038 1276 probabilius
1070 1223 1297 1272 scribatur,
1346 1235 1433 1264 una
1472 1222 1615 1264 littera
1654 1223 1849 1264 codicum

249 1291 474 1345 scripturae
507 1294 750 1335 subtracta:

533 1398 584 1430 Εἷ
608 1399 664 1443 ζῇς
689 1395 777 1430 ὅπου
801 1409 834 1431 ιε
862 1399 955 1437 ζῶσα
982 1400 1172 1443 συμφορᾶς
1197 1398 1301 1443 ἔχει,

248 1494 291 1534 11.
325 1506 375 1543 e.,
418 1507 495 1548 quo
524 1494 711 1547 fortunoe
750 1494 834 1535 loeo
873 1494 1095 1535 constituta
1133 1495 1192 1535 sis
1224 1492 1438 1547 (teneare),
1480 1494 1849 1547 quemadmodum

248 1563 484 1617 Sophocles
529 1565 653 1606 dixit:
703 1568 800 1614 ὁρᾷς,
827 1568 876 1602 ι”ν1
902 1568 936 1602 εἷ
958 1573 1081 1609 κακοῦ,
1124 1567 1185 1606 et:
1234 1572 1302 1602 ποῦ
1328 1566 1405 1602 ποτ’
1431 1569 1503 1614 εἰμὶ
1528 1567 1759 1615 πράγματοςς
1809 1568 1851 1607 et

247 1637 397 1683 ἔχεσθαι
428 1639 469 1673 ἐν
494 1642 615 1677 κακοῖς
647 1641 689 1677 et
727 1636 896 1678 similia.
960 1636 1101 1687 Quam
1142 1636 1268 1678 facile
1293 1641 1377 1686 ἔχει,
1420 1636 1537 1688 quod
1574 1637 1713 1678 tertiae
1750 1650 1850 1689 per-

249 1718 367 1747 sonae
406 1706 559 1748 activae
601 1707 791 1760 speciem
835 1707 979 1749 animo
1023 1707 1266 1758 obiiciebat,
1315 1709 1413 1761 post
1454 1713 1511 1757 ζῇς
1549 1708 1733 1749 transire
1771 1721 1850 1761 po-

248 1777 379 1818 tuerit
410 1777 454 1818 in
479 1782 581 1827 ἔχεις,
617 1779 897 1832 perspicuum
929 1781 1007 1820 est.

369 1882 408 1937 b)
440 1884 529 1926 Ion.
563 1885 663 1926 553.
727 1886 803 1927 Ion
835 1899 888 1927 ex
920 1886 1067 1927 Xutho
1100 1885 1274 1938 quaerit:

534 1989 715 2034 Προξένου
744 1987 782 2023 δ’
807 1989 846 2024 ἕν
869 1992 917 2035 τῷ
942 1993 1126 2035 κατέσχες

246 2084 415 2135 Nescio,
450 2086 523 2138 qui
555 2086 719 2127 factum
752 2087 819 2136 sit,
853 2089 901 2128 ut
922 2088 1004 2128 hoc
1027 2086 1213 2128 editores
1247 2087 1408 2128 ferrent
1440 2098 1491 2126 ac
1522 2083 1643 2125 taciti
1669 2086 1849 2136 praeter-

248 2154 380 2205 irent3
427 2156 510 2209 ipsi
549 2157 677 2207 enim,
719 2157 884 2210 opinor,
926 2156 1200 2208 mirarentur,
1244 2158 1280 2199 si
1319 2156 1414 2210 quis
1454 2155 1538 2197 alio
1569 2156 1767 2207 tempore
1799 2154 1848 2196 iis

247 2228 458 2277 narraret,
493 2227 642 2268 Graece
675 2227 757 2269 diei
779 2223 1007 2277 nccrsxass‘v
1041 2233 1210 2277 προξένῳ,
1242 2231 1291 2270 ut
1316 2226 1650 2281 significaretur:
1685 2225 1849 2267 deverti

248 2296 305 2337 ad
336 2296 566 2350 hospitem,
600 2301 688 2349 aut,
733 2299 850 2352 quod
882 2298 1076 2340 eiusdem
1108 2312 1285 2352 prorsus
1318 2297 1486 2351 generis
1520 2298 1598 2346 est,
1637 2298 1850 2345 μανθάνειν

247 2370 287 2404 ἐν
313 2375 508 2417 κιθαριστῇ
539 2367 635 2421 (pro
674 2373 713 2407 ἐν
744 2369 992 2423 κιθαριστοῦ).
1062 2371 1116 2412 Et
1153 2373 1315 2420 tamen,
1358 2368 1441 2409 nisi
1480 2367 1563 2408 hOC
1603 2367 1847 2417 StatUhnUS,

248 2438 367 2480 nulla
398 2439 582 2488 illorum,
624 2453 719 2493 quae
759 2441 897 2494 posui,
937 2442 1171 2483 verborum
1213 2439 1429 2483 sententia
1462 2439 1547 2486 est;
1587 2450 1690 2478 nam
1722 2439 1769 2479 ut
1801 2444 1850 2487 τῷ

248 2511 402 2550 neutro
455 2523 611 2563 genere
666 2512 923 2565 accipiatur,
977 2512 1070 2554 fieri
1125 2513 1300 2554 omnino
1354 2509 1524 2562 nequit;
1583 2508 1677 2560 quis
1734 2508 1849 2549 enim

248 2585 429 2628 προξένων
454 2596 487 2617 τι
522 2593 599 2633 pro
633 2581 762 2623 domo
794 2583 940 2635 aliqua
971 2583 1190 2636 hospitum
1235 2583 1397 2624 dictum
1438 2579 1520 2621 sibi
1558 2579 1848 2631 persuadeat?

248 2649 383 2691 Video
422 2650 567 2700 fuisse,
617 2652 690 2704 qui
732 2653 789 2694 ad
830 2653 945 2694 hunc
986 2654 1129 2695 locum
1172 2651 1489 2707 expediendum
1531 2650 1755 2690 uterentur
1797 2663 1848 2691 ea

248 2721 429 2771 ratione,
477 2723 525 2762 ut
568 2725 608 2759 ἐν
643 2736 720 2774 pro
761 2723 831 2776 ad,
880 2725 996 2778 apud
1034 2726 1292 2778 acciperent,
1341 2720 1457 2776 quod
1488 2720 1549 2760 ita
1580 2720 1624 2760 in
1656 2720 1846 2762 locorum

248 2790 496 2832 nominibus
530 2794 647 2833 certo
680 2793 823 2843 modo,
857 2798 906 2836 ut
936 2795 1076 2837 insula
1107 2797 1278 2850 regiove
1311 2795 1442 2836 etiam
1475 2802 1596 2837 mare
1629 2792 1845 2841 adiacens,

249 2860 412 2902 flumen
442 2862 583 2915 ripam
615 2863 743 2905 simul
775 2866 1128 2919 comprehendat,
1177 2868 1221 2909 in
1262 2868 1509 2910 hominibus
1548 2869 1639 2911 fieri
1672 2870 1846 2913 omnino
