1915 3235
119 368 152 392 92

939 87 995 127 74

173 216 313 269 poesis
346 218 490 268 partes
522 213 782 267 pertinentia
813 215 983 257 videtur
1014 214 1235 265 adiecisse,
1276 227 1527 267 quanquam
1570 214 1679 256 falso
1712 228 1764 256 ex

173 300 236 336 eo,
276 286 391 339 quod
424 286 477 326 de
510 285 699 325 Homero
733 286 774 324 et
807 284 998 326 Hesiodo
1030 285 1193 337 aliquid
1224 285 1344 327 initio
1383 285 1524 338 operis
1564 285 1767 327 disseruit

173 359 214 397 et
261 356 375 408 quod
423 354 579 396 alicubi
627 354 797 395 diversa
837 367 930 396 esse
970 358 1221 408 poematum
1262 369 1417 409 genera
1454 356 1572 405 dixit,
1620 357 1766 398 omnia

171 427 313 480 poesis
331 439 489 479 genera
509 437 746 477 omnesque
765 427 915 467 aetates
942 439 1041 468 eum
1067 426 1340 479 complexum
1365 439 1460 468 esse
1485 427 1764 468 concluditur.

171 497 331 538 Iudicia
373 508 545 548 quoque
588 495 640 536 de
683 495 785 547 ipsis
827 498 965 548 poetis
1008 498 1310 550 poematisque
1341 497 1665 550 interposuisse,
1714 511 1767 538 ex

171 566 422 619 fragmentis
454 568 586 618 patet.
634 566 770 606 Prosa
802 568 996 609 oratione
1029 569 1211 620 scriptos
1246 568 1378 609 fuisse
1403 568 1549 621 libros,
1582 571 1630 609 ut
1654 568 1766 609 Mer-

172 649 294 677 cerus
326 639 442 677 recte
474 636 740 686 iudicaverit,
781 636 938 677 frustra
974 636 1120 687 fuisse,
1161 638 1234 691 qui
1266 638 1509 691 fragmenta
1541 639 1584 679 in
1615 652 1766 680 versus

171 707 362 759 digerere
410 707 696 757 studuissent,
756 720 889 759 quum
944 706 1039 760 ipsa
1093 710 1335 761 argumenti
1383 709 1768 762 exemplorumque

170 777 418 818 Graecorum
451 778 560 818 ratio
593 779 685 817 tum
720 790 771 818 ea
804 778 1018 827 evincunt,
1054 791 1150 830 quae
1184 779 1301 832 apud
1334 783 1502 821 veteres
1535 780 1766 833 scriptores

169 848 268 888 inde
301 848 500 897 citantur,
540 847 814 900 apertissime
847 848 968 889 Gellii
1001 849 1082 889 loci
1115 852 1158 890 et
1200 850 1490 903 fragmentum
1531 850 1628 891 libri
1666 851 1768 892 noni

171 918 301 971 (ultra
318 931 447 970 quem
466 918 608 959 nullus
628 917 800 971 citatur)
818 919 936 972 apud
958 920 1159 961 Nonium.
1173 917 1206 972 ¹)
1254 920 1352 969 Sed,
1376 923 1424 961 ut
1440 923 1541 962 ante
1564 922 1608 962 in
1633 934 1767 962 unum

171 989 349 1030 collecta
380 989 478 1038 sint,
512 1002 609 1041 quae
641 989 698 1030 ad
731 1002 803 1030 eos
836 989 968 1031 libros
998 991 1318 1043 cognoscendos
1343 992 1601 1044 pertineant,
1637 1005 1768 1044 quam

170 1060 226 1101 ad
265 1059 581 1101 dubitationem
629 1060 683 1101 de
730 1061 780 1101 iis
824 1064 988 1101 motam
1031 1061 1304 1110 accedamus,
1354 1062 1624 1103 afferendum
1672 1075 1768 1104 esse

170 1130 350 1180 videtur,
400 1130 603 1184 quicquid
651 1144 703 1172 ex
749 1131 800 1172 iis
848 1131 967 1172 libris
1016 1135 1215 1184 superest
1260 1132 1554 1185 reliquiarum.
1632 1134 1768 1175 Locos

170 1201 428 1254 scriptorum
466 1202 553 1242 iam
593 1202 665 1243 alii
696 1202 954 1251 indicarunt,
1005 1203 1378 1244 emendandorum
1426 1203 1768 1256 fragmentorum

169 1272 445 1324 perbrevium
479 1273 632 1325 exigua
665 1275 730 1314 est
763 1273 900 1325 copia.

288 1343 350 1383 Ex
382 1343 491 1384 libro
523 1343 663 1396 primo
696 1344 804 1385 duos
837 1344 952 1385 locos
985 1344 1149 1385 Nonius
1183 1345 1299 1394 citat,
1333 1345 1519 1386 alterum
1551 1358 1649 1398 pag.
1684 1345 1767 1386 341

169 1414 297 1454 Merc.
340 1412 411 1466 (de
451 1427 541 1455 var.
582 1414 722 1467 signif.
761 1427 890 1456 serm.
931 1428 970 1454 v.
1004 1414 1230 1468 mactare):
1278 1415 1434 1456 Accius
1481 1416 1770 1457 didascalicon

170 1484 300 1537 (vulg.
341 1484 616 1537 didascalico)
657 1485 763 1526 libro
797 1485 843 1525 Ι.-
891 1485 1198 1541 Sapienticeque
1245 1488 1409 1527 invicta?
1454 1488 1600 1541 qratia
1648 1491 1769 1542 atque

168 1556 337 1596 lionoris
361 1560 518 1609 patera
552 1556 765 1597 Nestorem
805 1558 1004 1597 mactarit
1037 1571 1169 1597 (citrea
1218 1557 1321 1610 (qui,
1362 1560 1410 1598 ut
1449 1558 1665 1599 Mercerus
1705 1557 1770 1598 in-

168 1627 343 1677 tellexit,
378 1627 434 1668 ad
466 1627 585 1668 Iliad.
618 1627 755 1667 XXIII
787 1641 826 1668 V.
861 1628 946 1668 615
979 1641 1071 1680 sqq.
1106 1631 1304 1680 spectare
1337 1628 1544 1681 videtur);
1585 1629 1769 1669 alterum

168 1712 210 1750 p.
244 1698 331 1739 514
364 1697 435 1750 (de
467 1698 640 1738 indiscr.
667 1698 845 1739 adverb.
872 1712 911 1739 v.
936 1698 1202 1752 inimiciter):
1236 1700 1391 1740 Accius
1415 1699 1769 1740 didascalicorum

169 1768 274 1808 libro
299 1767 344 1808 I:
377 1769 560 1809 Placare
591 1769 745 1810 hostem
774 1769 953 1822 ferocem
980 1770 1285 1825 inimiciterque
1310 1784 1538 1811 accensum.
1586 1770 1771 1811 Priscia-

169 1852 250 1880 nus
283 1853 324 1892 p.
360 1840 443 1880 709
476 1840 524 1880 Ρ.
557 1840 651 1880 haec
689 1841 831 1892 ponit:
872 1840 1015 1881 Attius
1055 1842 1099 1881 in
1129 1842 1272 1894 primo
1312 1841 1622 1882 didascalicon:
1673 1841 1771 1882 Fal-

169 1910 318 1963 sidica,
353 1911 511 1963 audaoe,
543 1912 665 1965 quati
688 1915 823 1951 mater
840 1913 1029 1965 pessimi,
1063 1912 1242 1964 odibilis,
1269 1917 1427 1952 natura
1452 1913 1596 1966 impos,
1631 1926 1772 1953 excors

171 1987 206 2022 et
235 1982 347 2034 fera.
397 1982 556 2022 Gellius
589 1981 662 2022 lib.
695 1981 750 2022 ΙΙΙ
783 1995 818 2023 c.
855 1983 905 2023 11
948 1983 1007 2023 ita
1040 1982 1208 2024 scribit:
1251 1983 1404 2024 Accius
1444 1989 1580 2024 autem
1621 1982 1772 2037 (supra

172 2052 223 2092 L.
257 2052 431 2092 Accium
464 2057 632 2106 poetam
678 2052 890 2106 nominat)
938 2055 984 2094 iu
1022 2055 1164 2107 primo
1208 2053 1495 2095 didascalicon
1545 2054 1601 2107 (v.
1648 2054 1771 2095 dida-

170 2122 338 2175 scalico)
377 2123 532 2164 levibus
574 2123 802 2164 admodum
845 2125 1104 2178 aryumeritis
1147 2126 1293 2172 utitur,
1330 2138 1411 2178 per
1450 2139 1542 2179 quoe
1581 2125 1770 2177 ostendit,

173 2194 404 2234 Hesiodum
444 2199 548 2234 natu
572 2196 776 2248 priorem.
844 2195 962 2246 Quod
1003 2195 1226 2248 Homerus,
1268 2197 1414 2250 inquit,
1454 2210 1545 2236 cum
1578 2197 1623 2236 in
1647 2197 1771 2250 prin-

172 2266 278 2318 cipio
311 2266 514 2306 carminis
539 2265 745 2306 Achillem
769 2279 851 2306 esse
872 2266 1008 2318 filium
1037 2267 1149 2307 Pelei
1172 2266 1338 2319 diceret,
1373 2268 1465 2321 quis
1488 2272 1587 2307 esset
1611 2267 1770 2319 Peleus,

171 2350 254 2376 nori
287 2336 480 2387 addidit,-
527 2350 652 2391 quam
687 2351 773 2377 rem
798 2338 963 2390 procul,
1010 2338 1158 2392 iuquit,
1208 2337 1332 2377 dubio
1371 2337 1557 2390 dixisset,
1605 2339 1689 2378 uisi
1720 2337 1772 2378 ab

210 2499 237 2543 ¹)
265 2500 452 2544 [Versibus
479 2501 631 2545 scriptos
658 2501 768 2534 fuisse
796 2501 1039 2535 didascalicon
1068 2502 1178 2536 libros
1204 2504 1300 2535 recte
1327 2501 1366 2535 G.
1394 2502 1626 2536 Hermannus
1652 2501 1771 2546 dispu-

268 2561 368 2602 tavit,
408 2571 517 2604 quam
552 2561 771 2594 sententiam
806 2563 841 2594 et
873 2560 1072 2594 similitudo
1098 2561 1254 2595 aliorum
1280 2560 1444 2594 eiusdem
1470 2564 1533 2595 aut
1558 2561 1772 2605 propinquae

269 2620 384 2653 aetatis
411 2631 574 2664 operum,
613 2620 658 2653 de
691 2620 823 2663 quibus
850 2620 943 2654 infra
970 2620 1053 2661 dixi,
1093 2623 1129 2654 et
1154 2619 1442 2663 fragmentorum
1469 2620 1621 2664 vestigia
1645 2620 1771 2654 confir-

268 2683 380 2720 mant,
420 2689 539 2722 neque
571 2679 758 2722 probabile
792 2683 846 2713 est
872 2680 1013 2714 Attium
1041 2691 1062 2714 a
1088 2682 1291 2714 ceterorum
1318 2682 1509 2722 poetarum
1536 2679 1771 2723 antiquorum

269 2737 435 2781 exemplo
469 2738 729 2771 desciscentem
763 2749 870 2781 prosa
902 2739 1012 2772 etiam
1044 2738 1207 2772 oratione
1239 2737 1375 2781 aliquid
1407 2738 1670 2781 composuisse,
1709 2740 1772 2771 aut

269 2796 447 2830 inferioris
485 2796 601 2830 aetatis
639 2797 894 2840 grammaticos
933 2809 975 2831 ex
1014 2808 1131 2842 prosae
1162 2797 1334 2831 orationis
1367 2797 1467 2830 libris
1499 2797 1630 2831 nobilis
1655 2800 1771 2841 poetae

269 2855 477 2890 testimonia
503 2855 741 2890 arcessivisse.
781 2856 911 2890 Utrum
938 2856 1129 2890 trochaicis
1155 2855 1318 2890 versibus
1345 2866 1403 2896 an,
1430 2859 1470 2890 ut
1495 2856 1556 2890 alii
1581 2859 1770 2900 putarunt,

270 2914 434 2948 Sotadeis
461 2914 580 2949 Attius
607 2926 694 2949 usus
721 2915 776 2956 sit,
803 2926 875 2949 non
903 2914 1053 2958 quaero]
