1915 3235
112 666 162 691 308

940 33 1026 73 ‘250

185 162 327 214 specie
360 161 588 214 religionis,
637 161 721 202 sed
760 174 876 214 saepe
909 162 1097 203 absurde
1129 165 1308 213 erretur,
1356 177 1489 216 quum
1522 164 1623 206 olim
1655 165 1785 207 licen-

184 233 282 282 tius,
317 232 394 273 sed
426 231 644 272 interdum
679 245 777 273 cum
810 232 954 285 aliqua
986 234 1129 285 specie
1160 246 1274 274 verae
1301 234 1527 276 sententiae
1555 238 1783 278 erraretur.

184 303 334 355 Neque
381 303 424 343 id
463 302 874 355 reprehendendum
914 307 991 353 est,
1041 305 1297 357 scripturam
1347 307 1595 358 corruptam
1642 308 1785 359 potius

182 374 343 415 servari
388 386 519 426 quam
563 375 847 415 temerariam
891 374 1286 427 interpolationem,
1336 376 1452 428 quod
1494 376 1677 430 religiosi
1722 380 1785 423 est

186 444 330 494 critici,
381 444 457 485 sed
489 444 667 484 defendi
706 446 916 497 tanquam
950 445 1247 498 rectissimam,
1296 447 1412 499 quod
1445 450 1510 488 est
1541 448 1676 488 verba
1707 461 1785 501 pro

185 515 407 556 sententiis
440 515 755 568 amplectentis.
810 515 953 566 Quare
987 516 1158 569 saepius,
1193 531 1323 570 quam
1356 518 1570 568 volebam,
1604 531 1674 559 me
1703 518 1784 559 illae

185 586 341 628 scholae
374 586 743 638 interpretationis
780 599 911 628 causa
945 587 1001 628 ad
1034 589 1201 629 criticas
1235 588 1494 641 quaestiones
1529 590 1784 638 avocabant,

187 658 228 697 in
261 657 417 709 quibus
451 657 580 709 plane
612 657 815 707 intellexi,
866 671 997 711 quam
1041 658 1204 700 incerta
1239 662 1381 701 essent
1414 660 1561 701 critica
1594 659 1786 701 subsidia

180 728 223 768 in
256 728 441 768 Lucretii
474 727 607 777 libris,
646 742 868 782 quamque
901 730 1055 770 horum
1089 730 1301 783 scriptura
1332 730 1478 771 multis
1511 731 1614 772 locis
1639 730 1771 771 dubia

180 799 243 839 Ex
274 798 340 839 his
373 799 684 851 quaestionibus
716 802 820 841 nata
854 802 966 849 sunt,
1001 814 1096 852 quae
1129 802 1211 842 hac
1236 801 1382 842 oblata
1407 800 1622 842 scribendi
1646 802 1786 842 occa—'

181 869 300 911 sione
343 870 403 910 ita
441 869 637 922 proferre
687 871 887 912 constitui
931 871 984 912 cle
1027 871 1195 913 duobus
1227 872 1415 913 maxime
1449 872 1638 913 Lucretii
1669 871 1786 921 lociS,

182 944 228 981 ut
276 940 403 981 simul
451 940 507 981 ad
556 941 753 982 codicum
801 942 1157 984 Lucretianorum
1197 942 1444 984 universam
1488 942 1787 984 condicionem

182 1011 527 1064 perspiciendam
562 1013 821 1064 pertineant.

299 1082 328 1123 Ι.
363 1082 408 1124 C.
443 1081 628 1124 Orellius
662 1085 762 1124 ante
795 1083 958 1136 aliquot
1000 1096 1136 1124 annos
1177 1084 1359 1137 scripsit,
1409 1098 1560 1126 omnes
1602 1084 1787 1125 Lucretii

182 1153 383 1194 carminis
417 1153 586 1194 codices
619 1153 743 1194 nobis
776 1158 915 1203 notos,
950 1154 1133 1195 fortasse
1160 1168 1246 1196 uno
1272 1158 1451 1208 excepto
1478 1155 1785 1208 Gottorpiensi,

182 1225 253 1278 qui
300 1226 471 1266 tantum
520 1223 678 1264 librum
727 1225 915 1277 primum
965 1228 1005 1266 et
1047 1228 1215 1278 partem
1259 1226 1435 1268 secundi
1475 1227 1668 1267 continet
1707 1238 1787 1267 nec

183 1295 286 1337 satis
321 1297 521 1336 accurate
556 1295 735 1336 collatus
770 1300 847 1345 est,
883 1308 935 1336 ex
966 1309 1052 1337 uno
1086 1296 1229 1350 aliquo
1254 1298 1398 1339 codice
1426 1297 1665 1350 descriptos
1692 1309 1785 1338 esse

183 1366 264 1408 sibi
296 1365 445 1406 videri.
462 1362 495 1417 1)
558 1365 738 1407 Difficile
782 1369 844 1408 est
886 1367 939 1408 de
971 1367 1036 1408 his
1078 1367 1295 1408 codicibus
1336 1369 1548 1409 rationem
1589 1367 1783 1415 reddere,

186 1437 301 1490 quod
349 1450 403 1478 ne
451 1437 764 1489 Lugdunenses
808 1438 995 1490 quidem,
1045 1441 1143 1491 post
1190 1438 1535 1491 Gottorpiensem
1585 1439 1783 1491 optimos,

184 1507 530 1560 Havercampius
579 1508 803 1561 diligenter
851 1509 1061 1559 adhibuit,
1111 1509 1349 1551 Lambinus
1398 1512 1547 1551 autem
1595 1510 1648 1550 de
1696 1508 1784 1550 suis

184 1578 402 1620 codicibus
445 1592 523 1631 pro
566 1579 677 1620 illius
721 1581 861 1622 aetatis
907 1594 1026 1622 more
1065 1593 1221 1633 parum
1255 1582 1456 1621 accurate
1491 1580 1682 1630 tradidit,
1732 1580 1784 1621 de

185 1650 455 1702 superiorum
504 1664 605 1692 vero
639 1651 853 1693 editorum
886 1652 1104 1694 codicibus
1147 1651 1276 1705 plane
1315 1652 1419 1692 nihil
1453 1654 1634 1694 constat.
1699 1651 1782 1693 Sed

183 1723 332 1761 tamen
378 1721 421 1761 in
468 1721 570 1763 locis
618 1723 829 1776 corruptis
879 1723 938 1764 ita
983 1723 1232 1776 conspirant
1280 1727 1321 1764 et
1369 1723 1617 1776 conspirant
1659 1724 1701 1764 in
1734 1723 1783 1764 iis

185 1791 375 1841 mendis,
425 1806 522 1846 quae
568 1796 738 1836 tantum
786 1808 838 1836 ex
884 1795 1123 1836 communis
1172 1795 1396 1848 archetypi
1444 1794 1662 1848 scriptura
1709 1797 1783 1836 aut

278 1973 380 2014 atqui
404 1972 537 2004 Debeat
563 1974 628 2005 cet.
680 1971 893 2016 Superiores
919 1983 983 2016 pro
1011 1975 1179 2016 quoniam
1212 1972 1430 2016 scripserant
1462 1973 1556 2015 quod
1588 1973 1672 2012 iam,
1711 1981 1783 2004 non

278 2030 380 2070 bene,
421 2031 517 2074 quod
544 2030 662 2071 tacite,
701 2041 767 2065 nec
802 2042 867 2075 per
899 2042 936 2065 se
963 2035 1069 2065 recte.
1121 2032 1190 2065 Sed
1224 2031 1481 2065 Wakefieldius
1512 2031 1643 2075 „probe
1669 2030 1783 2064 decla-

279 2089 350 2123 rari
376 2088 501 2133 posse*v
532 2089 688 2122 alterum
715 2089 765 2123 sic
790 2094 911 2134 putat:
943 2091 1026 2132 „His
1054 2090 1162 2124 etiam
1190 2092 1264 2124 alia
1285 2090 1422 2124 accedit
1440 2091 1647 2133 difficultas,
1674 2101 1780 2133 quum

280 2147 384 2191 {mnf
415 2152 454 2182 ut
481 2147 643 2182 omiserit
670 2148 805 2183 scilicet
824 2150 1012 2184 Lucretius
1040 2150 1085 2190 id,
1114 2150 1209 2194 quod
1237 2149 1354 2183 dicere
1380 2149 1500 2190 vellet,
1528 2148 1688 2193 posuerit
1706 2159 1782 2192 per-

279 2218 422 2241 versam
448 2207 676 2251 particulam.
731 2208 917 2250 (Mendum
944 2209 1053 2243 situm
1081 2213 1134 2243 est
1160 2220 1232 2243 non
1259 2209 1295 2243 in
1322 2211 1502 2253 quoniam,
1530 2208 1593 2241 sed
1619 2207 1655 2241 in
1682 2209 1784 2251 atqui

279 2277 311 2300 v.
332 2265 399 2299 756
426 2265 510 2309 [755
528 2265 595 2309 B.],
624 2267 685 2301 uhi
711 2269 919 2311 ponendam
946 2279 1023 2302 esse
1048 2268 1264 2312 particulam
1292 2273 1340 2308 ut,
1367 2267 1520 2302 relatam
1546 2266 1591 2300 ad
1617 2265 1781 2305 verbum,

280 2325 374 2368 quod
402 2328 454 2359 est
482 2328 623 2367 aceedit,
650 2330 750 2370 patet
776 2338 820 2360 ex
846 2328 959 2369 codd.,
986 2328 1023 2361 in
1050 2327 1181 2371 quibus
1208 2330 1261 2361 est
1287 2332 1326 2360 ut
1352 2328 1428 2370 μὴ
1464 2325 1631 2359 ultimam
1656 2334 1782 2358 versus

278 2395 406 2418 vocem
432 2388 466 2418 et
493 2385 670 2428 syllabam
697 2397 771 2420 non
797 2385 963 2430 reperio.)
1013 2387 1114 2420 Alter
1140 2389 1193 2420 est
1218 2386 1317 2419 locus
1343 2385 1380 2419 in
1406 2396 1439 2418 v.
1465 2383 1555 2418 108‘2
1584 2382 1691 2426 [1083
1713 2381 1780 2426 B.],

277 2443 338 2478 ubi
377 2447 430 2478 est
470 2443 505 2476 in
545 2444 647 2477 codd.
689 2446 882 2489 Praeterea,
922 2447 1091 2489 quoniam
1127 2457 1195 2479 ozon
1230 2447 1350 2479 omnia
1383 2455 1533 2488 corpora
1564 2444 1705 2486 finyunt
1736 2443 1780 2476 In

277 2505 429 2536 medium
469 2505 546 2546 niti,
586 2506 647 2538 sed
684 2510 866 2538 terrarum
901 2510 1005 2549 atque
1037 2506 1198 2548 liquoris.
1249 2503 1459 2548 Superiores
1491 2502 1721 2546 scripserant,
1760 2512 1780 2535 a

276 2561 452 2596 Lambino
491 2563 684 2597 admoniti:
724 2566 904 2598 Praeterea
945 2575 1080 2608 quoque
1118 2565 1201 2597 iam.
1265 2563 1334 2597 Sed
1367 2562 1506 2596 Wakef.
1546 2562 1665 2605 explet
1702 2571 1779 2594 sen-

277 2620 450 2654 sentiam:
494 2623 697 2663 ,Praeterea
735 2625 809 2657 alia
847 2625 995 2666 'insuper
1035 2623 1230 2666 difficultas
1267 2622 1469 2656 rationibus
1502 2631 1623 2655 eorum
1656 2620 1779 2653 adver-

277 2678 413 2722 satur,“
450 2681 518 2714 rel:
554 2682 649 2722 „Hoc
675 2683 792 2725 etiam,
820 2694 887 2726 quo
913 2682 982 2715 sibe?
1006 2683 1125 2715 minus
1152 2686 1313 2715 constare
1339 2681 1539 2722 videantur,
1572 2680 1644 2712 illis
1664 2682 1780 2722 potest

278 2737 412 2772 obiicz'f

223 2794 250 2838 l)
276 2797 317 2830 In
343 2797 458 2831 Iahnii
485 2797 689 2832 Annalibus
716 2798 843 2832 Philol.
871 2799 930 2840 ΙΙΙ,
957 2798 978 2831 4
1005 2810 1039 2843 p.
1066 2798 1111 2831 86
1137 2801 1209 2832 not.
