1915 3235
853 96 937 137 459

102 223 160 282 iis⁸
183 223 463 275 proferendis,
512 224 702 265 luctante
741 226 898 273 animo,
946 228 993 266 ut
1025 226 1178 266 saltem
1212 226 1373 279 aliquid
1406 240 1430 267 a
1463 226 1688 279 simplicis-

102 294 211 334 sima
242 293 409 334 ratione
449 294 606 335 diversi
645 294 916 347 significaret,
951 296 1254 337 cumulabatur
1296 297 1490 345 elocutio,
1526 297 1689 338 adscito

101 376 216 416 saepe
248 364 323 404 tali
355 364 497 416 aliquo
531 360 755 415 elemento,
789 366 832 406 in
864 379 948 418 quo
980 367 1085 407 nihil
1117 370 1231 408 esset
1262 367 1422 420 proprii
1446 368 1502 408 ad
1524 370 1688 409 certum

99 435 306 487 temporis
338 447 472 487 genus
503 435 851 488 significandum;
901 450 952 477 ex
984 450 1081 490 quo,
1122 437 1204 478 hoc
1244 438 1456 478 elemento
1489 451 1587 479 cum
1618 451 1689 479 ra-

100 504 195 545 dice
228 505 466 553 coniuncto,
501 505 751 547 oriebantur
783 507 946 557 formae,
993 521 1090 560 quae
1129 521 1216 549 non
1247 511 1338 549 tam
1371 510 1488 549 certa
1520 511 1689 561 tempo-

99 587 194 616 rum
229 575 474 616 discrimina
505 575 745 618 indicarent
784 591 913 630 quam
958 578 1013 619 ad
1054 579 1099 619 id
1141 579 1330 632 aliquam
1372 579 1586 620 haberent
1624 579 1689 620 in-

99 645 393 693 clinationem;
442 658 590 698 eaeque
623 647 778 688 deinde
810 661 890 688 usu
923 651 965 689 et
997 649 1125 701 quod,
1175 662 1307 701 quum
1348 650 1492 702 plures
1531 652 1687 698 essent,

99 715 192 756 aliae
227 716 282 756 ab
315 716 408 757 aliis
427 717 776 758 'secernebantur
807 731 1006 771 novaque
1029 720 1296 761 accedebant
1318 720 1532 761 elementa
1555 718 1691 773 (velut

97 786 141 826 in
173 786 331 827 aoristo
364 790 658 840 augmentum,
692 788 735 828 in
767 789 1018 830 Latinorum
1050 791 1255 843 perfecto,
1290 790 1405 844 quod
1436 791 1479 831 in
1501 791 1538 831 si
1562 791 1688 840 cadit,

98 856 423 898 terminationes
471 859 574 898 certi
616 859 782 911 generis
831 860 887 900 ad
933 873 1142 912 personas
1189 864 1232 902 et
1277 874 1480 902 numeros
1529 861 1689 913 signifi-

99 925 289 979 candos),
325 930 453 969 certae
485 928 647 969 fiebant
689 931 934 982 temporum
973 933 1101 973 notae.
1164 932 1291 973 Velut
1328 932 1371 972 id
1411 931 1687 979 elementum,

98 998 213 1050 quod
244 1011 358 1039 nunc
390 999 481 1040 sola
512 999 655 1040 littera
686 1014 705 1040 3
731 1003 900 1042 constat
933 1000 1132 1053 (Verbum
1162 1003 1482 1048 substantivum
1513 1002 1556 1043 id
1580 1015 1687 1051 esse,

97 1067 184 1109 iam
217 1069 289 1109 alii
321 1068 550 1121 Viderunt),
600 1070 850 1112 adiunctum
899 1072 955 1112 ad
1002 1073 1191 1113 radicem
1233 1073 1449 1114 efficiebat
1490 1073 1688 1122 formam,

97 1152 194 1191 quae
226 1140 580 1192 significationem
612 1141 792 1182 haberet
826 1142 1014 1195 aliquam
1049 1143 1227 1184 actionis
1261 1143 1472 1184 distinctae
1506 1144 1561 1185 ab
1597 1143 1689 1185 aliis

98 1211 140 1250 et
172 1210 228 1250 ad
261 1214 425 1252 certum
458 1214 497 1252 et
531 1225 665 1253 unum
698 1218 966 1254 momentum
1001 1213 1161 1261 relatae,
1197 1214 1312 1266 quod
1343 1227 1430 1255 non
1459 1214 1519 1264 fit,
1556 1227 1689 1267 quum

97 1280 266 1322 animus
298 1281 341 1322 in
372 1282 651 1334 praesentium
684 1283 1046 1335 contemplatione
1068 1284 1224 1333 haeret3
1257 1298 1408 1325 Verum
1432 1285 1525 1326 haec
1548 1285 1687 1326 forma

96 1350 434 1405 significatioque
466 1366 545 1393 nec
578 1353 708 1394 futuri
741 1366 819 1394 nec
851 1354 1057 1406 praeteriti
1082 1358 1186 1404 erat,
1223 1359 1265 1396 et
1286 1357 1518 1408 utrumque
1541 1358 1688 1397 tamen

97 1434 149 1462 ex
181 1434 232 1462 ea
264 1423 381 1475 apud
414 1423 584 1464 Graecos
618 1426 759 1464 ortum
794 1427 871 1465 est.
934 1425 1190 1466 Planissime
1229 1429 1321 1467 tota
1361 1427 1453 1467 haec
1493 1426 1561 1467 res
1594 1440 1688 1480 per-

97 1492 273 1545 spicitur
304 1493 346 1533 in
378 1493 531 1546 linguis
564 1494 721 1547 stirpis
741 1494 968 1545 Semiticae,
1003 1496 1119 1547 quod
1152 1510 1213 1537 eae
1247 1498 1289 1537 in
1321 1497 1401 1537 illis
1434 1497 1688 1538 rudimentis

96 1562 334 1604 formarum
373 1565 677 1617 temporalium
726 1566 1026 1615 substiterunt,
1075 1579 1215 1618 neque
1265 1580 1316 1607 ex
1364 1568 1504 1609 forma
1552 1569 1688 1622 magis

97 1646 301 1686 expressa
335 1637 377 1675 et
409 1636 656 1677 accessione
690 1636 1001 1677 elementorum
1035 1639 1163 1678 aucta
1195 1637 1373 1678 ulterius
1408 1639 1462 1679 ad
1489 1639 1689 1680 distincta

95 1707 292 1757 tempora
339 1719 578 1758 progressae
625 1708 738 1747 sunt.
803 1698 1029 1759 (Futurum
1079 1708 1178 1748 olim
1227 1709 1528 1760 appellabant:
1576 1723 1689 1751 nunc

96 1779 274 1826 certant,
323 1779 371 1817 ut
412 1779 563 1829 aptum
607 1790 765 1818 nomen
808 1790 860 1818 ex
897 1791 985 1818 una
1025 1779 1168 1831 aliqua
1202 1782 1317 1820 certa
1351 1781 1524 1821 notione
1560 1782 1597 1822 ei
1628 1782 1689 1821 rei

94 1846 330 1897 inveniant,
371 1861 467 1900 quae
498 1850 589 1888 tota
623 1850 688 1888 est
719 1848 762 1888 in
794 1848 955 1889 incerto
990 1852 1145 1889 conatu
1177 1850 1350 1902 posita.)
1414 1851 1499 1891 Sed
1531 1852 1574 1892 in
1607 1852 1688 1892 La—

95 1917 186 1958 tina
218 1918 363 1970 lingua
396 1918 519 1959 aliter
552 1918 704 1959 cecidit
737 1921 867 1971 atque
900 1920 942 1959 in
977 1919 1146 1967 Graeca;
1195 1934 1296 1961 nam
1338 1935 1470 1973 quum
1512 1924 1554 1962 et
1584 1922 1689 1975 fam)

96 1991 221 2037 esset,
256 1989 299 2029 id
332 1993 397 2030 est
423 1991 554 2037 πράξω,
591 1992 632 2029 et
663 1990 826 2042 scripsi,
867 1989 909 2030 id
942 1993 1007 2030 est
1039 1996 1196 2038 «ἔγραψα,
1237 1994 1385 2032 tamen
1417 2005 1558 2044 neque
1590 2006 1688 2045 per-

97 2058 255 2119 fectum
288 2059 331 2100 in
363 2060 563 2101 omnibus
596 2060 739 2100 verbis
761 2060 821 2100 sic
843 2062 909 2100 est
932 2073 982 2100 ex
1005 2061 1149 2101 radice
1172 2062 1419 2112 deductum,
1453 2063 1530 2103 sed
1555 2076 1688 2115 quum

97 2132 210 2170 esset
242 2130 350 2171 alter
382 2133 595 2183 praeterea
628 2133 807 2171 conatus
847 2130 1053 2182 praeteriti
1092 2133 1298 2185 temporis
1332 2133 1612 2185 significandi,
1653 2136 1688 2175 is

96 2200 139 2241 in
187 2201 279 2242 aliis
326 2201 469 2242 verbis
516 2202 575 2242 ita
621 2204 686 2242 est
725 2201 927 2251 adscitus,
976 2204 1023 2242 ut
1055 2202 1098 2242 in
1129 2202 1274 2255 lingua
1320 2203 1406 2244 iam
1457 2204 1688 2245 constituta

97 2273 280 2324 utraque
313 2272 453 2313 forma
484 2272 601 2313 idem
634 2272 797 2313 valeret
830 2272 890 2325 (in
930 2285 1013 2325 quo
1047 2272 1285 2314 formarum
1325 2275 1559 2316 certamine
1592 2288 1688 2327 quae

96 2341 254 2383 fuerint
286 2356 515 2385 causarum
554 2345 787 2391 momenta,
830 2342 933 2394 quid
970 2343 1101 2395 prius,
1143 2344 1245 2396 quid
1277 2347 1427 2396 postea
1471 2346 1685 2395 acciderit,

96 2426 210 2466 saepe
250 2413 411 2455 frustra
448 2412 712 2467 quaerimus),
760 2426 900 2465 neque
948 2413 1154 2463 futurum,
1204 2415 1319 2467 quod
1364 2415 1406 2456 in
1444 2430 1487 2456 80
1527 2417 1686 2466 exibat,
1727 2431 1741 2454 a

96 2485 267 2534 mansit,
309 2487 520 2538 cessitque
553 2486 695 2537 potius
728 2485 901 2525 omnino
935 2484 1026 2524 aliis
1060 2485 1207 2526 formis
1241 2485 1423 2527 fortasse
1457 2487 1512 2528 ob
1545 2487 1685 2540 ipsam

98 2567 195 2595 cum
227 2557 432 2608 praeteriti
465 2556 584 2609 signo
618 2555 935 2608 copulationem
969 2558 1011 2596 et
1043 2556 1386 2609 ambiguitatem.
1449 2557 1512 2598 Ac
1550 2571 1605 2598 ne
1644 2559 1688 2598 id

97 2626 271 2678 quidem
319 2627 426 2677 dico,
473 2627 605 2668 fuisse
653 2625 886 2678 aliquando
933 2626 976 2666 in
1015 2627 1214 2668 omnibus
1254 2628 1399 2669 verbis
1439 2627 1687 2669 huiusmodi

99 2696 311 2747 futurum;
358 2698 493 2739 multo
537 2700 603 2739 est
645 2697 759 2738 enim
802 2697 1082 2748 probabilius,
1132 2698 1326 2739 futurum
1365 2699 1409 2739 in
1450 2712 1493 2739 so
1527 2698 1685 2739 cadens

97 2767 319 2820 proprium
350 2768 482 2810 fuisse
515 2768 747 2809 verborum
780 2767 824 2807 in
857 2769 1165 2809 consonantem
1199 2769 1460 2818 exeuntium,
1503 2781 1685 2821 quorum

97 2837 141 2878 in
171 2839 317 2879 multis
350 2842 463 2880 esset
502 2841 732 2892 cognatum
771 2837 1052 2889 praeteritum,
1102 2844 1144 2880 et
1181 2841 1274 2880 tum
1314 2840 1503 2888 demum,
1553 2852 1685 2891 quum

97 2907 201 2960 faxo
233 2909 473 2962 similiaque
506 2910 592 2950 iam
624 2909 669 2949 in
702 2908 834 2950 alium
867 2920 994 2948 usum
1026 2908 1293 2961 inclinarent,
1336 2910 1393 2951 ad
1429 2910 1547 2951 illam
1580 2922 1685 2950 ana-

1708 379 1743 403 74
