1915 3235
824 1000 944 1061 XXl
987 998 1022 1061 (l
1030 998 1108 1062 X).

632 1115 1024 1175 Miscellanea
1064 1114 1295 1175 Critica.

446 1345 511 1394 A.
589 1345 878 1404 Quintiliani
918 1344 1008 1391 loci
1047 1344 1143 1390 duo
1182 1338 1486 1406 emendati.¹)

635 1449 998 1501 Quintilianus
1031 1448 1082 1498 X,
1120 1452 1157 1498 l,
1195 1447 1291 1489 130.

89 1587 140 1611 352
283 1521 590 1602 Quintilianus
624 1558 666 1598 in
699 1557 909 1610 praeclaro
944 1556 997 1597 de
1030 1556 1196 1597 Seneca
1236 1554 1391 1596 iudicio
1430 1554 1490 1596 ita
1530 1553 1690 1604 scribit,
1731 1553 1767 1595 si

162 1629 382 1671 codicibus
417 1633 459 1670 et
490 1629 798 1670 recentissimis
831 1627 1094 1669 editionibus
1126 1627 1234 1667 fides
1266 1625 1473 1667 habenda
1506 1627 1590 1666 est:
1634 1624 1766 1666 Velles

161 1715 252 1741 enm
290 1714 363 1741 suo
404 1701 569 1755 inqendo
608 1700 786 1752 (Zioeisse,
837 1698 990 1739 iudicio
1032 1698 1182 1739 alieno.
1260 1696 1375 1737 Nam
1414 1697 1451 1738 si
1491 1697 1637 1751 aliqua
1674 1709 1765 1737 con-

160 1773 402 1826 tempsisset,
435 1772 472 1812 si
495 1785 656 1826 parum
691 1785 772 1811 non
804 1770 1070 1823 concupisset,
1103 1770 1140 1809 si
1172 1782 1254 1809 vnon
1286 1769 1428 1809 omnia
1460 1782 1539 1809 sua
1572 1772 1764 1820 amasset,

160 1845 196 1884 se?
230 1857 371 1884 rerum
396 1843 592 1897 pondera
623 1842 918 1883 ‘minutissimis
950 1840 1164 1881 sententiis
1202 1853 1286 1880 non
1323 1839 1533 1894 freyisset,
1567 1851 1766 1880 consensu

155 1915 296 1968 potius
344 1914 605 1955 eruditor-mn
653 1927 778 1968 queem
809 1926 1042 1967 puerorum
1083 1924 1224 1952 amore
1263 1910 1616 1965 comprobaretur.
1680 1909 1767 1951 Sed

162 1988 348 2038 quantas
380 1985 533 2026 turbas
567 1985 850 2026 excitaverint
881 1984 972 2025 illa:
1013 1983 1050 2024 si
1074 1995 1236 2037 parum
1267 1995 1350 2022 non
1382 1982 1646 2036 concupisset,
1678 1994 1766 2023 non

163 2060 239 2105 est,
270 2070 344 2098 cur
366 2056 511 2097 multis
535 2069 770 2109 exponam;
802 2069 905 2097 nam
932 2068 984 2096 ex
1009 2067 1095 2107 quo
1120 2053 1395 2107 Spaldingius
1419 2053 1605 2106 negandi
1630 2053 1766 2106 parti-

163 2128 303 2169 culam
338 2141 389 2169 ex
423 2126 642 2169 codicibus
677 2127 834 2168 adiecit
867 2127 1113 2178 docuitque,
1155 2138 1251 2166 eam
1285 2125 1559 2178 scripturam,
1604 2125 1647 2165 in
1680 2137 1766 2177 qua

161 2200 405 2251 superiores
439 2198 769 2252 acquievissent,
818 2198 1011 2250 ineptam
1055 2209 1162 2247 esse,
1206 2209 1293 2238 non
1332 2189 1473 2237 minOr
1514 2198 1663 2236 exorta
1702 2196 1767 2236 est

163 2269 394 2310 difficultas
441 2270 485 2310 in
533 2283 583 2310 ea
631 2269 973 2322 interpretanda,
1025 2281 1121 2321 quae
1169 2280 1284 2308 nunc
1330 2268 1516 2308 tenetur.
1586 2266 1633 2306 ln
1681 2278 1765 2318 quo

165 2344 321 2382 conatu
353 2340 550 2382 homines
584 2340 697 2381 docti
730 2339 840 2381 adeo
873 2353 960 2381 non
994 2338 1281 2388 consentiunt,
1317 2339 1366 2379 ut
1398 2337 1467 2378 vix
1501 2337 1608 2378 duos
1640 2349 1765 2389 repe-

164 2412 262 2461 rias,
297 2412 369 2464 qui
401 2411 517 2452 idem
550 2410 756 2463 probent3
790 2423 930 2463 neque
964 2410 1007 2451 id
1039 2410 1197 2450 mirum
1231 2408 1433 2462 cuiquam
1463 2407 1596 2449 videri
1622 2407 1765 2448 debet.

164 2483 312 2535 Neque
346 2482 459 2522 enim
492 2482 774 2534 pronuntiare
807 2481 972 2530 dubito,
1006 2493 1148 2534 neque
1180 2480 1314 2521 ullam
1348 2492 1400 2520 ex
1431 2479 1481 2520 iis
1506 2478 1765 2530 interpreta-

162 2552 365 2603 tionibus,
400 2566 497 2605 quae
529 2553 763 2605 propositae
795 2555 908 2602 sunt,
943 2565 1091 2593 veram
1125 2564 1219 2592 esse
1241 2563 1383 2604 neque
1406 2550 1617 2591 veriorem
1640 2561 1765 2601 repe-

165 2625 235 2665 riri
268 2637 416 2677 posse3
464 2623 558 2676 ipsa
599 2625 712 2664 enim
752 2623 888 2665 verba
931 2624 1133 2675 corrupta
1173 2623 1293 2670 sunt;
1345 2620 1461 2673 quod
1499 2619 1764 2673 argumentis

166 2695 480 2743 confirmarem,
529 2695 563 2734 si
604 2697 679 2735 aut
719 2693 1017 2747 Spaldingium
1060 2695 1136 2734 aut
1168 2692 1472 2733 Frotscherum
1506 2695 1582 2732 aut
1615 2703 1766 2744 quem-

94 2790 145 2815 353
166 2779 296 2818 quam
330 2765 461 2807 alium
495 2765 720 2806 sententiae
761 2778 851 2806 suae
896 2764 1111 2806 confidere
1156 2763 1347 2804 viderem
1390 2774 1441 2803 ac
1483 2774 1582 2811 non,
1632 2773 1765 2814 quum

205 2930 230 2972 ³)
258 2929 324 2973 [Ex
351 2929 516 2964 Seebodii
542 2929 768 2963 Bibliotheca
795 2928 878 2963 Crit.
907 2939 938 2962 a.
971 2927 1057 2961 1828
1084 2939 1122 2971 p.
1151 2926 1229 2961 630.
1281 2926 1421 2970 Scripta
1450 2936 1482 2959 a.
1510 2922 1628 2966 1827]
