1915 3235
865 118 888 159 7

81 263 199 292 mam
240 262 335 291 esse
373 248 534 289 factam
579 247 623 289 in
669 248 751 289 hoc
797 260 955 300 genere
1002 247 1047 288 in
1092 246 1188 300 ipsa
1233 246 1356 288 Italia
1403 246 1671 288 eversionem

30 316 32 318 ’
83 320 239 362 veteris
289 319 421 372 copiae
470 321 513 359 et
558 318 828 368 eruditionis,
877 318 921 359 id
968 317 1084 371 quod
1129 317 1380 370 planissime
1428 316 1672 359 Cassiodori

83 390 243 444 scripta
281 390 516 431 declarant.
583 389 632 429 In
668 389 751 429 hac
790 391 937 430 autem
978 391 1074 430 ‘tota
1124 388 1415 441 disputatione
1464 393 1673 440 quantam

82 474 234 515 paucae
265 462 334 502 hae
365 459 535 513 Apuleii
568 459 735 512 paginae
770 459 852 500 vim
886 459 1101 500 habiturae
1133 459 1230 509 sint,
1271 472 1358 500 non
1397 463 1461 500 est
1502 458 1672 499 difficile

87 531 336 585 intelligere,
385 544 481 583 quae
519 529 719 571 inferiore
758 532 957 583 tempore
995 543 1083 572 non
1122 543 1272 571 eorum
1310 529 1440 571 modo
1478 531 1674 570 veterum

85 602 305 652 librorum,
353 601 426 654 qui
472 614 498 642 a
519 587 523 590 ’
545 597 802 642 doctissimis
851 600 998 642 saeculi
1046 601 1188 653 quarti
1227 600 1519 653 grammaticis
1558 600 1674 653 lege-

85 673 258 723 bantur,
306 672 384 714 sed
423 672 604 713 aliorum
642 671 855 712 rariorum
893 674 936 712 et
974 684 1028 712 ne
1061 671 1126 712 his
1160 671 1335 723 quidem
1366 675 1675 724 usurpatorum

87 743 372 796 cognitionem
411 747 454 784 et
491 756 618 784 usum
651 742 782 783 fuisse
815 742 1045 783 videantur
1084 742 1327 783 ostendere.
1396 741 1503 791 Quae
1543 754 1676 793 quum

72 813 146 855 ,1ῒᾶ
177 813 274 863 sint,
314 813 483 855 videtur
515 827 632 863 sane,
674 827 806 866 quum
846 826 899 854 ea
930 812 997 862 sit,
1047 826 1179 865 quam
1212 812 1311 862 dixi,
1360 811 1601 853 obscuritas
1633 811 1677 852 in

85 884 166 925 hoc
198 885 417 937 opusculo,
452 884 694 937 diligentius
728 884 780 924 de
814 897 864 924 eo
890 882 1187 936 quaerendum.
1236 883 1394 923 Verum
1421 895 1471 923 ea
1495 882 1677 935 quaestio

84 956 198 996 hunc
230 955 409 995 habebit
441 959 656 1005 eventum,
691 957 738 995 ut
769 954 1071 1006 intelligamus,
1104 954 1220 995 lusos
1254 966 1349 994 esse
1382 953 1495 994 viros
1529 953 1677 994 doctos

87 1025 143 1067 ab
175 1025 373 1078 improbo
412 1025 646 1078 impostore
687 1027 730 1066 et
766 1027 861 1066 haec
900 1024 1145 1077 fragmenta
1185 1024 1318 1065 stulta
1357 1026 1486 1076 atque
1527 1028 1679 1077 aperta

85 1096 238 1137 fraude
269 1096 565 1137 recentissima
598 1099 726 1137 aetate
760 1096 943 1137 conficta
977 1108 1072 1136 esse
1105 1101 1146 1136 et
1179 1097 1317 1136 totam
1340 1095 1459 1135 illam
1482 1097 1679 1136 veterum

86 1167 343 1220 scriptorum
384 1167 839 1208 commemorationem
887 1166 1113 1208 mendacio
1154 1166 1399 1207 conflatam.
1469 1166 1595 1216 Quod
1633 1168 1681 1206 ut

88 1238 216 1291 plane
250 1240 293 1278 et
323 1238 547 1290 perspicue
581 1240 835 1291 exponatur,
886 1238 938 1279 de
978 1237 1131 1278 libellis
1172 1237 1225 1278 de
1265 1239 1369 1278 nota
1407 1236 1680 1289 aspirationis

87 1311 130 1349 et
161 1308 214 1349 de
248 1308 523 1361 diphthongis
554 1309 673 1361 prius
704 1322 845 1361 pauca
878 1308 1060 1349 dicenda
1085 1311 1198 1358 sunt,
1233 1321 1339 1360 quos
1363 1307 1559 1360 pluribus
1583 1311 1681 1360 post

88 1379 358 1420 Priscianum
391 1384 432 1420 et
464 1379 770 1421 Cassiodorum
803 1379 972 1421 saeculis
1005 1379 1188 1432 scriptos
1229 1392 1324 1419 esse
1367 1379 1471 1420 satis
1513 1381 1682 1420 constat

87 1452 181 1491 tum
229 1463 281 1491 ex
329 1450 426 1490 exili
471 1463 616 1491 rerum
666 1454 866 1499 tractatu,
916 1455 1008 1490 tum
1057 1464 1108 1491 ex
1156 1449 1436 1503 scriptoribus
1480 1449 1699 1499 laudatis‚'

87 1520 250 1562 Isidoro
289 1525 331 1562 et
371 1520 587 1573 Gregorio,
637 1521 824 1562 maxime
862 1534 965 1562 vero
1005 1534 1057 1561 ex
1094 1520 1157 1570 iis,
1207 1534 1304 1573 quae
1344 1521 1397 1561 de
1434 1521 1710 1562 nominibus<

89 1591 349 1644 quibusdam
381 1605 520 1644 nuper
552 1605 577 1633 a
609 1592 808 1633 barbaris
843 1594 886 1632 et
918 1591 1216 1644 Transalpinis
1255 1591 1310 1632 ad
1350 1591 1478 1632 Italos
1521 1592 1682 1645 impor-

88 1662 190 1703 tatis
223 1675 460 1715 eorumque
492 1663 819 1704 scribendorum
859 1662 1026 1704 ratione
1066 1659 1357 1714 traduntur&
1427 1662 1514 1703 Sed
1552 1662 1680 1703 iidem

87 1732 168 1774 loci
200 1733 256 1774 ad
287 1733 480 1774 infimam
520 1738 690 1786 partem
733 1733 887 1774 mediae
928 1733 1080 1783 aetatis,
1130 1733 1249 1774 cuius
1289 1746 1343 1774 ne
1385 1733 1469 1775 alia
1508 1733 1683 1786 quidem

89 1804 177 1845 ulla
222 1807 326 1845 nota
374 1805 728 1857 deprehenditur,
787 1805 866 1845 hos
924 1804 1088 1846 libellos
1136 1804 1296 1845 referre
1344 1804 1471 1856 plane
1519 1807 1682 1845 vetant.

90 1874 408 1927 Argumentum
439 1878 598 1925 autem.
647 1878 870 1928 sumptum
911 1889 962 1916 ex
1001 1875 1050 1916 iis
1089 1875 1205 1924 locis,
1255 1888 1362 1927 quos
1401 1874 1559 1916 scimus
1593 1878 1683 1916 stu-

93 1945 211 1986 diose
249 1948 456 1987 tractatos
496 1946 552 1987 ab
603 1946 903 1999 orthographis
950 1946 1061 1986 illius
1100 1945 1238 1986 aetatis
1279 1958 1391 1995 esse,
1441 1946 1590 1994 ordine
1629 1946 1685 1987 ad

92 2016 333 2057 litterarum
381 2016 534 2058 seriem
583 2017 672 2058 fere
722 2017 1070 2066 accommodato⁷
1126 2008 1180 2057 de
1234 2016 1409 2069 singulis
1464 2017 1684 2058 vocabulis

92 2087 394 2140 praecipiendo,
428 2088 519 2128 sine
551 2088 638 2129 ullo
671 2101 816 2128 rerum
848 2087 1088 2128 alienarum
1120 2089 1288 2136 ornatu,
1333 2087 1450 2128 nulla
1482 2088 1685 2129 affectata

93 2158 344 2200 eruditionis
377 2159 531 2212 specie,
581 2159 836 2207 absolvitur;
884 2158 927 2199 in
970 2172 1054 2211 quo
1087 2161 1234 2199 tamen
1266 2158 1410 2209 miror,
1460 2158 1685 2200 Osannum

132 2355 158 2400 ¹)
185 2358 254 2392 Cfr.
282 2358 364 2392 Maii
396 2358 494 2402 praef.
526 2370 560 2402 p.
593 2358 752 2392 XXXIII.
803 2358 963 2407 Heinrici
995 2362 1030 2393 et
1061 2358 1254 2392 Humberti
1286 2358 1435 2392 nomina
1466 2360 1634 2393 moderno
1666 2369 1687 2392 a

185 2416 434 2461 Transalpinis
461 2420 608 2461 accepta
633 2417 719 2451 dicit
744 2429 778 2461 p.
806 2416 885 2458 1112,
919 2417 1098 2458 Rainalffl,
1132 2417 1307 2459 Aimonis,
1339 2417 1528 2458 Volderici‚
1562 2418 1687 2452 Vazzo-

187 2475 252 2517 nis,
281 2476 429 2510 Vidonis
454 2487 488 2520 p.
517 2475 595 2518 121,
622 2476 684 2510 ubi
708 2478 867 2519 famosos
893 2479 952 2510 sui
978 2479 1146 2520 temporis
1171 2478 1329 2511 homines
1352 2479 1496 2511 Guazzo
1517 2482 1547 2510 et
1570 2478 1687 2511 Gm'do

187 2535 349 2578 seribere,
375 2536 560 2579 plerosque
586 2541 703 2570 autem
729 2537 798 2569 dzw
825 2547 885 2579 uu,
913 2537 1007 2579 quod
1031 2538 1174 2570 omnino
1201 2538 1341 2570 ratione
1366 2541 1498 2579 careat,
1525 2538 1686 2569 annotat.

187 2592 340 2627 Difficile
381 2589 446 2636 est,
483 2594 574 2628 mihi
611 2594 823 2638 praesertim,
863 2594 900 2628 in
939 2605 977 2628 re
1016 2594 1251 2639 diplomatica
1283 2595 1394 2628 [taliae
1428 2605 1501 2628 non
1533 2597 1687 2635 versato,

188 2652 334 2696 quando
360 2652 410 2686 ita
435 2654 542 2687 scribi
568 2657 727 2698 coeptum
753 2653 808 2694 sit,
843 2653 1073 2695 constituere,
1107 2654 1169 2688 sed
1195 2657 1320 2688 tamen
1346 2654 1515 2687 videntur
1540 2654 1617 2686 haec
1643 2653 1689 2686 ad

189 2711 370 2746 decimum
396 2713 454 2746 vel
480 2713 714 2747 undecimum
740 2712 914 2746 saeculum
940 2716 1118 2756 spectare;
1147 2716 1310 2747 extrema
1330 2712 1440 2747 medii
1465 2712 1532 2746 aevi
1558 2712 1689 2746 saecula

191 2770 340 2804 omnino
367 2772 574 2806 excludunt.
618 2772 681 2806 Est
707 2771 817 2805 etiam
845 2771 967 2816 aliqua
993 2772 1168 2816 temporis
1194 2775 1281 2806 nota
1306 2772 1343 2806 in
1368 2772 1422 2812 iis,
1457 2782 1537 2815 quae
1563 2783 1596 2815 p.
1620 2769 1687 2803 113

189 2829 233 2863 (16
265 2831 372 2863 michi
403 2834 438 2865 et
470 2832 579 2865 nichil
611 2830 750 2871 scribit,
790 2841 870 2874 quae
902 2832 1070 2865 moderno
1102 2841 1171 2865 usu
1203 2834 1347 2875 recepta
1378 2830 1570 2874 improbat.
1627 2830 1688 2863 Est

190 2888 266 2922 haec
299 2888 480 2923 scribendi
512 2889 603 2924 ratio
637 2900 709 2923 non
741 2889 792 2923 ita
817 2899 959 2930 recens;
995 2889 1065 2923 vid.
1092 2889 1206 2923 Nouv.
1234 2889 1340 2924 traite'
1366 2889 1410 2923 de
1436 2889 1621 2933 diplomat.
1649 2888 1687 2922 T.

189 2947 237 2981 IV
262 2959 297 2989 p.
323 2947 402 2982 507.
