1915 3235
151 269 185 294 70

150 770 184 794 71

958 130 1043 171 456

322 258 408 299 Sed
440 258 483 299 in
513 258 592 300 hos
625 261 768 300 tantos
809 272 974 301 errores
1012 252 1208 301 homines
1253 260 1366 302 docti
1408 274 1495 301 non
1536 261 1800 312 incidissent,

204 332 252 369 ut
283 334 451 370 veteres
484 329 578 381 illas
612 329 774 371 formas
809 343 904 371 cum
938 331 1176 372 recentiore
1208 331 1349 372 forma
1381 331 1512 372 futuri
1538 333 1677 373 exacti
1703 345 1804 373 con-

208 400 439 441 funderent
470 403 546 441 aut
578 400 731 441 saltem
765 401 822 442 ad
853 402 1122 454 praeteritum
1154 401 1396 454 perfectum
1421 401 1672 455 formasque
1705 403 1804 444 inde

205 470 422 511 derivatas
471 471 775 524 adiungerent,
831 471 913 513 nisi
959 472 1249 525 neglexissent
1299 473 1351 514 de
1399 474 1528 513 rebus
1577 486 1674 514 cum
1722 474 1803 515 hac

205 542 442 594 qtleestione
476 543 834 584 coniunctissimis
868 543 1069 596 cogitare.
1118 543 1313 596 Vulgaris
1348 543 1461 584 enim
1495 543 1626 585 futuri
1665 544 1803 585 exacti

207 612 347 654 forma
379 613 495 665 quod
527 626 552 654 a
584 613 775 666 perfecto
808 616 903 655 orta
942 614 1149 667 praeteriti
1189 614 1546 668 significationem
1588 615 1643 656 ab
1683 615 1802 657 initio

205 684 248 723 in
280 697 326 724 se
359 684 561 734 continet,
597 685 855 726 coniunctivi
887 685 1027 726 forma
1049 685 1148 726 inde
1172 686 1367 727 derivata
1389 687 1543 727 transit
1569 686 1802 739 aliquando

206 754 262 795 ad
308 755 445 796 solam
494 757 536 796 et
583 768 731 796 Veram
778 755 984 808 praeteriti
1032 756 1400 809 significationem,
1450 757 1566 809 quod
1614 757 1802 809 antiquae

204 825 302 866 huic
350 826 513 876 formae,
563 827 664 879 quia
712 826 845 867 futuri
892 827 1095 880 simplicis
1135 827 1190 868 ab
1231 827 1350 869 initio
1391 830 1456 869 est
1497 829 1539 868 et
1570 827 1628 869 ad
1659 828 1801 880 ipsum

204 896 399 937 futurum
455 900 654 938 exactum
707 898 1011 939 tantummodo
1072 898 1292 949 traducta,
1355 911 1579 951 nunquam
1633 898 1800 939 accidit.

203 967 341 1009 Nemo
375 967 489 1009 enim
523 968 629 1009 dixit
660 982 821 1021 neque:
871 982 1024 1023 (smero,
1070 969 1172 1023 quid
1200 969 1328 1022 faxit,
1372 983 1450 1022 pro
1484 982 1547 1019 eo,
1590 969 1706 1031 quod
1738 972 1802 1010 est

202 1039 361 1091 fecerit,
395 1052 556 1091 neque:
606 1039 709 1079 adeo
739 1039 825 1092 fuit
856 1054 1034 1092 severus,
1074 1045 1119 1080 ut
1150 1054 1366 1095 nunquam
1399 1041 1585 1090 amassit,
1626 1054 1704 1093 pro
1737 1053 1801 1091 eo,

205 1110 320 1161 quod
362 1112 425 1151 est
466 1111 636 1151 amarit.
700 1110 850 1163 Itaque
890 1111 1016 1164 vulgo
1057 1111 1245 1164 quidem,
1295 1111 1411 1164 quod
1450 1124 1599 1152 omnes
1640 1111 1802 1152 formas

204 1181 462 1222 coniunctivi
504 1195 530 1222 a
573 1181 718 1223 futuro
761 1184 913 1223 exacto
958 1184 1075 1223 ortas
1119 1181 1222 1223 satis
1263 1195 1466 1234 perverse
1498 1182 1690 1235 perfecto
1723 1182 1801 1223 ad-

203 1252 409 1302 scribunt,
455 1253 597 1305 fmrim
637 1266 808 1306 quoque
849 1255 891 1293 et
924 1253 1061 1293 (husim
1094 1255 1136 1293 et
1167 1253 1333 1305 reliqua
1366 1253 1578 1294 eiusmodi
1609 1253 1802 1306 perfecta

204 1323 461 1364 coniunctivi
494 1324 728 1376 appellant,
762 1324 839 1365 sed
871 1325 943 1377 qui
976 1324 1106 1377 paulo
1138 1324 1392 1377 prudentius
1425 1324 1693 1377 praecipiunt,
1729 1325 1801 1366 ad-

297 1489 353 1529 41,
377 1489 430 1523 12.
469 1491 603 1523 Fafm'm
622 1490 756 1524 mansit
774 1490 810 1523 in
830 1491 935 1524 certis
954 1490 1103 1533 optandi
1122 1489 1286 1523 formulis
1305 1488 1430 1532 (etiam
1450 1491 1587 1523 auoeitis
1601 1490 1637 1523 in
1652 1490 1802 1534 antiqua

298 1548 455 1582 formula
480 1549 699 1592 precationis
726 1549 823 1593 apud
849 1550 992 1583 Livium
1019 1549 1143 1590 XXIX,
1170 1548 1226 1590 27,
1253 1548 1305 1591 3);
1339 1559 1404 1592 pro
1432 1548 1661 1583 coniunctivo
1690 1549 1801 1583 futuri

298 1607 354 1641 vel
389 1608 576 1651 praesentis
610 1609 780 1643 Horatius
813 1609 932 1652 posuit
966 1609 1039 1642 Sat.
1066 1609 1108 1649 II,
1143 1608 1174 1648 6,
1207 1606 1228 1640 5
1256 1606 1343 1651 (oro,
1377 1613 1415 1641 ut
1446 1607 1560 1651 faxis)
1593 1611 1628 1643 et
1659 1608 1802 1642 Persius

297 1666 370 1700 Sat.
398 1667 422 1705 Ι,
451 1666 519 1699 112
551 1666 637 1707 (veto
672 1670 863 1712 quisquam
887 1670 983 1711 faxit
1009 1666 1152 1709 oletum)
1179 1665 1230 1710 [et
1251 1667 1384 1701 Fronto
1411 1668 1473 1711 Ep.
1501 1668 1547 1701 ad
1573 1667 1676 1701 amic.
1704 1668 1746 1709 II,
1782 1666 1801 1699 7

296 1737 329 1769 p.
358 1725 425 1758 193
451 1726 598 1760 Naber.:
626 1728 735 1761 Estne
761 1733 917 1771 cautim,
943 1739 985 1761 ne
1011 1729 1092 1771 quis
1117 1728 1273 1760 scribam
1297 1724 1443 1770 faxitffl.
1484 1729 1613 1761 Ausim
1639 1727 1675 1761 in
1702 1726 1802 1761 dubi-

296 1787 416 1818 tanter
443 1785 659 1820 affirmando
686 1788 783 1830 apud
810 1789 948 1820 ceteros
975 1786 1043 1830 legi
1069 1787 1267 1830 putabatur
1290 1786 1404 1830 (apud
1422 1785 1564 1820 Livium
1583 1788 1618 1820 et
1635 1785 1801 1819 Tacitum

297 1854 316 1876 e
343 1854 458 1886 prosae
484 1845 657 1879 orationis
684 1844 945 1890 scriptoribus),
979 1845 1075 1890 apud
1110 1844 1322 1879 Ciceronem
1354 1856 1427 1878 non
1459 1845 1557 1879 item.
1609 1845 1679 1879 Sed
1705 1847 1802 1878 recte

297 1902 518 1943 Schuetzius,
547 1904 759 1945 Eilendtius,
794 1904 949 1939 Orellius
982 1904 1033 1947 (in
1060 1905 1114 1938 ed.
1142 1903 1245 1945 min.)
1280 1904 1316 1938 in
1343 1904 1442 1938 Brut.
1477 1915 1504 1937 c.
1533 1903 1564 1945 5,
1598 1903 1642 1937 18
1675 1903 1802 1938 codici-

296 1962 364 1995 bus
391 1962 552 1996 obsecuti
579 1966 697 1997 cmsim
723 1975 787 2008 pro
815 1975 927 1997 ausus
952 1966 1020 1997 sim
1047 1963 1253 2004 ediderunt3
1281 1974 1367 1997 nam
1386 1974 1500 2007 quum
1526 1966 1696 1997 neutrum
1717 1962 1802 1996 alibi

296 2021 394 2064 apud
420 2021 631 2056 Ciceronem
657 2023 807 2066 legatur,
841 2023 909 2057 hoc
941 2024 1050 2057 aliam
1084 2026 1260 2067 praeterea
1285 2022 1396 2056 habet
1422 2033 1575 2056 summae
1600 2022 1801 2056 insolentiae

298 2083 423 2114 notam
450 2080 486 2114 in
512 2081 574 2114 illa
600 2082 717 2115 forma
742 2082 887 2125 passiva
912 2093 977 2126 pro
1003 2082 1126 2116 futuro
1154 2082 1356 2116 dubitativo
1382 2081 1511 2125 posita,
1539 2082 1582 2115 de
1610 2092 1681 2125 quo
1707 2080 1802 2114 infra

297 2139 426 2174 dicam.
478 2140 689 2174 Ciceronem
716 2141 752 2174 in
778 2141 878 2175 libris
906 2142 950 2176 de
976 2142 1115 2186 legibus
1142 2144 1178 2175 et
1203 2141 1348 2175 Livium
1374 2140 1411 2174 in
1432 2140 1637 2174 carminum
1664 2143 1700 2174 et
1725 2150 1801 2184 pre-

297 2209 382 2232 cum
408 2199 643 2242 antiquarum
669 2199 871 2234 imitatione
898 2201 991 2234 inter
1017 2200 1240 2244 antiquiores
1273 2211 1437 2240 numero,
1476 2202 1516 2233 ut
1548 2210 1613 2243 par
1646 2202 1709 2233 est.
1760 2199 1801 2232 In

296 2257 435 2300 legibus
463 2258 619 2301 denique
645 2262 680 2292 et
707 2259 858 2293 decretis
886 2271 999 2303 quum
1026 2258 1342 2303 frequentissimus
1368 2258 1414 2292 sit
1437 2269 1524 2292 usus
1543 2258 1656 2292 futuri
1674 2257 1800 2299 exacti,

298 2316 429 2350 veteris
467 2317 575 2351 huius
614 2317 726 2351 futuri
765 2319 866 2352 nulla
904 2330 963 2352 me
1000 2318 1151 2362 vestigia
1189 2317 1340 2352 memini
1372 2318 1529 2361 reperire
1562 2317 1629 2351 nisi
1661 2317 1697 2350 in
1724 2317 1802 2360 lege

297 2374 430 2408 Thoria
457 2374 558 2417 <anni
586 2376 653 2410 647
681 2389 710 2411 a.
739 2389 772 2411 u.
800 2376 857 2419 c.),
892 2376 1020 2422 [quam
1046 2389 1143 2412 nunc
1169 2376 1243 2411 fere
1270 2377 1407 2411 incerto
1434 2376 1582 2411 nomine
1609 2387 1705 2410 anno
1733 2375 1801 2409 643

298 2433 536 2477 adscribunt,]
564 2435 690 2479 fragm.
712 2435 730 2468 1
750 2447 782 2470 v.
802 2435 863 2470 25:
890 2439 942 2470 sei
958 2439 1039 2480 ‹Jm's
1054 2438 1181 2479 faoesit,
1208 2438 1369 2480 quotiens
1384 2438 1492 2479 faxit,
1521 2434 1598 2477 (sed
1617 2435 1653 2469 in
1673 2435 1801 2469 eadem

298 2493 375 2536 lege
402 2505 434 2527 v.
461 2493 507 2527 30
533 2498 603 2528 est:
643 2497 816 2539 quisquis,
850 2497 944 2539 quod
975 2507 1054 2529 eum
1086 2508 1129 2529 ex
1153 2496 1220 2528 ha<-
1245 2497 1316 2539 lesse
1339 2497 1458 2538 faeere
1484 2496 1692 2538 oportuerit,
1730 2505 1799 2528 non

296 2551 443 2594 fecerit),
479 2556 514 2586 et
540 2553 577 2587 in
603 2553 730 2597 fragm.
757 2554 844 2598 legis
871 2555 914 2588 de
940 2554 1122 2598 magistris
1148 2565 1327 2598 aquarum
1353 2554 1450 2598 apud
1477 2553 1724 2588 Hauboldium
1751 2551 1800 2597 (in

297 2611 457 2645 Monum.
484 2611 587 2654 legal.
615 2616 717 2646 extra
742 2613 852 2647 libros
878 2613 965 2647 iuris
991 2614 1096 2647 Rom.
1123 2611 1270 2656 sparsis)
1296 2624 1330 2657 p.
1351 2612 1418 2645 177
1444 2615 1480 2646 et
1506 2611 1590 2645 178:
1615 2614 1722 2655 faoeit,
1749 2614 1801 2646 iu-

297 2672 420 2712 rasse't,
453 2671 642 2705 ›e'udieassit
674 2671 727 2705 bis
755 2671 832 2714 (sed
859 2672 895 2706 in
922 2672 1049 2706 eadem
1075 2673 1153 2716 lege
1179 2673 1413 2712 denuntiarit,
1447 2674 1590 2715 venerit,
1622 2665 1801 2705 Μαντινε-

297 2731 347 2762 rit
375 2727 432 2770 (?)‚
461 2729 683 2772 iudicarim).
735 2731 954 2775 Scrupulum
981 2731 1069 2765 mihi
1096 2730 1208 2765 iniicit
1234 2731 1271 2764 in
1304 2731 1372 2764 hoc
1404 2731 1619 2774 fragmento,
1659 2730 1756 2774 quod
1782 2741 1801 2764 e

299 2788 431 2829 codice,
470 2799 543 2822 non
576 2800 619 2822 ex
650 2789 781 2833 lapide,
820 2790 992 2824 Marinius
1019 2790 1141 2832 edidit,
1181 2790 1306 2824 formae
1333 2789 1417 2823 alibi
1443 2789 1480 2823 in
1506 2788 1801 2833 inscriptionibus

300 2847 472 2881 inauditae
498 2847 674 2891 repetitio,
714 2859 829 2892 quum
863 2849 1063 2893 praesertim
1095 2849 1275 2884 scribendi
1301 2848 1392 2882 ratio
1419 2859 1492 2882 non
1518 2848 1624 2882 valde
1650 2847 1801 2891 antiqua

299 2906 355 2940 sit.
393 2905 611 2940 Dicemusne
639 2906 673 2940 in
701 2907 914 2950 repetitione
941 2908 1147 2942 vetustioris
1173 2908 1260 2951 legis
1286 2918 1398 2942 unam
1421 2910 1455 2941 et
1474 2907 1627 2941 alteram
1644 2906 1800 2941 formam

300 2967 478 2998 retentam
506 2964 608 2999 esse?
