1915 3235
808 142 892 183 293

61 275 276 317 codicibus
309 273 535 315 ediderunt
568 271 782 320 obstruxit,
815 270 1039 323 Zumptius
1061 271 1191 311 etiam
1214 274 1533 319 moumneutum,
1568 269 1645 310 sed

58 348 173 387 recte
204 344 424 393 intellexit⁷
465 343 623 384 debere
657 355 751 383 esse
782 345 1055 381 monumento.
1117 341 1180 382 Ita
1213 353 1263 381 eo
1295 341 1431 393 magis
1463 339 1644 392 posthac

61 415 277 457 edendum
325 415 425 463 erit,
481 413 596 466 quod
642 412 879 464 Krarupius
932 411 1093 464 liquido
1148 424 1200 452 ex
1252 411 1484 452 Parisiensi
1531 410 1646 451 7774

57 486 97 527 A
127 486 171 526 id
211 485 413 527 enotavit.
475 484 515 525 Is
561 483 696 525 codex
741 482 870 535 paulo
918 484 1018 523 ante
1064 495 1151 523 non
1197 481 1378 522 discedit
1417 495 1442 522 a
1480 480 1646 534 vulgari

58 557 269 608 scriptura
299 555 482 608 familiae
515 559 672 603 vestra),
716 554 790 594 ubi
823 566 875 594 ex
906 552 1061 601 UrsinL
1110 552 1309 593 Lambini
1348 551 1645 606 Guelferbyta-

57 628 209 679 nisque
242 626 364 667 codd.
398 625 621 678 Zumptius
655 623 788 665 edidit
818 628 931 664 tuum
963 622 1223 677 fumillceque
1254 627 1348 663 tuce.
1412 623 1465 663 Et
1504 624 1648 675 potest

57 697 162 738 illud
203 697 345 738 verius
388 696 541 740 videri,
591 707 724 748 quum
767 694 914 736 Cicero
956 706 1043 734 non
1084 695 1187 742 tam,
1237 693 1340 745 quid
1381 693 1522 745 Scipio
1565 692 1648 733 sibi

57 768 228 815 debeat,
278 780 410 819 quam
453 766 556 819 quid
596 766 740 819 [seueri
781 770 817 805 et
854 764 1025 813 uenum,
1070 763 1279 816 exquirat.
1342 762 1469 813 Quod
1500 764 1647 804 autem

59 851 192 879 unum
226 837 469 890 Scipionem
504 837 727 889 alloquens
758 838 919 885 tamen,
954 835 1090 876 relata
1124 834 1379 887 cogitatione
1402 833 1458 874 ad
1481 835 1646 874 ceteros

59 908 291 961 Scipiones,
332 907 437 948 dixit
468 912 626 956 vestroe,
670 907 827 956 nescio,
876 907 948 958 qui
980 905 1208 947 offenderit
1239 904 1499 958 Zumptium.
1563 903 1649 945 Sed

56 979 272 1020 interdum
304 978 569 1019 ratiunculas
604 979 871 1029 aucupantes
912 977 1118 1025 labimur3
1166 976 1270 1028 quid
1314 977 1379 1016 est
1421 974 1536 1016 enim
1578 974 1647 1015 illo
1683 967 1687 971 ¹

56 1049 298 1103 vulgatius?
330 1049 465 1090 Paulo
499 1053 596 1101 post
629 1061 663 1089 c.
698 1048 766 1097 37,
801 1047 853 1088 81
888 1047 1015 1100 vulgo
1049 1047 1261 1088 edebatur
1292 1046 1392 1087 inde
1425 1046 1480 1086 ab
1514 1045 1647 1086 Erne-

58 1121 159 1161 stio:
211 1133 274 1161 nee
306 1120 388 1160 istu
413 1119 631 1173 prceelara
663 1117 858 1158 'nobilitas
889 1117 1053 1159 desinat
1085 1118 1215 1172 queri,
1250 1117 1365 1169 quod
1398 1128 1649 1168 quanquam

56 1204 133 1244 per
165 1204 211 1232 se
235 1191 458 1243 Zumptius
490 1202 578 1231 non
603 1189 894 1241 improbabat,
928 1191 1088 1238 tamen,
1123 1188 1238 1241 qnod
1271 1187 1467 1228 codicum
1498 1186 1648 1227 melio-⁶

56 1275 152 1303 rum
184 1261 265 1302 hoc
297 1261 389 1302 loco
422 1260 730 1301 mendosorum
763 1260 942 1312 vestigia
985 1259 1067 1300 alio
1108 1259 1326 1307 ducerent,
1376 1271 1398 1298 e
1440 1257 1532 1298 cod.
1566 1257 1648 1297 La-

56 1345 168 1385 gom.
203 1332 256 1373 29
291 1331 424 1372 edidit
456 1330 621 1371 Deinde
652 1331 747 1371 ista.
810 1330 895 1371 Sed
927 1331 1045 1382 prius
1078 1329 1194 1378 illud,
1235 1341 1288 1369 ne
1330 1329 1424 1381 quis
1457 1327 1648 1377 reducat,

56 1403 198 1444 locum
230 1415 317 1444 non
348 1402 503 1450 habet3
538 1403 602 1442 est
635 1401 749 1442 enim
782 1414 953 1453 semper
985 1400 1256 1449 affirmantis,
1289 1412 1515 1451 nunquam
1548 1399 1649 1439 hor-

55 1473 186 1514 tantis
220 1475 260 1514 et
293 1472 479 1513 iubentis
513 1470 726 1524 (desinat).
788 1472 947 1513 Verum
990 1484 1043 1512 ne
1089 1471 1239 1511 delude
1278 1470 1453 1523 quidem
1497 1471 1648 1521 aptum

57 1543 261 1585 orationis
293 1543 579 1584 vehementiae
612 1545 687 1583 aut
719 1542 1025 1590 coniunctioni;
1074 1555 1213 1595 neque
1255 1541 1368 1582 enim
1402 1539 1649 1581 consecutio

57 1619 99 1655 et
131 1614 236 1656 ordo
269 1615 329 1655 rei
361 1616 549 1654 notatur.
613 1613 737 1654 Esset
775 1613 930 1654 saltem
963 1613 1142 1654 Desinat
1167 1612 1355 1667 posthae.
1419 1611 1481 1652 Ex
1512 1610 1648 1651 Paris.

57 1686 150 1727 cod.
185 1684 423 1737 Krarupius
458 1685 624 1725 notavit
656 1672 759 1724 EN.
786 1684 836 1724 (le
861 1685 941 1724 istu
973 1683 1135 1737 (Haun.
1169 1683 1218 1724 sle
1246 1672 1349 1724 Zff'.
1378 1681 1459 1734 de).
1508 1681 1650 1733 Indig-

56 1756 219 1798 nationi
267 1755 509 1808 erumpenti
559 1755 829 1796 satisfaceret
875 1768 1051 1807 prorsus
1105 1754 1290 1795 Tandem
1339 1755 1445 1801 istem
1500 1765 1651 1793 verum

58 1826 274 1880 quomodo
305 1829 395 1867 tam
429 1826 605 1867 obvium
638 1825 899 1867 vocabulum
931 1827 1021 1866 tam
1066 1825 1173 1866 mire
1207 1826 1455 1877 corruptum
1496 1823 1649 1872 dicam,

57 1899 221 1945 haere03
255 1897 370 1950 quod
403 1897 485 1938 dici
517 1897 631 1938 idem
665 1897 718 1937 de
751 1896 901 1937 deinde
932 1899 1088 1949 potest.

177 1968 390 2008 Minutum
424 1970 501 2016 est,
537 1967 835 2009 annotandum
866 1970 1014 2008 tamen
1047 1969 1223 2019 propter
1245 1965 1448 2018 loquendi
1472 1977 1652 2006 consue-

59 2038 267 2087 tudinem,
318 2052 351 2079 c.
384 2039 454 2088 44,
504 2039 557 2080 97
599 2039 643 2079 in
681 2038 843 2093 verbis:
891 2039 937 2078 iu
974 2037 1222 2091 supellectile
1257 2036 1301 2077 C.
1344 2036 1488 2077 Verris
1519 2034 1654 2076 veteri

58 2109 257 2150 Lambini
303 2109 438 2150 codici
485 2122 738 2162 praenomen
791 2109 991 2150 retinenti
1039 2108 1244 2149 accedere
1291 2106 1579 2148 Parisiensem
1629 2118 1653 2146 a

61 2180 273 2232 Krarupio
321 2180 543 2230 collatum,
593 2180 628 2221 si
669 2180 798 2221 modo
842 2180 877 2220 is
922 2180 1115 2220 diversus
1156 2180 1220 2219 est
1268 2176 1387 2230 (nam
1426 2177 1655 2229 perspecta

63 2250 340 2291 similitudine
373 2251 567 2292 codicum
591 2251 901 2292 Parisiensium
933 2251 1071 2291 maior
1103 2251 1168 2290 est
1201 2262 1331 2302 quam
1365 2249 1494 2288 antea
1528 2246 1655 2287 dubi-

58 2321 178 2370 tatio,
212 2333 296 2373 quo
329 2321 564 2362 Lambinus
597 2335 701 2362 usus
734 2319 819 2373 sit).
876 2321 929 2362 Et
960 2320 1233 2361 retinendum
1265 2318 1435 2360 videtur
1467 2318 1522 2359 ob
1558 2330 1656 2358 eam

60 2391 214 2444 ipsam,
248 2405 379 2444 quam
411 2392 637 2445 Zumptius
669 2392 713 2433 in
745 2392 976 2433 omissione
1010 2391 1198 2444 reperire
1231 2389 1313 2431 sibi
1334 2389 1518 2439 videtur,
1553 2401 1656 2430 con-

61 2465 250 2515 temptus
283 2462 653 2515 significationem.
716 2462 828 2503 Nam
861 2463 1019 2503 omisso
1061 2461 1329 2514 praenomine
1373 2460 1477 2501 nihil
1520 2459 1657 2500 habet

63 2533 227 2585 insigne
258 2533 402 2574 Verris
435 2547 551 2586 saepe
584 2534 643 2574 sic
678 2533 1003 2575 commemorati
1043 2533 1294 2586 appellatio;
1342 2530 1490 2572 addito
1529 2531 1655 2571 nota-

62 2605 132 2644 tur
178 2604 349 2656 proprie
395 2604 525 2646 homo
575 2603 708 2657 (quod
754 2603 846 2644 fieri
894 2603 1046 2644 eodem
1084 2603 1214 2644 modo
1252 2602 1296 2643 in
1335 2601 1450 2642 claro
1482 2600 1656 2642 homine

64 2673 238 2726 potest),
266 2674 525 2727 poniturque
544 2674 783 2716 contrarius
802 2673 988 2726 Scipioni
1007 2673 1185 2726 aliisque
1208 2672 1332 2714 claris
1355 2671 1469 2720 viris,
1503 2683 1654 2723 quem-

65 2744 299 2785 admodum
342 2744 454 2786 infra
496 2746 565 2794 58,
609 2745 692 2786 130
731 2744 904 2786 dicitur:
953 2744 1060 2799 quod
1100 2743 1160 2784 M.
1195 2742 1424 2783 Marcellus
1467 2764 1523 2769 -—
1565 2754 1656 2781 eon-

67 2820 255 2867 cesserat,
300 2838 355 2844 —
398 2815 444 2855 ul
478 2815 523 2856 C.
566 2815 716 2856 Verres
754 2815 932 2856 sustulit.
995 2814 1107 2855 Add.
1141 2813 1210 2863 35,
1251 2813 1318 2854 78.
1382 2811 1656 2854 Simillimum

70 2888 134 2926 est
165 2887 245 2927 hoc
279 2885 382 2936 eius,
417 2886 532 2938 quod
564 2899 696 2938 supra
729 2885 782 2926 de
814 2885 881 2935 ΙΙΙ,
915 2885 984 2935 24,
1018 2885 1074 2926 60
1106 2885 1205 2926 dixi.

1672 1764 1722 1791 362
