1915 3235
958 103 1041 145 728

196 233 345 273 tamen
378 233 533 284 potest,
582 234 630 273 ut
669 233 938 283 adverbium,
988 234 1054 274 cui
1093 234 1356 275 contrarium
1395 236 1629 288 respondet
1667 236 1796 278 disso-

196 303 291 352 lute,
341 303 637 356 comparativo
680 304 817 356 gradu
859 304 1049 357 positum
1091 304 1227 345 lateat
1268 305 1312 345 in
1352 305 1473 346 aliud
1505 309 1579 347 aut
1612 307 1796 362 aliquid;

196 373 422 426 aptissima
455 374 569 414 enim
610 373 704 414 haec
746 387 918 427 quoque
961 377 1123 416 eruntz'
1154 379 1200 416 ut
1242 375 1287 415 id
1327 389 1411 416 non
1451 377 1590 418 minus
1632 379 1678 418 in
1719 378 1798 419 hac

195 458 326 485 causa
358 444 578 497 laborarit,
627 458 684 485 ne
716 445 839 500 quid
880 444 950 499 (ex
989 460 1119 501 neque
1158 445 1203 487 in
1235 446 1329 487 cod.
1364 446 1584 500 Tegerns.,
1628 448 1676 498 V,
1719 449 1796 490 ali-

196 517 301 567 quot
333 513 508 568 Kelleri)
556 515 799 556 contendere
843 518 956 557 aeri
967 531 1023 557 us
1064 531 1191 572 quam
1231 531 1282 557 ne
1326 517 1522 558 dissolute
1564 519 1798 574 relinquere

194 585 421 627 videretur.
485 586 571 627 Sed
602 587 767 627 incerta
800 587 1048 629 diiudicatio
1082 590 1160 629 est.
1174 584 1208 640 1)

313 656 513 709 Longius,
555 670 687 710 quam
718 660 992 710 putaveram,
1036 671 1106 700 me
1138 660 1336 711 provexit
1366 672 1612 708 renascens,
1663 672 1796 713 quum

195 727 429 780 aliquando
461 727 518 768 ad
549 728 631 769 hoc
663 728 879 770 scribendi
911 743 1045 782 genus
1078 729 1198 779 redii,
1232 731 1377 771 nescio
1410 730 1482 783 qui
1515 743 1638 772 amor
1670 732 1709 772 et
1744 744 1797 772 ex

194 798 461 839 inveniendis
494 800 537 840 et
569 799 919 841 demonstrandis
958 801 1157 853 quamvis
1195 801 1372 841 minutis
1410 801 1541 842 rebus
1581 801 1795 854 voluptas.

195 869 344 922 ltaque
376 870 462 910 iam
496 883 631 923 prope
665 870 855 912 convicio
889 871 945 912 ad
978 871 1062 912 alia
1094 871 1348 913 meditanda
1380 874 1423 913 et
1455 872 1624 925 agenda
1650 885 1793 923 vocor,

196 941 265 981 vix
297 942 344 981 ut
375 940 564 993 spatium
596 941 702 982 mihi
734 941 1004 994 relinquatur
1026 955 1096 983 me
1118 942 1197 983 tibi
1220 942 1567 984 commendandi.
1621 943 1796 984 Faciam

193 1010 322 1063 igitur
353 1011 607 1053 brevissime
640 1015 684 1054 et
725 1013 816 1054 sine
856 1012 943 1054 ullo
983 1012 1213 1054 verborum
1257 1012 1585 1055 ambitiosorum
1625 1016 1795 1056 ornatu.

192 1082 299 1123 Vale
331 1085 374 1123 et
406 1087 503 1124 tuas
537 1096 605 1124 res
638 1083 750 1124 bene
783 1086 882 1136 age!

311 1189 486 1230 Haunia
519 1189 587 1230 die
619 1189 715 1230 XIV
746 1203 803 1230 m.
839 1189 1038 1230 Octobris
1072 1202 1097 1230 a
1130 1189 1403 1231 MDCCCLV.

192 1427 496 1474 Coniecturae
541 1428 600 1474 de
645 1427 763 1474 locis
802 1427 1049 1474 Ciceronis
1088 1429 1371 1475 orationum
1409 1428 1795 1488 Philippicarum

381 1524 615 1581 quattuor
653 1524 1036 1581 postremarum,
1076 1524 1139 1569 ad
1179 1523 1288 1571 Car.
1328 1523 1596 1571 Halmium.

309 1637 418 1679 Phil.
441 1638 512 1688 XI,
545 1637 586 1687 4,
621 1639 646 1679 8
669 1639 805 1679 verba
837 1639 898 1680 sic
931 1639 1235 1692 distinguenda
1257 1640 1376 1679 sunt:
1416 1638 1618 1688 „Dolores
1646 1639 1795 1680 Trebo-

189 1709 287 1749 nius
310 1709 489 1762 pertulit
523 1710 732 1763 maqnosf‘
802 1709 930 1751 Multi
962 1724 1010 1750 eac
1042 1710 1175 1751 morbi
1212 1710 1422 1764 yravitate
1461 1710 1656 1763 maiores,
1696 1724 1796 1765 quos

192 1803 247 1808 —
279 1780 456 1820 solemus
488 1779 639 1820 dicere.
695 1779 892 1835 „Lonyus
921 1781 1008 1833 fuit
1040 1781 1196 1822 dolor.“
1251 1780 1410 1834 Bidui;
1443 1786 1487 1822 at
1518 1780 1798 1834 compluribus

191 1864 400 1891 annorum
432 1865 540 1905 soepe
578 1851 817 1892 multorum.
882 1851 996 1893 Certi
1036 1865 1116 1893 nec
1155 1851 1392 1893 admodum
1434 1851 1549 1904 longi
1587 1851 1795 1904 temporis

190 1921 445 1974 significatio
478 1920 631 1974 (bidui)
671 1935 759 1963 non
801 1924 901 1975 apte
941 1923 1174 1964 includitur
1211 1923 1255 1963 in
1294 1922 1516 1974 querelam
1550 1922 1604 1963 de
1637 1922 1795 1964 doloris

192 1991 497 2040 diuturnitate;
532 1995 682 2034 contra
715 1993 944 2034 elevationi
978 1994 1202 2046 aptissima
1236 1997 1320 2034 est:
1366 1992 1509 2043 Quam
1540 1993 1668 2046 igitur
1700 1993 1794 2034 lon-

192 2065 300 2115 gus?
349 2063 474 2104 Bidui
507 2063 704 2112 omnino;
738 2065 784 2105 at
816 2087 885 2105 —.

310 2134 402 2175 Ibd.
436 2134 476 2183 9,
510 2135 585 2175 22:
626 2139 765 2175 lamen
796 2148 939 2175 rerurn
971 2140 1131 2175 natura
1162 2136 1268 2188 coqit
1299 2140 1336 2175 te
1367 2135 1601 2175 necessario
1632 2133 1795 2186 referre

191 2206 381 2244 animum
429 2205 660 2260 aliquando
708 2205 765 2245 ad
813 2204 1078 2246 Dolabellam
1117 2205 1465 2260 persequendum.
1537 2206 1634 2247 Non
1680 2216 1795 2246 nunc

191 2275 380 2328 quidem,
430 2289 564 2328 quum
603 2275 709 2316 nihil
749 2276 805 2316 ad
842 2276 1031 2316 Pansam
1072 2276 1177 2317 Asia
1217 2279 1260 2317 et
1298 2276 1523 2317 Dolabella
1554 2277 1809 2329 pertinent;.

192 2346 269 2386 sed
312 2346 386 2386 fiet
427 2346 483 2396 id,
532 2346 579 2396 si,
629 2346 746 2399 quod
788 2346 936 2388 Cicero
979 2346 1214 2397 dissuadet,
1265 2347 1511 2389 consulibus
1545 2347 1792 2400 designatis

192 2415 334 2457 Hirtio
374 2418 417 2457 et
447 2417 616 2466 Pansae,
664 2417 769 2458 Asia
812 2419 855 2457 et
896 2417 1031 2470 Syriae
1075 2417 1261 2459 decretae
1304 2421 1442 2459 erunt.
1507 2418 1655 2470 Itaque
1689 2417 1792 2459 scri-

192 2486 386 2527 bendum
418 2487 588 2528 videtur
620 2493 729 2541 coqu
760 2484 859 2540 te.²)

219 2683 247 2727 ¹)
276 2684 359 2728 [Pro
386 2684 438 2726 iis,
466 2696 547 2728 quae
573 2686 617 2719 de
643 2689 806 2720 extrema
831 2690 933 2730 parte
959 2687 1132 2721 orationis
1159 2686 1180 2729 ξ
1200 2686 1266 2721 104
1285 2688 1511 2733 scripseram,
1538 2687 1690 2721 meliora
1709 2687 1791 2721 sub-

289 2744 389 2778 stitui
415 2744 505 2778 Adv.
533 2743 617 2777 Crit.
646 2744 694 2777 III
720 2755 754 2787 p.
783 2744 850 2778 126
876 2744 970 2790 sqq]

231 2802 259 2845 ²)
286 2801 359 2846 [Sic
384 2803 551 2837 Halmius
576 2813 614 2836 se
640 2803 802 2836 codicem
828 2805 1136 2848 Tegernseensem
1169 2809 1204 2838 et
1230 2805 1451 2839 Bernensem
1485 2807 1650 2838 secutum
1683 2805 1790 2848 scrip-

289 2861 378 2896 sisse
403 2862 492 2896 mihi
518 2860 760 2906 significavit]
