1915 3235
874 127 930 168 59

103 255 208 297 satis
242 254 449 308 exposita,
499 256 713 307 quaedam,
762 256 818 297 ad
857 269 955 309 quae
988 255 1245 309 exponenda
1283 257 1413 296 tenue
1455 254 1695 296 subsidium

104 338 199 367 esse
231 325 429 366 videatur
462 325 504 366 in
537 328 732 367 veterum
765 325 1067 376 monumentis,
1108 326 1197 367 sive
1229 325 1274 366 in
1304 324 1434 366 initiis
1466 325 1592 365 huius
1625 338 1694 366 or-

105 395 213 436 dinis
246 409 272 436 a
303 395 430 448 plebe
471 396 722 437 secernendi
761 396 850 437 sive
889 397 932 437 in
972 409 1036 446 ea,
1085 409 1182 449 quae
1221 398 1373 449 postea
1410 395 1473 436 rei
1510 395 1695 448 publicae

103 466 250 507 liberae
274 466 598 519 primorumque
621 466 932 519 imperatorum
956 466 1225 519 temporibus
1242 466 1335 516 fuit,
1369 465 1522 507 forma.
1570 465 1696 516 Quod

102 537 137 578 si
179 536 413 578 obscurum
462 550 556 578 esse
595 539 808 589 putarem,
857 538 1002 579 multis
1051 537 1257 590 exemplis
1306 538 1348 577 et
1392 549 1539 577 rerum
1586 536 1695 577 falso

99 606 357 649 traditarum
398 609 441 648 et
478 620 564 648 non
603 608 895 660 quaesitarum,
945 622 1078 661 quum
1117 608 1184 649 vel
1223 607 1410 648 maxime
1450 606 1695 659 quaerendae

101 680 258 727 essent,
293 677 548 719 confirmare
580 676 815 731 possem.¹)
878 679 972 729 Quo
1003 679 1154 731 magis,
1195 678 1230 719 si
1263 677 1379 730 quod
1411 677 1468 718 ad
1500 690 1564 727 ea,
1599 690 1695 729 quae

99 748 187 789 iam
219 750 319 789 ante
353 748 596 798 exstabant,
643 762 804 790 novum
844 750 898 790 de
936 750 1002 790 his
1041 749 1247 790 institutis
1287 747 1468 789 accessit
1498 748 1695 789 testimo-

100 818 232 868 nium,
282 818 508 872 diligenter
547 819 589 859 id
629 820 992 861 considerandum
1032 821 1109 869 est,
1158 831 1342 872 quaeque
1374 819 1418 859 in
1448 818 1697 859 huiusmodi

101 889 391 942 disputatione
424 903 510 931 una
542 903 644 931 vera
676 891 785 932 ratio
818 893 895 941 est,
929 890 1177 939 videndum,
1219 903 1352 942 quum
1393 889 1496 941 quid
1528 902 1554 930 a
1585 891 1696 930 teste

101 960 280 1010 dicatur,
314 962 407 1003 tum
441 963 655 1013 quatenus
689 960 728 1001 ei
760 959 1024 1001 credendum
1056 960 1123 1010 sit,
1158 963 1201 1001 et
1234 960 1450 1013 quomodo
1482 959 1539 1009 id,
1580 959 1696 1011 quod

99 1030 226 1080 dicat,
261 1044 359 1071 cum
391 1030 454 1080 iis,
489 1044 585 1083 quae
618 1031 674 1072 ab
707 1031 800 1072 aliis
826 1031 940 1072 dicta
964 1033 1176 1081 tenemus,
1211 1030 1571 1083 coniungendum.
1620 1030 1694 1071 Est

100 1103 247 1142 autem
279 1101 464 1142 instituti
496 1102 553 1142 ad
585 1101 779 1143 ordinem
813 1104 1057 1154 equestrem
1091 1102 1341 1154 spectantis,
1391 1101 1510 1142 cuius
1549 1101 1593 1141 in
1626 1113 1695 1141 ce-

98 1172 201 1213 teris
233 1173 524 1227 monumentis
557 1171 824 1225 antiquitatis
857 1171 1003 1213 tenuia
1043 1172 1247 1225 quaedam
1286 1172 1466 1225 vestigia
1504 1171 1695 1212 invenie-

98 1242 271 1293 bantur,
304 1243 481 1285 minime
513 1245 652 1284 totam
683 1256 773 1284 rem
809 1242 1086 1292 declarantia,
1121 1241 1374 1295 significatio
1405 1241 1542 1283 multo
1568 1255 1694 1294 aper-

97 1313 192 1364 tior,
241 1316 284 1354 et
331 1327 427 1366 quae
476 1314 529 1354 de
576 1313 670 1366 ipsa
716 1326 762 1354 re
810 1313 1125 1354 dubitationem
1173 1312 1314 1362 tollat,
1362 1312 1405 1353 in
1453 1312 1695 1365 fragmento

100 1384 316 1426 Ciceronis
349 1384 447 1425 libri
478 1384 533 1424 IV
566 1385 618 1425 de
642 1385 707 1425 Re
732 1384 924 1433 Publica,
957 1384 1154 1437 neglecta
1186 1386 1334 1424 tamen
1367 1386 1407 1424 et
1439 1383 1585 1424 nescio
1610 1397 1695 1436 quo

99 1468 201 1495 casu
234 1455 289 1495 ab
322 1451 385 1505 iis,
420 1455 493 1508 qui
524 1456 603 1496 hos
628 1455 759 1496 libros
784 1455 1031 1507 nuperrime
1057 1454 1296 1503 ediderunt,
1331 1456 1371 1495 et
1396 1467 1422 1495 a
1446 1454 1694 1498 Niebuhrio,

97 1526 145 1566 V.
181 1526 255 1575 CL,
297 1526 544 1567 obscurata.
615 1525 677 1566 De
725 1539 777 1566 ea
822 1538 869 1566 re
916 1525 1125 1567 nonnulla
1163 1524 1374 1566 disserere
1412 1525 1593 1578 placuit,
1642 1538 1696 1566 ne

99 1609 217 1637 error
240 1596 402 1637 recenti
426 1597 600 1637 invento
626 1596 769 1637 illatus
793 1597 1082 1637 inveterascat
1107 1598 1149 1636 et
1174 1595 1292 1644 alios,
1327 1595 1695 1647 quemadmodum

100 1666 187 1707 iam
220 1666 402 1719 coepisse
434 1667 691 1715 videbimus,
725 1667 884 1719 gignat.
948 1666 1141 1719 Intelligo
1174 1668 1334 1715 autem,
1379 1679 1442 1715 ea,
1478 1679 1574 1717 quae
1608 1665 1695 1706 dis-

97 1739 328 1790 putaturus
376 1751 485 1787 sum,
536 1740 575 1778 et
626 1737 890 1779 evidentiora
937 1737 1083 1778 futura
1130 1737 1275 1787 fuisse,
1325 1739 1380 1783 et,
1430 1749 1561 1789 quam
1609 1736 1694 1777 vim

97 1807 311 1849 haberent
343 1808 398 1849 ad
431 1808 536 1849 alias
569 1808 695 1849 huius
736 1809 788 1850 de
829 1809 1017 1861 equestri
1057 1808 1205 1850 ordine
1246 1807 1494 1860 quaestionis
1534 1809 1694 1859 partes.

139 2005 168 2050 ¹)
193 2008 241 2041 Ut
266 2018 381 2041 unum
408 2008 618 2051 exemplum
644 2019 789 2052 ponam,
828 2008 868 2049 is,
907 2008 969 2051 qui
1002 2007 1211 2051 nuperrime
1236 2007 1404 2041 instituta
1429 2006 1564 2040 ordinis
1591 2016 1696 2049 eque-

192 2066 275 2100 stris
301 2066 416 2100 aetatis
449 2077 522 2100 non
555 2066 816 2110 antiquissimae
848 2067 970 2111 aliqua
1001 2078 1044 2100 ex
1077 2070 1179 2110 parte
1211 2066 1340 2110 attigit,
1379 2077 1493 2109 quum
1527 2065 1570 2098 de
1602 2064 1696 2098 notis

193 2135 385 2159 censorum
414 2125 666 2159 Romanorum
693 2129 825 2169 ageret,
864 2126 987 2159 Iarcke
1021 2124 1107 2167 (Das
1141 2124 1368 2158 censorische
1402 2124 1601 2158 Strafrecht
1635 2124 1698 2158 der

193 2185 329 2218 Romer
354 2195 388 2228 p.
412 2182 470 2226 65)
498 2184 574 2218 eius
600 2184 736 2218 ordinis
762 2185 856 2218 hanc
881 2184 1002 2228 posuit
1029 2184 1326 2227 descriptionem:
1361 2184 1477 2217 Einen
1503 2184 1695 2217 besondern

198 2244 316 2278 Stand
341 2244 492 2277 bildeten
517 2244 674 2277 nc'imlich
705 2245 761 2277 die
789 2244 1027 2286 Geldreiehen,
1062 2244 1170 2277 deren
1202 2244 1411 2277 Reiehthum
1442 2243 1539 2276 nicht
1570 2244 1608 2274 in
1641 2243 1697 2275 lie-

192 2304 328 2345 9enden
362 2304 554 2345 Grt'anen,
593 2304 746 2336 sondern
782 2305 818 2336 in
848 2314 993 2346 messem
1030 2303 1311 2336 Geldbestc‘inden
1344 2302 1498 2344 lam-uhte,
1536 2302 1612 2334 und
1643 2302 1698 2334 die

195 2362 298 2394 ihren
324 2362 472 2395 Ermerb
500 2364 540 2395 in
565 2363 877 2396 merkantilischen
905 2362 1116 2403 Gesehdften
1139 2362 1294 2404 faudem
1328 2360 1364 2394 in
1398 2371 1469 2404 quo
1504 2359 1697 2393 discrimen

195 2419 405 2454 divitiarum
432 2421 619 2454 constituit
644 2420 680 2454 in
707 2421 774 2454 hac
800 2432 838 2454 re
864 2419 1068 2454 inauditum
1096 2419 1283 2460 Romanis,
1316 2419 1413 2463 apud
1445 2430 1536 2463 quos
1569 2429 1697 2452 census

195 2482 363 2522 equester
400 2491 444 2513 ex
482 2480 651 2513 omnibus
690 2479 878 2523 aequaliter
915 2478 1190 2520 conficiebatur,
1235 2489 1316 2522 quae
1354 2477 1476 2511 censui
1516 2477 1698 2511 censendo

198 2541 311 2579 erant,
345 2538 570 2582 exclusitque
596 2549 709 2582 genus
735 2538 944 2572 divitiarum
970 2538 1066 2582 apud
1094 2537 1173 2571 illos
1200 2536 1508 2578 honestissimum,
1542 2536 1579 2570 in
1610 2547 1698 2580 pra>—

197 2597 263 2631 diis
289 2597 432 2631 rusticis
458 2597 629 2641 positum,
663 2597 869 2641 relictisque
901 2597 937 2630 in
964 2596 1122 2641 equestri
1149 2595 1275 2630 ordine
1301 2595 1385 2629 solis
1412 2594 1697 2639 negotiatoribus

198 2659 234 2690 et
259 2655 474 2700 publicanis,
507 2667 633 2690 omnes
666 2659 701 2689 et
727 2655 763 2689 in
789 2656 862 2690 otio
889 2655 965 2690 sine
991 2655 1169 2689 eiusmodi
1195 2658 1337 2699 quaestu
1363 2658 1398 2688 et
1424 2654 1461 2688 in
1487 2653 1566 2687 aliis
1592 2664 1697 2697 nego-

197 2714 255 2748 tiis
280 2715 443 2749 viventes
469 2715 625 2756 sustulit,
663 2718 704 2749 ut
737 2725 803 2748 nec
836 2714 908 2748 iam
933 2714 1108 2748 Maeeenas
1141 2725 1208 2748 nec
1234 2714 1375 2748 Atticus
1402 2724 1513 2757 eques
1539 2714 1696 2746 maneat.

196 2773 274 2807 Hoc
300 2773 539 2808 fundamento
565 2773 694 2818 posito,
729 2784 844 2817 quum
877 2773 1067 2807 accesserit
1098 2773 1180 2807 talis
1213 2773 1407 2807 verborum
1434 2771 1696 2815 interpretatio,

197 2836 247 2873 ut,
275 2833 371 2876 quod
398 2833 494 2877 apud
520 2832 664 2866 Livium
690 2832 865 2876 scriptum
891 2835 955 2873 est,
989 2834 1168 2875 stipendia
1200 2834 1299 2876 equis
1318 2832 1478 2875 privatis
1507 2832 1627 2873 facere
1653 2829 1697 2862 sit

198 2894 377 2935 stipendia
403 2893 501 2935 equis
528 2893 713 2934 ademptis,
740 2892 772 2924 h.
799 2902 825 2925 e.
853 2893 929 2924 sine
954 2893 1063 2935 equis,
1093 2893 1185 2924 inter
1204 2892 1343 2934 pedites
1365 2891 1484 2933 facere
1504 2888 1590 2930 (vid.
1612 2888 1695 2922 ibid.

197 2962 231 2994 p.
254 2949 322 2992 ΤΟ),
349 2961 421 2984 non
448 2954 567 2995 potest
593 2961 666 2984 non
692 2953 768 2984 tota
794 2960 851 2983 res
877 2950 1092 2993 perturbari.

1715 1183 1749 1208 74
