1915 3235
167 296 236 337 39.

163 437 234 478 40.

161 579 232 619 41.

159 720 229 761 42.

158 860 230 902 43.

154 1214 225 1255 45.

171 1425 216 1480 †)

37 1781 108 1823 46.
145 1781 216 1822 47.

807 165 891 206 243

301 289 534 337 Castrum
577 294 648 336 No
661 309 764 336 uum
806 295 850 336 in
889 294 1047 336 Piceno
1091 294 1202 336 circa
1241 295 1394 336 eadem
1425 298 1636 349 tempora,

295 365 513 407 maritima
546 367 700 407 civium
734 365 883 419 (supra
914 380 957 419 p.
991 365 1076 407 265
1107 363 1228 418 not).

296 436 540 477 AEsernia
580 437 624 477 in
663 437 838 479 Samnio
879 450 992 478 anno
1029 438 1128 489 post
1164 436 1354 477 Firmum
1388 436 1509 490 (Vell.
1543 437 1636 479 coll.

294 507 383 548 Liv.
418 506 518 559 epit.
554 505 638 559 16),
674 507 839 558 Latina,
872 509 984 549 inter
1018 507 1085 548 18.

294 577 529 618 AEsulum
567 578 610 618 in
651 578 771 619 Latio
811 577 934 619 annis
973 577 1029 619 22
1068 580 1165 631 post
1201 578 1442 620 AEserniam
1483 577 1637 632 (Vell.),

293 648 476 690 fortasse
509 648 662 689 civium
696 647 844 701 (supra
876 662 918 701 p.
952 648 1038 689 264
1068 647 1188 701 not).

292 718 489 759 Alsium
535 720 579 759 in
625 718 795 759 Etruria
843 719 994 761 eodem
1042 732 1168 770 anno,
1217 719 1434 760 maritima
1482 719 1637 761 civium

292 788 440 843 (supra
473 803 514 842 p.
549 787 666 841 265).

295 859 532 914 Freqence
556 859 725 901 duobus
755 861 877 901 annis
901 863 999 914 post
1022 861 1202 911 Alsium,
1236 860 1453 902 maritima
1478 861 1633 902 civium

291 930 441 985 (supra
472 945 513 984 p.
547 930 664 983 265).

290 1000 644 1043 Brundusium
675 1002 720 1042 in
753 1014 854 1054 agro
880 1001 1115 1043 Sallentino
1144 1015 1256 1043 anno
1284 1004 1381 1055 post
1405 1001 1633 1054 Fregenas,

286 1072 511 1125 ,Torquato
536 1072 875 1125 Sempronioque
902 1085 1023 1122 coss,
1057 1072 1101 1113 id
1124 1075 1189 1114 est
1213 1070 1356 1126 244¹),
1391 1072 1513 1126 (Vell.
1541 1072 1634 1114 coll.

289 1144 377 1185 μὶν.
412 1144 512 1196 epit.
548 1142 633 1196 19),
667 1144 833 1193 Latina,
867 1144 979 1184 inter
1015 1144 1082 1184 18.

289 1213 567 1268 Spoletium
623 1214 667 1255 in
723 1214 905 1255 Umbria
960 1213 1143 1255 triennio
1196 1216 1295 1267 post
1342 1214 1632 1256 Brundusium

287 1284 410 1338 (Vell.
453 1285 546 1327 coll.
589 1285 678 1326 Liv.
723 1298 790 1338 ep.
834 1284 927 1337 20),
983 1285 1156 1335 Latina,
1210 1285 1321 1326 inter
1371 1285 1422 1326 18
1479 1283 1628 1337 (supra

287 1370 328 1409 p.
363 1354 479 1407 268).

288 1426 575 1467 Valentiam
606 1426 778 1467 biennio
811 1428 909 1479 post
941 1426 1171 1467 deductam
1203 1425 1351 1467 scribit
1374 1426 1493 1476 Vell.‚
1526 1439 1629 1467 nus-

283 1511 414 1551 quam
462 1497 563 1538 alibi
609 1496 892 1546 nominatam,
939 1509 994 1538 ne
1040 1497 1083 1537 in
1125 1496 1225 1537 belli
1269 1497 1443 1549 quidem
1481 1496 1631 1537 Punici

280 1568 473 1610 historia.
536 1567 642 1618 Quae
675 1567 710 1608 si
741 1567 828 1608 ulla
860 1567 940 1608 fuit
972 1567 1142 1608 diversa
1175 1580 1200 1608 a
1230 1567 1397 1608 Vibone
1430 1566 1531 1620 (vid.
1564 1567 1630 1608 in—

281 1638 364 1692 fra)
411 1652 491 1680 nec
530 1652 582 1679 ex
621 1637 869 1679 confusione
909 1640 1003 1679 orta
1042 1640 1126 1688 est,
1174 1638 1349 1690 ignobili
1389 1638 1547 1691 oppido
1586 1639 1630 1679 in

281 1710 482 1751 Calabria
513 1709 716 1762 imposita
749 1711 791 1750 et
824 1722 924 1750 mox
957 1709 1131 1750 sublata
1164 1713 1242 1750 est.

283 1780 521 1822 Cremona
556 1786 597 1821 et
631 1779 903 1820 Placentia
936 1781 980 1820 in
1013 1779 1150 1821 Gallia
1183 1780 1238 1821 ad
1269 1779 1438 1820 Padum
1471 1793 1510 1820 a.
1544 1779 1628 1820 218

280 1851 475 1894 Cornelio
509 1855 551 1893 et
583 1851 836 1904 Sempronio
871 1864 976 1892 coss.
1011 1849 1185 1903 (Ascon.
1218 1851 1274 1891 ad
1299 1850 1383 1892 Cic.
1417 1851 1460 1891 in
1482 1850 1626 1892 Pison.

278 1923 382 1973 init„
416 1922 566 1976 Polyb.
599 1922 665 1971 III,
699 1922 768 1971 40,
804 1922 842 1971 3,
876 1921 966 1962 Liv.
1000 1922 1100 1974 epit.
1134 1917 1268 1974 20)2),
1310 1922 1487 1971 Latinae,
1527 1921 1627 1963 Pla-

279 1994 417 2035 centia
449 1993 634 2034 Asconio
665 1996 788 2042 teste,
837 1994 1020 2044 utraque
1058 1993 1169 2033 inter
1204 1992 1270 2033 18.
1334 1992 1477 2042 Quum
1517 1992 1618 2033 Gal-

276 2066 415 2106 lorum
458 2063 771 2105 incursionibus
817 2064 975 2104 attritae
1018 2065 1161 2104 essent
1200 2063 1306 2116 (Liv.
1339 2063 1506 2113 XXVII,
1558 2064 1625 2113 11,

275 2136 426 2185 XXXI,
463 2136 529 2184 10.
564 2134 650 2187 21),
686 2147 723 2175 a.
753 2134 837 2175 190
869 2146 944 2174 sex
970 2134 1103 2174 millia
1134 2134 1397 2174 familiarum
1430 2147 1456 2175 a
1478 2134 1628 2175 trium-

275 2208 375 2248 viris
409 2220 458 2248 eo
492 2206 677 2247 deducta
711 2208 811 2246 sunt
843 2204 951 2258 (Liv.
985 2204 1191 2253 XXXVII,
1225 2203 1314 2257 46).

70 2403 98 2448 ¹)
124 2407 216 2441 Hinc
240 2407 474 2451 regrediendo
507 2418 570 2451 per
596 2417 766 2440 numeros
792 2406 954 2439 Firmum
986 2408 1021 2439 et
1047 2405 1213 2438 Castrum
1245 2404 1387 2438 Novum
1420 2405 1619 2439 referemus

127 2466 170 2500 ad
198 2477 229 2500 a.
256 2465 334 2506 270,
372 2467 408 2500 id
435 2469 499 2507 est,
538 2469 621 2500 ante
647 2465 854 2499 Ariminum
886 2468 921 2498 et
947 2464 1198 2498 Beneventum
1230 2474 1424 2508 ponemus;
1463 2467 1624 2508 apparet,

126 2529 188 2559 aut
213 2525 279 2559 has
305 2525 462 2559 colonias
488 2536 561 2559 non
586 2528 682 2558 recte
708 2523 892 2558 ordinatas
920 2534 996 2556 esse
1023 2535 1043 2557 a
1068 2523 1203 2557 Velleio
1230 2526 1292 2556 aut
1317 2533 1489 2556 numeros
1515 2522 1621 2556 valde

124 2584 363 2627 perturbatos.
427 2582 600 2626 [Zonaras
632 2583 712 2616 VIII
748 2594 781 2626 p.
808 2581 877 2615 380
909 2582 988 2616 Par.
1027 2582 1126 2616 brevi
1170 2585 1251 2626 post
1294 2581 1475 2625 Pyrrhum
1518 2581 1624 2614 Italia

126 2646 350 2677 summotum
377 2643 556 2677 coloniam
580 2642 829 2676 Brundusium
857 2641 1006 2674 missam
1033 2638 1168 2683 tradit]

68 2697 97 2743 ²)
123 2701 197 2743 His,
224 2713 297 2736 non
323 2702 501 2746 prioribus
528 2713 628 2742 coss„
663 2701 835 2735 deductas
862 2699 981 2733 media
1008 2703 1142 2741 aestate,
1175 2699 1399 2733 Placentiam
1425 2699 1514 2743 prid.
1542 2698 1625 2732 Kal.

123 2761 201 2794 Iun.
228 2761 367 2795 ostendi
393 2761 429 2794 in
456 2761 547 2804 App.
575 2760 650 2794 crit.
678 2760 766 2803 disp.
795 2759 838 2792 de
865 2759 994 2792 Ascon.
1022 2770 1054 2802 p.
1081 2758 1126 2791 20
1153 2762 1187 2792 et
1213 2757 1267 2792 21.
1308 2758 1412 2800 Quod
1439 2756 1625 2791 Asconius

123 2819 312 2853 tradidisse
343 2823 502 2863 putatur.
541 2820 633 2853 hanc
666 2818 843 2852 coloniam
877 2817 1215 2861 quinquagesimam
1247 2817 1390 2851 tertiam
1424 2816 1616 2850 deductam

124 2889 211 2918 esse,
237 2878 273 2912 in
301 2889 370 2922 quo
397 2878 557 2922 Heynius
584 2882 618 2912 et
645 2877 703 2911 alii
730 2878 877 2917 haerent,
904 2877 941 2910 in
969 2888 1010 2910 eo
1036 2877 1125 2910 1111111
1151 2877 1351 2910 adiumenti
1378 2880 1440 2909 aut
1466 2874 1623 2918 impedi-

123 2937 236 2970 menti
263 2937 469 2980 quaestionis
495 2937 653 2981 positum
680 2936 812 2975 credet,
853 2936 913 2979 qui
948 2936 1092 2970 Asconii
1124 2939 1262 2969 textum
1291 2947 1333 2969 ex
1360 2946 1433 2969 una
1459 2933 1624 2978 principe

123 2995 277 3029 editione
303 2996 573 3040 corruptissima
598 2996 755 3038 pendere
783 2994 888 3028 norit.

1271 3051 1333 3085 16*

1653 1229 1704 1255 300
