1915 3235
137 1445 185 1469 281

967 166 1050 207 628

213 296 324 336 enirn
360 295 503 336 subito
537 296 784 337 dissolvitur
816 296 1099 346 familiaritas,
1149 297 1224 337 sed
1268 309 1400 349 quum
1440 297 1615 349 querela
1648 297 1805 338 insedit

213 370 255 407 et
286 367 543 407 inveteravit
576 366 777 419 factaque
818 370 883 408 est
915 367 1070 408 eadem
1103 367 1286 408 subinde
1319 367 1561 409 refricando
1594 368 1802 418 acerbior,

211 439 303 477 tum
337 438 532 489 sequitur
564 438 764 478 amicitias
796 438 1008 479 interitus.

331 508 375 549 0.
413 509 478 557 11,
513 509 567 549 38
601 508 865 559 Schuetzius,
915 508 1031 561 quod
1070 509 1107 549 ei
1148 509 1302 550 accidit
1333 509 1550 550 interdum
1583 510 1803 552 festinanti

212 582 254 619 et
286 581 421 620 totam
454 592 546 620 rem
580 579 795 621 levissime
827 581 1004 633 gerenti,
1046 580 1122 620 sed
1156 585 1303 621 tamen
1336 580 1391 621 ad
1423 581 1667 622 naturalem
1701 594 1799 622 sen-

210 650 443 690 tentiarum
492 650 777 692 elocutionem
827 651 1084 700 attendenti,
1141 651 1265 700 vidit,
1322 651 1438 703 quod
1486 654 1649 693 ceteros
1697 652 1804 705 fugit

210 723 368 773 praeter
400 721 648 771 Canterum,
697 735 830 774 quum
864 723 917 763 de
955 736 1018 772 eo,
1068 722 1184 775 quod
1217 735 1267 762 ex
1300 722 1445 774 aliqua
1476 735 1522 763 re
1554 724 1802 763 secuturum

211 794 337 841 esset,
372 792 677 845 disputaretur,
711 806 844 846 prave
878 794 978 835 dici:
1004 793 1197 847 perfecta
1229 793 1394 848 quidem
1426 794 1634 847 sapientia
1659 794 1801 846 simus,

210 863 247 903 si
289 862 395 903 nihil
435 863 586 904 habeat
633 878 698 904 res
732 865 845 916 vitia]
892 864 963 904 sed
1006 866 1107 913 cet.;
1155 878 1257 905 nam
1303 878 1434 917 quum
1480 864 1799 913 concederetur,

210 933 314 974 nihil
347 947 440 974 esse
473 934 575 984 vitii,
616 936 651 975 si
690 948 759 976 res
801 937 916 976 certo
950 935 1079 976 modo
1113 938 1366 989 comparata
1399 937 1525 985 esset,
1572 937 1802 988 negaretur

209 1006 370 1054 autem,
420 1018 512 1045 esse
552 1005 612 1046 ita
645 1008 956 1059 comparatam,
1006 1006 1237 1047 dicendum
1270 1006 1514 1048 necessario
1548 1019 1662 1047 esse:
1702 1020 1801 1060 per-

206 1074 318 1127 fecta
351 1075 516 1130 quidem
554 1077 763 1130 sapientia
795 1078 833 1117 sl
862 1078 1005 1129 sewius,
1056 1077 1162 1118 nihil
1201 1079 1281 1118 cet.
1345 1076 1485 1118 Ceteri
1518 1076 1718 1127 editores,
1767 1078 1799 1117 si

209 1147 338 1188 modo
371 1148 427 1188 ad
458 1149 718 1189 sententiam
751 1149 1043 1198 attenderunt,
1078 1148 1299 1201 vulgatam
1332 1148 1591 1201 scripturam
1616 1148 1660 1189 in
1688 1148 1800 1190 hanc

210 1217 298 1258 fere
330 1219 589 1260 sententiam
633 1220 833 1261 videntur
874 1220 1154 1260 intellexisse:
1202 1219 1396 1272 perfecta
1438 1219 1651 1272 sapien-tia
1693 1232 1801 1272 opus

209 1291 286 1339 est,
320 1303 374 1330 ne
406 1289 495 1330 vitii
528 1291 631 1343 quid
663 1291 762 1332 inde
796 1291 972 1333 oriatur.
1021 1291 1181 1331 Verum
1214 1291 1257 1331 id
1289 1303 1368 1331 nec
1399 1290 1611 1343 particula
1636 1290 1799 1345 quidem

208 1360 372 1412 patitur
402 1374 482 1402 nec
512 1362 792 1414 hypothetica
824 1362 1050 1403 sententiae
1084 1362 1236 1412 forma,
1270 1375 1350 1402 nec
1381 1362 1463 1403 isto
1496 1362 1625 1403 modo
1650 1362 1801 1403 Latine

208 1430 472 1484 significatur
504 1432 696 1474 condicio
728 1433 788 1474 rei
823 1433 1046 1474 cuiusdam
1086 1433 1383 1486 assequendae,
1432 1433 1510 1474 sed
1548 1433 1648 1474 hoc:
1695 1433 1799 1474 Per-

211 1502 321 1543 fecta
361 1503 574 1556 sapientia
612 1517 705 1544 esse
746 1504 968 1554 debemus,
1018 1504 1053 1544 si
1095 1504 1200 1544 nihil
1241 1503 1442 1544 habitura
1485 1508 1541 1544 est
1583 1517 1651 1545 res
1697 1504 1799 1545 vitii.

210 1572 320 1626 (Vid.
355 1574 408 1615 de
440 1574 491 1615 N.
525 1575 574 1616 D.
608 1575 624 1615 I
657 1574 679 1627 ξ
714 1574 791 1628 [90
824 1574 885 1628 et]
922 1576 1017 1625 103,
1061 1575 1114 1616 de
1147 1575 1273 1628 Legg.
1306 1575 1322 1615 I
1355 1574 1377 1626 ἕ
1410 1575 1480 1624 56,
1520 1573 1593 1627 [de
1630 1575 1721 1616 Fin.
1750 1575 1799 1625 ΙΙ,

210 1645 284 1694 85,
330 1645 382 1686 de
427 1645 509 1686 Off.
542 1646 578 1696 I,
623 1646 719 1699 72]
764 1647 893 1687 Tusc.
926 1647 961 1686 V
1007 1645 1030 1698 ξ
1067 1646 1140 1695 13,
1185 1646 1434 1687 Academic.
1468 1645 1503 1686 ΙΙ
1545 1644 1678 1697 ξ25,
1721 1659 1800 1698 pro

208 1716 336 1757 Rosc.
376 1716 474 1757 Am.
514 1715 536 1768 ἓ
570 1717 624 1758 68
669 1715 788 1769 [Sen.
833 1718 886 1759 de
928 1717 1076 1758 Benef.
1109 1717 1177 1767 VI,
1223 1718 1261 1767 7,
1305 1716 1366 1770 3].
1440 1716 1688 1758 Graecorum
1736 1718 1801 1757 est

208 1791 239 1822 δι’
261 1792 379 1836 μέλλει
406 1790 443 1824 τό
470 1794 621 1837 πρᾶγμα
646 1791 749 1838 ἕξειν,
785 1789 868 1830 vid.
909 1788 1060 1830 Matth.
1094 1788 1165 1830 Gr.
1200 1788 1334 1829 Graec.
1368 1786 1390 1840 ἓ
1423 1787 1508 1828 498
1543 1800 1576 1837 C,
1610 1801 1651 1840 p.
1688 1787 1801 1828 1120

209 1857 274 1898 ed.
309 1856 367 1910 3.)
437 1859 604 1900 Excidit
645 1860 682 1900 si
724 1862 824 1900 ante
867 1860 1018 1909 simu&
1068 1860 1236 1909 deinde,
1286 1872 1418 1911 quum
1464 1858 1519 1899 ad
1562 1859 1799 1900 sententias

209 1929 528 1981 coniungendas
562 1930 894 1981 desideraretur,
928 1931 1021 1972 loco
1054 1943 1139 1971 non
1172 1943 1250 1971 suo
1283 1929 1530 1982 suppletum
1564 1931 1641 1970 est.
1656 1926 1689 1982 ¹)

244 2115 272 2160 ¹)
300 2118 339 2152 In
366 2121 576 2153 transcursu
603 2119 778 2163 attingam
806 2119 1147 2163 interpretationem
1174 2121 1420 2152 extremorum
1447 2118 1554 2152 huius
1575 2117 1703 2162 capitis
1723 2129 1799 2152 ver-

301 2178 448 2214 borum:
488 2180 535 2212 At
561 2190 640 2212 vero
671 2179 722 2212 Τι’.
752 2179 953 2212 Gracchum
979 2178 1220 2221 sequebantur
1250 2177 1287 2211 C.
1319 2177 1445 2218 Carbo,
1484 2177 1520 2211 C.
1552 2177 1649 2221 Cato,
1682 2182 1713 2211 et
1738 2179 1800 2210 mi-

302 2239 394 2271 nime
431 2242 514 2271 tatw
551 2240 692 2282 quidem
736 2239 846 2271 Caius
881 2239 1017 2280 frater,
1064 2249 1158 2270 nunc
1205 2238 1296 2270 idem
1333 2238 1548 2274 acerrimus,
1593 2237 1630 2271 in
1668 2237 1799 2281 quibus

301 2296 459 2330 Klotzius
485 2297 531 2330 ad
562 2299 706 2331 minime
737 2296 903 2341 intelligit
938 2297 1160 2340 sequebatur,
1201 2295 1329 2329 deinde
1361 2300 1421 2336 est,
1460 2298 1648 2340 putatque,
1687 2307 1797 2340 quum

301 2359 562 2390 enumerentur
586 2359 783 2390 sectatores
808 2355 860 2390 Ti.
889 2355 1052 2396 Gracchi,
1080 2355 1216 2398 optime
1242 2353 1405 2397 adiungi:
1444 2358 1475 2387 et
1506 2356 1650 2388 minime
1681 2367 1800 2400 seque-

301 2414 409 2447 batur
438 2415 565 2452 Cala&
593 2418 671 2448 tum
698 2426 782 2449 vero
810 2415 920 2448 verba
945 2414 995 2448 sic
1021 2417 1174 2448 structa:
1206 2408 1322 2456 Carbo
1347 2418 1378 2447 et
1395 2415 1539 2447 minime
1556 2418 1639 2448 tunc
1660 2416 1801 2458 quidem

306 2473 427 2516 Caius,
465 2486 559 2507 nane
589 2476 681 2508 idem
707 2476 917 2515 acerrimas,
956 2473 1077 2507 divelli
1103 2476 1138 2506 et
1165 2471 1301 2507 assumi
1326 2477 1386 2512 est,
1418 2471 1525 2506 licere
1550 2473 1679 2511 credit;
1720 2484 1800 2517 quae

302 2542 413 2574 quum
442 2532 530 2566 mihi
562 2534 661 2567 nullo
688 2533 795 2567 modo
822 2533 1032 2577 probentur,
1061 2543 1168 2576 cogor
1194 2542 1274 2566 eam
1302 2531 1636 2574 interpretationem
1663 2535 1798 2574 tenere,

302 2601 411 2633 quam
439 2590 467 2624 is
497 2595 552 2633 „et
578 2592 735 2626 historiae
767 2592 850 2626 fidei
883 2595 917 2626 et
950 2591 1080 2626 rationi
1114 2591 1360 2635 grammaticae
1392 2593 1426 2624 et
1458 2590 1557 2624 omni
1588 2591 1710 2625 sensui
1736 2591 1800 2625 hu-

301 2660 409 2683 mano
436 2650 671 2685 vehementer
696 2650 917 2696 repugnare⁸
946 2651 1007 2692 ait,
1048 2653 1088 2684 ut
1122 2661 1166 2684 ex
1198 2651 1397 2683 acerrimus
1429 2649 1466 2682 in
1491 2649 1609 2693 priore
1634 2641 1800 2684 membro

301 2707 522 2752 intelligatur
547 2721 638 2743 acer.
689 2711 823 2744 Sensus
849 2710 1034 2743 humanus
1062 2709 1149 2753 quid
1175 2708 1234 2742 hic
1259 2711 1351 2752 agat,
1379 2708 1516 2749 nesci0;
1543 2708 1589 2742 ad
1610 2708 1798 2743 historiam

301 2767 397 2810 quod
424 2768 563 2809 attinet,
602 2779 704 2812 nego,
743 2769 825 2802 ullis
858 2768 1038 2802 machinis
1072 2767 1165 2802 effici
1198 2778 1314 2812 posse,
1352 2770 1491 2801 utnon
1516 2768 1729 2811 sequebatur
1753 2768 1798 2801 ad

301 2825 426 2860 Caium
466 2837 609 2870 quoque
647 2827 866 2861 affirmativo
898 2827 1005 2860 modo
1040 2826 1230 2870 pertineat,
1268 2829 1308 2861 ut
1347 2826 1414 2860 hoc
1451 2826 1598 2869 quidem
1637 2826 1798 2860 Ciceroni

301 2884 389 2928 eripi
416 2888 587 2929 nequeam
615 2896 681 2919 nec
707 2885 900 2929 quisquam
927 2888 1093 2919 veterum
1120 2885 1265 2928 negavit
1291 2884 1417 2919 Caium
1443 2883 1575 2918 Tiberii
1600 2888 1721 2929 partes
1746 2896 1798 2919 se-

300 2947 422 2978 cutum
452 2955 539 2978 esse.
590 2944 804 2978 Plutarchus
842 2944 994 2988 scripsit,
1038 2945 1089 2978 Τι’.
1117 2949 1266 2984 mortuo,
1305 2954 1418 2987 quum
1457 2943 1563 2978 Caius
1601 2944 1797 2977 admodum

299 3003 507 3037 adolescens
533 3007 637 3044 esset,
665 3014 747 3037 euni
775 3003 939 3037 inimicos
967 3003 1155 3037 timentem
1184 3002 1345 3044 (eosdem
1371 3002 1478 3046 igitur
1503 3001 1671 3041 habebat,
1708 3012 1798 3045 quos
