1915 3235
712 1033 810 1094 XX
849 1031 1017 1095 (VIII).

69 1148 345 1208 Praefatio
381 1147 631 1206 editioni
662 1147 942 1224 repetitae
975 1146 1270 1206 Ciceronis
1308 1148 1658 1207 orationum

476 1240 855 1300 selectarum
894 1241 1243 1318 praeposita.

188 1430 312 1511 Quae
345 1469 446 1508 ante
478 1468 556 1508 hos
588 1466 787 1507 undecim
828 1480 977 1517 annos,
1027 1481 1159 1520 quum
1199 1468 1278 1508 has
1312 1467 1528 1508 Ciceronis
1561 1480 1658 1508 ora·
1681 1479 1729 1502 επ

68 1539 206 1580 1101105
239 1538 427 1591 primum
461 1538 657 1586 edebam,
707 1538 760 1578 de
801 1551 933 1590 opera
974 1551 999 1579 a
1040 1551 1108 1579 me
1147 1537 1190 1578 in
1222 1537 1272 1578 iis
1305 1537 1659 1590 recognoscendis

69 1612 111 1650 et
149 1608 431 1650 emendandis
471 1610 645 1660 sumpta
691 1607 880 1649 breviter
927 1609 1246 1661 magistrorum,
1296 1610 1338 1649 et
1385 1609 1419 1649 si
1469 1609 1541 1660 qui
1590 1608 1659 1649 alii

68 1680 282 1721 Ciceronis
329 1678 509 1720 studiosi
548 1678 705 1719 librum
748 1679 1060 1732 adspexissent,
1102 1679 1478 1720 admonendorum
1528 1691 1658 1719 causa

67 1751 274 1803 praefatus
307 1763 417 1799 sum,
451 1762 503 1790 ea
536 1762 669 1802 quum
701 1752 853 1802 postea
885 1763 982 1790 cum
1016 1750 1185 1790 duabus
1211 1749 1574 1802 disputationibus
1608 1749 1659 1789 de

69 1821 213 1861 multis
255 1821 410 1861 harum
455 1821 698 1861 orationum
745 1820 847 1861 10015
891 1821 1117 1861 coniuncta
1158 1821 1269 1861 inter
1311 1820 1520 1872 opuscula
1561 1833 1659 1860 mea

70 1891 317 1932 academica
348 1891 581 1943 posuerim,
622 1891 740 1932 nulla
774 1904 905 1932 031153
935 1891 1106 1932 videtur
1139 1903 1244 1937 esse,
1295 1904 1370 1931 cur
1401 1903 1515 1931 nunc
1547 1891 1659 1943 typis

70 1962 253 2003 describi
284 1961 426 2011 velim,
460 1963 515 2002 ab
548 1961 629 2002 illis
662 1963 899 2014 praesertim
926 1961 1288 2014 disputationibus
1312 1963 1527 2013 separata.
1576 1961 1661 2001 Sed

70 2032 273 2084 quoniam
305 2032 399 2082 1100,
433 2032 548 2084 quod
579 2046 693 2073 nunc
725 2033 962 2085 evulgatur,
1003 2032 1249 2085 exemplum
1282 2045 1308 2072 a
1339 2031 1558 2084 superiore
1591 2031 1660 2071 illo

70 2107 246 2156 propter
276 2116 488 2144 novorum
531 2103 587 2143 ad
619 2104 711 2144 haec
744 2103 958 2144 Ciceronis
999 2103 1159 2155 scripta
1199 2101 1472 2143 emendanda
1511 2102 1660 2154 praesi-

71 2173 238 2214 diorum
271 2174 562 2214 accessionem
596 2175 878 2225 veterumque
910 2173 1145 2225 pleniorem
1180 2172 1324 2222 etiam,
1359 2185 1490 2224 quam
1517 2174 1659 2213 antea.

70 2256 197 2284 usum
228 2243 477 2285 notabiliter
509 2244 673 2296 aliquot
710 2243 812 2284 locis
856 2246 898 2284 et
940 2243 1135 2296 partibus
1179 2243 1394 2295 discrepat
1434 2245 1477 2283 et
1514 2244 1660 2284 tamen

70 2316 246 2366 propter
277 2314 421 2354 iudicii
452 2315 537 2355 mei
570 2315 622 2355 de
654 2314 855 2355 universa
887 2326 933 2354 re
966 2313 1254 2355 constantiam
1293 2313 1349 2354 ab
1383 2326 1545 2363 eorum,
1591 2313 1661 2366 qui

72 2384 246 2425 easdem
279 2385 494 2426 orationes
528 2398 666 2437 nuper
697 2387 951 2434 tractarunt,
986 2384 1209 2425 sententiis
1241 2396 1358 2436 saepe
1389 2383 1661 2436 multumque

72 2454 264 2504 discedit,
299 2455 544 2496 faciendum
577 2455 759 2504 videtur,
794 2457 853 2504 ut,
889 2468 1021 2507 quum
1055 2454 1188 2495 semel
1219 2454 1318 2495 huic
1350 2454 1459 2495 libro
1492 2454 1660 2495 schola-

71 2526 177 2566 stico
211 2525 453 2566 criticarum
488 2526 774 2578 quaestionum
809 2526 1092 2578 appendicem
1125 2525 1408 2574 adiunxerim,
1451 2525 1504 2566 de
1535 2524 1661 2565 huius

71 2596 293 2648 utriusque
326 2596 626 2649 discrepantiae
659 2596 798 2637 causis
830 2596 1023 2637 nonnihil
1062 2595 1216 2645 dicam,
1265 2595 1321 2636 ad
1364 2608 1463 2636 eum
1503 2595 1659 2636 scilicet

71 2666 215 2716 finem,
249 2680 378 2719 quem
411 2669 539 2708 antea
572 2679 742 2719 quoque
774 2666 878 2706 mihi
911 2666 1232 2715 constitueram,
1266 2668 1314 2706 ut
1344 2668 1556 2719 appareat
1589 2678 1661 2718 pe-

72 2737 176 2786 ritis,
225 2737 448 2790 diligenter
495 2749 564 2778 me
611 2737 782 2789 negotio
829 2737 1024 2777 functum
1068 2749 1162 2777 esse
1205 2736 1565 2788 elaborasseque,
1614 2738 1659 2776 ut

73 2820 204 2859 quam
245 2807 597 2849 emendatissima
636 2807 851 2848 Ciceronis
890 2807 1024 2848 verba
1063 2806 1319 2859 legerentur,
1367 2808 1659 2858 habeantque.

74 2878 146 2929 qui
177 2877 318 2918 minus
350 2878 432 2930 ipsi
463 2878 545 2918 sibi
577 2877 809 2927 confidunt,
849 2877 893 2917 in
931 2890 1015 2929 quo
1048 2877 1254 2918 adversus
1288 2877 1524 2919 contrarias
1557 2888 1660 2916 auc·
1682 2887 1733 2911 2³8

74 2948 266 2989 toritates
299 2948 452 2989 muniti
484 2947 706 3001 paululum
740 2947 1027 3000 acquiescant.
1078 2948 1227 3000 Neque
1251 2947 1543 3000 spernendum
1569 2945 1660 2988 erit.
