1915 3235
957 94 1039 134 756

318 222 340 275 g
374 224 431 264 84
463 223 662 264 Halmius
695 223 952 264 Vaticanum
987 223 1178 264 codicem
1212 235 1396 275 sequens
1429 221 1618 274 scripsit:
1661 226 1707 263 ut
1739 223 1795 262 vi-

199 294 334 346 deam,
368 294 438 334 ubi
470 294 648 335 rhetoris
680 295 734 335 sit
764 299 884 335 tanta
908 308 1073 347 merces,
1106 294 1152 335 id
1177 298 1246 346 est,
1279 292 1350 334 ubi
1373 306 1544 346 campus
1569 292 1797 334 Leontinus

200 370 419 419 appareat,
469 378 547 417 ego
586 365 754 414 retinui,
805 365 922 418 quod
962 364 1004 405 in
1044 365 1197 405 ceteris
1238 366 1303 405 est
1346 366 1388 405 et
1426 363 1469 404 in
1502 363 1796 416 superioribus

200 435 479 477 editionibus:
513 436 584 476 ubi
614 436 793 477 rhetoris
824 440 945 477 tanta
976 449 1140 484 merces,
1174 434 1245 476 ubi
1268 448 1440 488 campus
1463 433 1692 475 Leontinus
1724 448 1796 488 ap-

192 511 361 560 pareat.
424 507 534 547 Nam
575 520 729 559 neque,
773 507 843 547 ubi
881 507 948 547 sit
986 519 1151 554 merces,
1194 507 1310 546 recte
1350 505 1569 558 quaeritur,
1613 505 1691 546 sed
1723 505 1797 546 ubi

201 590 253 618 ex
285 577 426 618 fructu
461 580 502 618 et
534 577 718 618 utilitate
757 579 983 630 appareat,
1033 579 1076 618 et
1116 581 1205 617 tam
1244 576 1397 629 ignave
1437 589 1570 628 quum
1610 575 1714 617 illud
1752 576 1798 616 id

200 653 256 689 est
294 648 480 701 ponitur,
529 649 646 689 nulla
687 648 898 690 eiusmodi
937 648 1260 700 significatione,
1309 647 1483 699 qualem
1523 647 1580 688 ad
1619 646 1704 688 Cic.
1744 647 1797 688 de

198 719 289 760 Fin.
323 719 358 759 ΙΙ
391 717 413 770 ξ
446 720 472 760 6
505 732 547 772 p.
584 719 666 760 143
699 732 791 771 sqq.
826 719 1054 767 declaravi,
1088 721 1179 759 tum
1213 718 1327 759 haec:
1366 731 1538 771 campus
1570 716 1799 758 Leontinus

201 795 406 844 appareat
438 790 790 843 superadduntur
821 790 902 831 illis
934 803 1086 830 merces
1110 790 1175 838 sit,
1210 791 1256 829 ut
1288 788 1473 841 suspicio
1505 789 1624 830 nasci
1648 789 1797 842 possit,

200 862 450 903 Ciceronem
493 861 599 902 nihil
641 861 758 901 aliud
800 861 1023 913 scripsisse
1066 860 1147 900 nisi
1190 860 1292 900 hoc:
1341 858 1412 899 ubi
1459 859 1638 901 rhetoris
1678 864 1798 901 tanta

199 946 352 973 merces
385 936 605 986 appareat,
655 932 798 984 campi
838 931 1034 972 Leontini
1073 943 1233 972 nomen
1265 930 1407 971 aliena
1438 943 1572 971 manu
1604 931 1798 983 adscrip-

200 1006 292 1044 tum
326 1017 420 1044 esse
453 1016 504 1044 ex
537 1002 560 1055 ἓ
592 1004 649 1044 43
682 1006 725 1044 et
762 1004 856 1044 101.
922 1002 964 1043 Si
998 1015 1048 1043 ea
1081 1001 1208 1042 nimis
1241 1001 1385 1042 audax
1417 1000 1602 1053 suspicio
1635 1003 1712 1050 est,
1746 1001 1799 1042 sit

200 1074 311 1115 inter
354 1074 532 1115 rhetoris
575 1077 617 1115 et
659 1079 779 1114 tanta
821 1087 874 1114 ex
915 1073 1206 1126 geminatione
1248 1072 1488 1113 litterarum
1532 1070 1602 1124 (st)
1651 1071 1800 1113 addita

200 1145 338 1186 vocali
370 1147 512 1186 ortum
547 1145 701 1193 dicam,
737 1145 893 1186 deinde
925 1144 1121 1186 additum
1155 1143 1201 1183 id
1233 1148 1302 1184 est.

319 1215 342 1268 ξ
376 1217 431 1258 85
465 1218 571 1257 extr.
606 1229 739 1269 quum
772 1216 815 1256 in
847 1216 1043 1256 Vaticani
1075 1215 1302 1268 scriptura,
1336 1228 1465 1267 quam
1500 1213 1698 1254 Halmius
1731 1226 1798 1254 se-

201 1288 324 1328 cutus
359 1289 424 1328 est
448 1286 535 1340 (Tu
564 1301 659 1341 erqo
686 1301 806 1336 unus,
840 1287 1049 1338 scelerate,
1082 1287 1272 1326 inventus
1304 1299 1356 1335 es,
1390 1286 1473 1340 qui,
1507 1298 1632 1339 quum
1656 1289 1801 1324 auctor

201 1358 320 1412 requi
352 1371 468 1409 esses,
503 1372 606 1409 eum,
641 1371 759 1412 quem
792 1358 989 1411 colleyam
1012 1356 1206 1408 habebas,
1240 1356 1454 1396 dominum
1481 1355 1633 1396 habere
1658 1356 1800 1407 velles,-

201 1428 309 1469 idem
344 1433 538 1480 tentares,
578 1429 680 1483 quid
703 1429 888 1482 populus
920 1428 1040 1468 Rom.
1073 1427 1190 1480 ferre
1231 1431 1266 1467 et
1289 1428 1387 1480 pati
1411 1426 1580 1480 posset),
1622 1426 1800 1467 durissi-

201 1512 320 1540 mum
355 1500 597 1553 asyndeton
629 1500 753 1551 (idem
788 1513 866 1552 pro
900 1504 935 1540 et
968 1499 1090 1547 idem,
1133 1498 1247 1551 quod
1280 1498 1456 1539 minime
1489 1499 1719 1539 excusatur
1749 1497 1800 1539 iis

202 1570 318 1619 locis,
352 1571 396 1610 in
429 1570 584 1623 quibus
618 1570 727 1611 idem
761 1568 1022 1624 geminatur)
1056 1570 1282 1611 accederet
1315 1569 1370 1610 ad
1397 1569 1439 1609 id
1463 1568 1799 1618 incommodum,

203 1641 319 1693 quod
351 1641 393 1681 in
426 1642 620 1683 omnium
654 1643 849 1683 codicum
883 1642 1096 1694 scriptura
1129 1641 1321 1681 nascitur
1361 1653 1412 1680 ex
1450 1640 1688 1692 tautologia
1719 1638 1800 1680 sub

202 1712 344 1764 specie
378 1712 561 1754 causalis
595 1713 907 1754 coniunctionis
953 1713 1100 1753 latenti
1146 1711 1286 1766 (quum
1334 1716 1478 1752 auctor
1522 1711 1641 1765 reyni
1683 1723 1800 1762 esses,

203 1797 293 1823 eum
328 1807 380 1810 -—
415 1783 630 1825 dominum
661 1784 813 1825 habere
855 1782 1003 1835 velles),
1045 1783 1311 1835 sequendam
1354 1783 1504 1835 putavi
1543 1781 1800 1834 scripturam

204 1855 361 1896 codicis
393 1855 623 1896 Bernensis
656 1856 771 1907 apud
805 1854 1042 1902 Halmium,
1077 1857 1215 1895 ortam
1250 1854 1433 1894 tortasse
1466 1866 1518 1894 ex
1541 1853 1800 1901 coniectura,

203 1926 279 1966 sed
312 1939 434 1967 vera:
479 1928 562 1981 (sui,
607 1940 732 1980 ‹Juzcm
767 1949 821 1953 —
855 1939 959 1965 esses
991 1938 1194 1979 euntque,
1230 1938 1346 1978 quem
1379 1924 1575 1978 colleqam
1607 1923 1800 1975 habebas,

203 1997 417 2037 dominum
449 1997 600 2038 habere
634 1998 764 2045 telles,
801 1996 908 2036 idem
935 2000 1129 2047 tentares,
1163 1995 1265 2050 quid
1293 1997 1371 2036 cet.
1421 1994 1573 2043 Ceteri,
1608 1993 1681 2046 qui
1704 2006 1801 2046 reg-

202 2081 307 2108 num
341 2068 586 2121 cupiebant,
620 2081 706 2109 non
739 2067 866 2108 iidem
903 2065 1065 2119 (simul)
1098 2066 1246 2119 populi
1278 2066 1533 2118 patientiam
1566 2066 1801 2106 tentarant.

323 2138 345 2190 ἓ
380 2139 431 2179 87
481 2152 567 2180 non
615 2141 758 2191 potest
805 2138 959 2179 abesse
1007 2138 1186 2178 verbum
1236 2137 1279 2177 in
1325 2137 1407 2177 hac
1446 2135 1801 2189 interrogatione:

205 2209 357 2249 meone
401 2209 452 2250 L.
502 2210 765 2264 Tarquinius
808 2214 988 2261 exactus,
1038 2208 1108 2262 Sp.
1155 2208 1346 2260 Cassius,
1392 2207 1463 2261 Sp.
1509 2206 1691 2259 alladius,
1740 2205 1801 2247 M.

206 2279 396 2320 Manlius
430 2282 576 2333 necati,
610 2285 655 2321 ut
688 2281 828 2321 multis
856 2284 950 2333 post
981 2279 1145 2320 saeculis
1177 2301 1232 2307 —
1265 2292 1340 2318 rea:
1366 2278 1511 2319 Romae
1541 2278 1802 2318 constituere-

205 2350 304 2391 tur?
347 2351 510 2391 Vellem
542 2352 669 2404 igitur
702 2351 966 2392 addidissem
999 2352 1098 2403 post
1130 2355 1308 2399 exactus,
1348 2349 1423 2390 ubi
1455 2348 1655 2390 facillime
1688 2347 1801 2388 exci-

206 2421 308 2462 dere
340 2422 480 2474 potuit
513 2421 697 2474 (exactus
730 2421 817 2474 est).

324 2490 346 2543 g
380 2492 448 2537 91,
492 2493 567 2533 ubi
609 2494 756 2534 Cicero
800 2493 901 2533 dicit
945 2492 997 2533 de
1039 2491 1211 2533 sublato
1255 2491 1310 2532 ab
1342 2490 1531 2532 Antonio
1571 2490 1614 2530 in
1645 2501 1801 2542 perpe-

203 2565 327 2603 tuum
361 2563 414 2604 de
448 2576 492 2603 re
525 2563 697 2615 publica
731 2563 956 2604 dictaturae
988 2562 1175 2611 nomine,
1210 2562 1414 2602 mendum
1444 2573 1675 2613 coarguere
1699 2573 1801 2613 pos-

206 2646 317 2683 sum,
352 2633 562 2686 corrigere
594 2634 667 2683 ita,
701 2639 748 2674 ut
781 2634 885 2675 mihi
919 2633 1197 2682 satisfaciam,
1242 2646 1329 2674 non
1360 2645 1552 2685 possum.
1615 2631 1725 2672 Nam
1758 2631 1802 2671 in

208 2703 353 2744 codice
386 2704 592 2744 Vaticano
625 2705 832 2756 scriptum
867 2705 927 2745 ita
960 2707 1044 2745 est:
1078 2709 1239 2745 tantum
1271 2709 1308 2744 te
1339 2704 1490 2757 cepisse
1515 2702 1655 2742 odium
1682 2701 1803 2755 reqni

208 2773 427 2814 videbatur
459 2778 502 2814 ut
535 2775 600 2814 eiu
632 2788 745 2814 omen
778 2789 924 2815 nomen
948 2780 1123 2828 propter
1144 2775 1383 2828 proximum
1407 2773 1624 2814 dictatoris
1650 2777 1801 2812 metum

208 2845 388 2893 tolleres3
438 2844 629 2885 Muretus
673 2846 760 2885 eius
801 2859 918 2886 omne
958 2859 1105 2885 nomen
1146 2847 1188 2886 et
1218 2845 1408 2899 proximi
1449 2844 1665 2884 dictatoris
1696 2843 1800 2884 scri-

208 2915 400 2956 bendum
433 2915 602 2968 putavit
633 2915 762 2967 idque
794 2916 995 2957 Halmius
1027 2917 1200 2956 secutus
1234 2917 1311 2956 est.
1359 2915 1657 2967 Praeterquam
1686 2914 1801 2967 quod
