1915 3235
862 119 917 160 73

96 245 317 298 scripsisse
348 245 545 295 traditur,
586 246 629 287 in
661 247 817 299 quibus
848 261 1009 289 nomen
1041 248 1181 300 ipsum
1216 248 1258 287 et
1289 246 1543 298 fragmenta,
1584 257 1680 296 quae

94 316 224 369 paulo
255 318 354 369 post
384 316 668 369 proferentur,
711 318 763 358 de
801 319 922 370 poesi
959 318 1127 359 scenica
1167 317 1343 368 eiusque
1374 315 1552 356 historia
1584 327 1681 355 eru-

95 386 182 427 dite
215 386 481 439 disputatum
515 400 608 428 esse
640 388 885 437 ostendunt,
934 388 1104 437 mirum,
1151 389 1200 427 ut
1236 386 1419 435 videtur,
1468 384 1682 426 scribendi

95 469 229 509 genus
268 457 339 498 illa
381 459 509 498 aetate
555 457 673 510 apud
710 458 951 507 Romanos,
999 457 1193 500 nondum
1232 456 1468 498 admodum
1506 455 1681 496 remotis

95 539 236 568 scenae
272 527 421 576 initiis,
471 530 513 568 et
550 527 593 568 in
630 528 701 569 illo
740 528 933 578 homine,
982 528 1097 581 quod
1135 527 1253 580 apud
1291 526 1463 568 Graecos
1502 539 1528 566 a
1565 524 1682 566 nullo

94 600 321 650 poetarum
353 598 620 640 scenicorum
646 601 879 639 tractatum
906 602 982 647 est,
1017 612 1042 639 a
1066 597 1358 652 grammaticis
1381 595 1682 638 Alexandrinis

94 668 338 720 poetisque,
387 668 459 720 qui
503 668 653 721 poesin
691 681 789 709 cum
828 670 1120 722 grammaticis
1159 668 1312 710 studiis
1352 666 1682 719 coniungebant,

96 737 320 790 diligenter
351 738 581 779 excultum.
644 739 691 779 Id
723 739 837 780 unde
880 739 1087 792 originem
1127 742 1168 780 et
1206 751 1364 780 nomen
1402 737 1603 778 habuerit
1643 738 1684 777 et

95 808 222 860 quale
257 808 396 857 fuerit,
449 811 549 862 post
587 809 892 851 Casaubonum
937 808 1011 862 (ad
1049 810 1207 850 Athen.
1240 809 1294 849 VI
1325 822 1367 861 p.
1401 808 1487 849 235
1519 805 1570 859 Ε)
1611 820 1684 848 ex-

95 878 239 931 posuit
277 879 329 919 A.
370 879 599 920 Boeckhius
640 878 700 932 (in
739 879 865 933 Corp.
898 880 1113 933 Inscriptt.
1147 880 1282 921 Graec.
1316 879 1333 919 I
1364 892 1406 931 p.
1441 878 1527 919 350
1558 876 1683 930 sqq),

95 952 292 990 auctores
326 952 472 990 autem
505 950 774 991 enumeravit
804 951 856 991 A.
890 951 1125 992 Meinekius
1159 950 1338 1003 (Quaest.
1373 948 1535 990 Scenic.
1569 960 1684 1001 spec.

95 1019 149 1060 ΙΙΙ
180 1033 222 1072 p.
259 1018 402 1072 1—7).
473 1020 536 1060 Ex
575 1020 793 1061 veteribus
834 1022 947 1062 enim
987 1021 1291 1068 monumentis,
1341 1019 1496 1071 quibus
1536 1020 1685 1060 notata

96 1093 218 1131 erant
249 1090 418 1131 scenica
451 1091 688 1132 certamina
721 1094 761 1132 et
796 1105 890 1144 quae
933 1092 989 1132 ad
1028 1105 1079 1133 ea
1117 1090 1406 1145 pertinebant,
1455 1103 1551 1142 quae
1592 1089 1686 1141 ipsa

95 1165 322 1197 διδασκαλίαι
383 1161 603 1214 appellata
656 1162 877 1211 videntur,
943 1162 1197 1204 Aristoteles
1263 1162 1420 1202 librum
1485 1160 1687 1201 effecerat

94 1231 458 1284 inscripseratque
490 1237 731 1281 διδασκαλίας,
771 1233 815 1274 in
854 1246 938 1286 quo
978 1234 1082 1274 nihil
1115 1233 1233 1274 aliud
1265 1245 1396 1285 quam
1428 1231 1499 1271 illa
1532 1243 1686 1271 monu-

95 1305 242 1344 menta
282 1303 502 1355 collegisse
543 1303 891 1356 disposuisseque
931 1303 1120 1352 videtur,
1170 1306 1218 1344 ut
1263 1303 1506 1344 efficeretur
1544 1301 1686 1343 indeX.

95 1386 147 1414 ex
179 1387 264 1426 quo
294 1374 489 1427 perspici·
509 1376 669 1427 posset,
718 1387 814 1426 quae
854 1374 1015 1415 fabulae
1054 1387 1237 1427 quorum
1270 1374 1498 1426 poetarum
1531 1371 1687 1424 quibus

94 1445 362 1497 temporibus
394 1458 472 1497 per
504 1458 612 1497 quos
646 1458 730 1497 quo
771 1447 927 1486 eventu
965 1447 1074 1486 actae
1115 1447 1271 1493 essent,
1321 1456 1504 1495 quaeque
1545 1445 1687 1483 essent

94 1514 249 1556 horum
273 1516 440 1565 similia,
475 1515 714 1567 eodemque
745 1515 875 1556 modo
908 1516 993 1556 alia
1019 1519 1262 1552 διδασκαλιῶν
1294 1526 1474 1567 corpora
1506 1513 1562 1554 ab
1596 1512 1688 1553 aliis

96 1586 290 1627 confecta
322 1586 455 1627 fuisse
488 1585 699 1626 videntur.
763 1586 842 1626 His
881 1586 1072 1627 fontibus
1105 1585 1386 1627 Alexandrini
1419 1584 1688 1637 grammatici

95 1656 251 1709 aliique
283 1657 518 1698 utebantur
550 1669 777 1708 scenaeque
809 1657 1033 1698 historiam
1074 1657 1242 1709 scriptis
1277 1656 1687 1708 complectebantur,

95 1729 168 1780 qui
199 1730 347 1768 tamen
379 1741 465 1769 non
502 1731 733 1767 διδασκαλίας
774 1727 905 1768 libros
949 1728 1279 1780 inscripserunt3
1322 1727 1399 1767 sed
1439 1725 1690 1768 Callimachi

95 1802 189 1840 erat
219 1804 324 1841 πίναξ
349 1807 418 1836 τῶν
443 1801 529 1836 κατά
550 1801 705 1849 χρόνους
730 1803 788 1835 καὶ
814 1800 875 1835 ἀπ’
902 1801 1013 1849 ἀρχῆς
1038 1805 1242 1847 γενομένων
1268 1801 1521 1845 διδασκαλιῶν,
1557 1797 1689 1849 Cary-

97 1870 166 1910 stii
197 1870 453 1923 Pergameni
486 1871 593 1912 liber
625 1875 702 1919 περὶ
737 1874 991 1910 διδασκαλιῶν.

213 1941 381 1982 Horum
414 1942 540 1994 igitur
565 1942 809 1994 exemplum
834 1944 1006 1983 secutus
1031 1941 1174 1981 Attius
1199 1935 1534 1990 didascalicon¹)
1558 1938 1690 1979 libros

96 2011 387 2064 inscripserat,
422 2013 578 2064 quibus
611 2013 748 2053 simile
781 2015 1084 2065 argumentum
1118 2011 1247 2063 paulo
1280 2009 1562 2061 amplioribus
1596 2009 1691 2049 fini-

96 2082 177 2124 bus
211 2083 610 2136 comprehenderat.
673 2083 785 2124 Nam
816 2083 1004 2136 primum
1039 2082 1210 2123 Graecos
1251 2084 1292 2121 et
1332 2081 1505 2121 Latinos
1539 2082 1690 2131 poetas

97 2156 349 2206 persecutus
383 2156 488 2201 erat,
523 2167 773 2206 quanquam
808 2154 967 2195 diutius
999 2155 1042 2194 in
1065 2153 1220 2194 horum
1246 2151 1448 2204 operibus
1474 2153 1691 2191 moratum

97 2226 214 2276 puto,
249 2224 403 2265 deinde
435 2227 593 2278 praeter
625 2225 842 2265 scenicum
873 2237 1009 2277 genus
1042 2223 1248 2264 nonnulla
1280 2222 1335 2263 ad
1368 2222 1474 2262 alias
1501 2221 1692 2263 historiae

192 2413 324 2447 bonem
352 2413 557 2457 Vopiscum,
591 2415 771 2446 oratorem
804 2416 839 2446 et
865 2415 1010 2456 poetam
1037 2411 1224 2455 tragicum,
1259 2410 1320 2454 qui
1346 2421 1376 2443 a.
1404 2420 1438 2443 u.
1466 2420 1494 2443 c.
1522 2409 1589 2442 667
1617 2408 1691 2451 (87)

194 2472 365 2506 aedilicius
384 2473 499 2516 periit.
540 2472 727 2512 Convenit,
754 2471 851 2515 quod
877 2471 999 2505 Cicero
1025 2481 1064 2504 se
1090 2470 1358 2504 adolescentem
1384 2463 1466 2502 cum
1494 2479 1536 2502 eo
1563 2468 1693 2511 saepius

194 2532 413 2565 collocutum
447 2531 624 2575 significat
656 2529 769 2572 (Brut.
797 2529 853 2571 28,
880 2527 973 2570 107),
1012 2533 1062 2569 ut,
1101 2529 1130 2562 si
1163 2540 1184 2562 a
1216 2528 1388 2562 Cicerone
1421 2526 1546 2571 viginti
1578 2537 1693 2560 annos

193 2594 280 2624 nato
307 2590 452 2624 auditus
479 2593 543 2631 est,
570 2590 650 2634 plus
677 2600 788 2633 quarn
815 2589 996 2632 octoginta
1022 2598 1136 2621 annos
1162 2587 1302 2621 vixerit.

139 2647 166 2690 ¹)
193 2649 296 2683 Hanc
322 2660 400 2683 esse
427 2660 551 2682 veram
578 2648 746 2689 formam,
784 2659 864 2691 quae
897 2650 951 2681 est
976 2647 1013 2681 in
1039 2647 1181 2680 duobus
1207 2645 1391 2685 Prisciani,
1430 2656 1504 2679 uno
1531 2644 1693 2684 Charisii,

195 2719 268 2742 uno
295 2708 382 2742 item
407 2708 512 2742 Nonii
537 2708 627 2748 loco,
654 2718 727 2741 non
753 2708 990 2741 didascalicos
1010 2706 1120 2740 libros
1140 2704 1250 2748 (quod
1272 2705 1359 2738 item
1387 2704 1455 2737 diei
1482 2714 1587 2747 posse
1607 2703 1694 2737 Mer-

195 2778 298 2801 cerus
324 2768 477 2811 putabat
495 2767 540 2800 ad
558 2767 647 2800 Non.
666 2778 700 2810 p.
723 2764 801 2809 134,
829 2767 925 2810 quod
948 2766 1078 2800 extrita
1104 2767 1268 2798 extrema
1284 2763 1404 2796 littera
1421 2765 1460 2796 in
1478 2763 1694 2796 didascalico

196 2827 286 2860 libro
318 2828 344 2860 Ι
375 2830 411 2860 et
448 2825 580 2859 similia
617 2824 861 2868 legebantur),
900 2824 988 2858 vidit
1027 2823 1162 2858 Osann.
1195 2823 1300 2857 Anal.
1334 2822 1410 2856 crit.
1444 2833 1478 2866 p.
1506 2820 1560 2855 6⁶2.
1623 2821 1694 2854 Sed

197 2886 499 2919 didascalicorum
523 2883 653 2918 Latina
679 2883 796 2917 forma
822 2894 843 2917 a
859 2882 1105 2926 grammaticis
1123 2881 1298 2926 appellari
1316 2891 1389 2914 non
1407 2880 1578 2924 potuisse,
1605 2878 1694 2913 nihil

197 2946 261 2984 est,
289 2944 385 2986 quod
413 2943 558 2977 credere
584 2945 696 2986 cogat.
748 2942 817 2976 Cfr.
844 2942 1070 2976 Weichertus
1096 2941 1174 2975 loco
1201 2940 1295 2974 infra
1320 2939 1475 2973 citando.

1705 818 1736 843 91
