1915 3235
117 2598 168 2624 358

935 105 1019 148 686

175 240 257 281 hoc
295 239 388 280 loco
429 250 516 280 uno
559 239 602 278 et
648 237 784 278 altero
833 236 1031 289 exemplo
1079 236 1320 285 ostendere,
1370 249 1502 289 quam
1550 235 1637 277 late
1684 236 1776 277 haec

175 312 326 364 pateat
357 309 468 350 ratio
501 311 543 350 et
577 321 711 361 quam
742 307 857 349 utilis
891 308 958 349 sit.

294 381 342 421 In
364 379 581 422 Ciceronis
615 379 810 420 oratione
842 392 920 432 pro
954 377 1150 420 Cluentio
1185 391 1220 419 c.
1243 378 1312 428 47,
1350 378 1429 419 131
1465 378 1525 419 sic
1557 378 1776 420 scribitur:

105 472 138 496 ες,
181 451 299 504 Quod
330 452 367 493 si
398 451 508 492 hanc
541 450 657 504 apud
689 450 849 491 eosdem
887 449 999 503 ipsos
1031 462 1216 490 censores
1254 448 1359 489 mihi
1391 453 1464 490 aut
1497 449 1575 490 alii
1607 463 1775 491 causam

177 536 301 578 ayere
338 522 532 575 licuisset,
581 520 818 562 hominibus
855 521 933 561 tali
965 519 1200 574 prudentia
1239 525 1344 561 certe
1369 520 1656 574 probavissem
1696 520 1780 574 (res

176 595 286 635 enim
317 592 496 645 indicat)
529 592 637 633 nibil
668 593 779 646 ipsos
810 592 1004 633 habuisse
1036 592 1202 647 eoqiiiti,
1235 590 1344 632 nihil
1372 592 1569 646 comperti
1574 606 1592 644 ;
1625 605 1673 632 eoe
1695 596 1777 632 iota

175 666 258 706 ista
289 664 588 718 subscriptione
620 677 830 704 rimzorem
863 663 1072 719 quendam
1112 667 1147 704 et
1175 663 1374 716 plausum
1406 663 1658 717 popularem
1698 676 1780 704 esse

177 737 408 791 qucesitmn.
471 736 620 788 Inepte
667 735 761 776 haec
810 734 1023 775 dicuntur.
1095 733 1207 784 Quid
1257 733 1401 775 enim?
1460 734 1625 775 Hocine
1672 747 1780 787 opus

178 810 271 848 erat
304 806 554 848 censoribus
588 819 613 847 a
646 806 851 847 Cicerone
883 804 1073 858 probari,
1110 804 1214 846 nihil
1247 805 1363 858 ipsos
1399 805 1607 858 comperti
1639 805 1780 846 babu-

177 879 289 920 isse?
346 878 394 919 Id
438 891 538 919 vero
582 877 743 930 optime
795 877 876 929 ipsi
918 878 1096 926 norant3
1144 889 1223 917 nec
1271 889 1296 917 a
1345 876 1549 917 Cicerone
1598 876 1781 917 docendi

179 952 315 999 erant,
364 951 508 990 utrum
550 962 769 990 rumorem
813 949 1062 1000 captassent
1100 960 1250 988 necne.
1322 946 1608 988 Scribendum
1650 946 1781 988 etiam

179 1022 292 1062 erat:
341 1024 446 1060 eerte
480 1020 723 1074 probassem
764 1043 817 1046 -—
859 1018 967 1059 m‘lzil
999 1019 1110 1072 ipsos
1142 1016 1230 1071 (illo
1263 1017 1356 1071 ipso
1388 1020 1598 1070 tempore,
1648 1031 1781 1071 quum

177 1104 247 1132 res
279 1104 306 1132 a
337 1104 407 1132 me
441 1089 658 1144 ageretur)
691 1090 843 1131 habere
875 1090 1041 1144 coyiziti.
1089 1089 1227 1131 Recta
1261 1092 1303 1130 et
1335 1091 1439 1142 apta
1471 1090 1618 1130 onmia
1642 1091 1780 1138 erunt,

179 1163 214 1204 si
254 1162 314 1204 sic
353 1162 770 1215 interpunxerimus:
819 1166 924 1202 certe
956 1159 1244 1215 probavissem
1285 1158 1521 1214 (causam);
1569 1174 1635 1201 res
1674 1161 1780 1201 em'm

179 1234 354 1287 indicat,
388 1233 497 1274 nihil
531 1236 610 1274 cet.
659 1233 801 1274 Facile
833 1245 879 1273 se
913 1231 1061 1273 Cicero
1095 1244 1295 1273 censores
1319 1231 1499 1272 meliora
1529 1231 1780 1272 edocturum

181 1305 326 1356 fuisse,
360 1305 395 1346 si
427 1305 630 1355 licuisset,
664 1304 778 1354 dicit,
813 1304 1018 1356 quoniam
1052 1302 1330 1356 perspicuum
1363 1303 1430 1352 sit,
1466 1315 1538 1343 eos
1571 1301 1627 1353 id,
1668 1301 1784 1355 quod

180 1376 424 1427 iudicarint,
458 1376 577 1417 nulla
611 1377 728 1416 certa
759 1374 926 1416 ratione
960 1373 1188 1415 iudicasse.

299 1448 346 1488 In
394 1447 547 1488 eadem
597 1446 791 1488 oratione
830 1459 864 1487 c.
899 1446 974 1495 26,
1019 1445 1074 1487 ΤΟ
1114 1445 1315 1486 Staienus
1363 1444 1424 1485 ita
1472 1457 1620 1485 secum
1668 1443 1785 1496 loqui

180 1518 374 1572 fingitur:
416 1518 506 1574 E90
538 1518 631 1559 dem
663 1517 907 1558 iudicibus?
950 1517 1062 1558 Mihi
1092 1517 1176 1572 ipsi
1207 1517 1339 1571 iyitur
1362 1519 1524 1569 praeter
1547 1514 1783 1569 periculam

181 1594 217 1631 ei
248 1590 477 1643 infamiam
510 1589 612 1645 qaid
644 1588 885 1644 quem-etur?
929 1588 1051 1629 Nihil
1083 1588 1316 1642 exeoyitem,
1357 1586 1623 1642 quamobrem
1660 1585 1785 1640 Oppi-

182 1661 350 1702 ameum.
383 1661 587 1702 damnari
617 1673 775 1701 necesse
807 1660 892 1700 sit?
922 1659 1024 1714 quid
1055 1658 1255 1700 tandem?
1291 1657 1398 1698 nihil
1431 1659 1539 1698 enim
1574 1662 1644 1711 est,
1678 1656 1786 1712 qaod

178 1731 275 1785 fieri
306 1745 389 1773 ozon
413 1732 576 1786 possit?
620 1730 668 1772 Si
709 1731 802 1786 qais
841 1744 930 1771 eum
970 1730 1082 1784 forte
1121 1744 1243 1771 casas
1275 1743 1324 1770 ex
1346 1730 1538 1783 periculo
1571 1729 1785 1783 eripuerit,

181 1817 316 1845 nonne
357 1802 618 1844 reddendam
662 1802 749 1843 est?
793 1801 956 1854 Neque,
1002 1800 1105 1856 quid
1147 1801 1316 1842 tandem
1350 1800 1685 1853 excogitandum
1718 1800 1785 1849 sit⁷

182 1875 264 1917 hoc
295 1875 388 1916 loco
430 1877 531 1927 apte
564 1873 785 1927 quaeritur,
829 1885 983 1925 neque,
1029 1885 1114 1925 quo
1153 1874 1349 1925 spectent
1387 1871 1490 1912 ista:
1538 1870 1647 1912 nihil
1678 1871 1786 1911 enim

183 1951 239 1987 est
273 1948 367 1995 cet.⁷
408 1947 611 1998 apparet;
659 1957 801 1996 neque
834 1944 948 1984 enim
981 1945 1071 1984 tam
1105 1943 1393 1996 improbabile
1427 1944 1533 1990 erat,
1578 1941 1787 1995 Oppiani-

185 2030 281 2058 cum
316 2017 573 2058 damnatum
606 2015 669 2065 iri,
719 2017 766 2056 ut
806 2014 859 2055 de
903 2027 953 2055 eo
994 2015 1118 2055 tanta
1151 2026 1248 2054 cum
1283 2013 1553 2054 dubitatione
1586 2013 1786 2054 Staienus

184 2081 444 2140 loqueretur,
494 2100 574 2128 nec
620 2099 769 2128 rursus
818 2084 870 2139 (si
919 2085 1013 2138 quis
1062 2097 1159 2126 eam
1207 2086 1333 2137 putat
1372 2084 1633 2125 sententiam
1674 2082 1787 2136 esse)

185 2172 312 2200 omne
353 2157 580 2211 Oppianici
621 2156 894 2211 opprimendi
938 2155 1177 2206 consilium,
1227 2155 1354 2208 quale
1399 2154 1575 2195 demum
1621 2167 1788 2208 cunque

186 2231 312 2279 esset,
354 2242 653 2270 successurum
690 2241 784 2269 esse
817 2227 899 2269 dici
932 2229 1119 2280 poterat.
1183 2226 1297 2267 Tum
1338 2225 1468 2266 nimis
1499 2225 1685 2278 abrupte
1716 2225 1787 2266 illa

186 2300 356 2342 adiecta
387 2302 507 2341 sunt:
542 2300 590 2340 Si
622 2300 713 2354 qais
746 2301 826 2340 cet.
875 2298 1160 2339 Scribendum
1196 2299 1280 2339 est:
1318 2296 1429 2348 Quid
1460 2296 1629 2338 tandem·
1662 2296 1790 2348 (nihil

187 2372 295 2412 em'm
328 2376 397 2421 esi*⁷
446 2371 555 2426 quod
590 2370 687 2424 fieri
724 2383 807 2411 nori
836 2369 998 2424 possit),
1047 2370 1084 2410 si
1127 2370 1219 2424 quis
1262 2383 1352 2409 eam
1383 2368 1494 2421 forte
1525 2381 1647 2408 casus
1679 2369 1788 2408 cet?

186 2442 276 2483 Iam
310 2442 445 2483 verba
476 2441 701 2483 interiecta
744 2441 799 2482 ad
837 2440 1138 2482 liberationem
1184 2439 1412 2493 Oppianici
1456 2439 1703 2480 referuntur
1747 2440 1789 2479 et

187 2526 347 2566 magna
379 2515 471 2553 arte
505 2526 530 2553 a
563 2513 769 2554 Cicerone
801 2513 941 2565 posita
974 2514 1088 2553 sunt.
1151 2511 1294 2561 Quum
1329 2509 1443 2551 enim
1475 2510 1509 2551 is
1542 2523 1620 2563 per
1652 2511 1786 2551 totam

189 2584 427 2626 orationem
465 2582 753 2636 Oppianicum
792 2582 1148 2625 nocentissimum
1182 2582 1314 2623 fuisse
1357 2580 1593 2623 contendat
1625 2582 1667 2621 et
1698 2580 1790 2621 iure

189 2654 459 2705 damnatum⁷
492 2667 580 2695 non
611 2653 796 2706 pecunia
829 2665 1097 2707 oppressum,
1141 2655 1286 2706 potest
1316 2652 1456 2701 obiici,
1489 2651 1654 2692 nullam
1687 2663 1790 2692 cau-

189 2739 285 2767 sam
324 2724 456 2766 fuisse
496 2724 685 2774 Staieno,
735 2737 822 2771 cur,
872 2725 987 2778 quod
1035 2724 1184 2766 Cicero
1231 2723 1395 2765 factum
1444 2722 1558 2772 dicit,
1607 2721 1790 2774 pecunia

191 2797 427 2838 interversa
460 2795 650 2836 iudicum
694 2795 862 2837 animos
902 2797 943 2837 in
987 2795 1275 2848 Oppianicum
1315 2793 1620 2842 inflammaret,
1671 2791 1790 2833 cuius

192 2868 245 2908 de
292 2867 573 2908 damnatione
619 2865 738 2907 nulla
785 2866 913 2908 fuerit
963 2865 1190 2907 dubitatio.
1252 2865 1403 2917 Itaque
1452 2863 1600 2905 Cicero
1648 2863 1786 2916 ipsum

192 2939 412 2980 Staienum
462 2937 798 2990 respondentem
846 2936 1029 2978 inducit:
1084 2936 1221 2986 „Nihil
1269 2937 1352 2986 est,
1403 2934 1518 2988 quod
1564 2933 1657 2976 fieri
1703 2946 1790 2974 non
