1915 3235
912 127 997 168 478

161 260 225 298 est
257 258 410 306 amavi,
444 257 585 297 nullus
619 258 684 297 est
716 257 890 297 omnino
924 256 1232 307 coniunctivus‚
1267 258 1302 298 si
1335 257 1388 298 de
1412 258 1574 310 origine
1603 257 1754 300 formae

160 328 406 381 quaerimus,
441 328 514 380 qui
547 327 715 368 adiecto
749 328 853 368 erim
885 326 1039 367 deduci
1071 327 1188 368 nullo
1210 328 1339 369 modo
1362 329 1525 380 potest;
1559 328 1755 381 adeoque

160 399 238 440 erit
284 398 423 451 ipsam
473 398 802 451 explicationem
850 398 1000 439 ordine
1046 399 1406 451 persequentibus
1464 399 1754 451 perspicuum,

160 470 309 511 formae
343 469 446 520 eius,
479 482 576 522 quae
608 468 735 522 vulgo
767 470 1008 522 perfectum
1043 470 1299 510 coniunctivi
1326 469 1581 522 appellatur,
1616 470 1756 512 varios

159 554 261 582 usus
295 554 320 582 a
353 541 497 582 futuro
530 540 690 582 sensim
724 542 840 582 ortos
874 542 917 580 et
955 553 1206 593 progressos
1251 553 1358 590 esse,
1407 542 1455 581 ut
1496 540 1755 582 refutatione

158 615 344 665 receptae
377 612 582 653 doctrinae
616 611 889 664 supersederi
932 610 1081 664 possit.
1146 610 1232 652 Sed
1272 615 1405 663 qUUm
1444 611 1513 651 hic
1554 612 1755 652 coniunc-

160 684 271 724 tivus
304 683 360 724 ab
394 683 624 724 indicativo
663 682 815 723 litteris
854 684 1025 723 tantum
1065 681 1108 722 in
1140 681 1280 734 prima
1311 694 1497 735 persona
1529 682 1755 735 singularis

159 755 327 795 numeri
360 753 552 803 distaret,
587 754 819 806 quaesitum
853 755 918 794 est
950 753 1065 803 olim,
1098 765 1359 794 mensurane
1388 753 1565 806 syllabae
1592 754 1755 806 paenul-

106 836 139 859 νε
158 826 276 866 timae
314 825 430 866 modi
471 825 840 877 distinguerentur
872 825 915 865 in
947 824 1088 877 prima
1130 826 1172 865 et
1212 824 1403 864 secunda
1440 837 1627 876 persona
1658 825 1754 878 plu-

158 896 259 937 ralis
292 896 480 945 numeri;
529 895 582 937 de
622 909 706 949 quo
748 898 914 936 veteres
954 895 1226 948 grammatici
1267 895 1444 947 quidam
1483 895 1754 947 dissentiunt,

159 971 386 1019 poetarum
419 980 522 1008 usus
555 967 659 1008 satis
693 966 894 1016 ostendit,
928 966 1093 1007 nullum
1127 979 1220 1006 esse
1246 965 1489 1016 discrimen,
1523 965 1690 1019 syllaba
1714 968 1757 1007 in

106 1050 138 1073 ³³⁴
160 1041 342 1090 utroque
373 1038 503 1079 modo
536 1034 784 1090 ancipite.¹)
848 1037 936 1078 Nec
979 1037 1139 1077 eclimus
1182 1036 1452 1078 coniunctivo
1496 1037 1624 1078 modo
1669 1037 1755 1078 dis-

161 1110 347 1150 cernitur
379 1110 621 1161 quantitate
654 1109 710 1149 ab
745 1108 977 1149 indicativo
1011 1106 1170 1160 (Plaut.
1203 1108 1325 1148 Poen.
1359 1108 1426 1157 ΙΙΙ,
1463 1109 1500 1157 1,
1535 1107 1622 1161 34).

198 1307 225 1351 ¹)
251 1309 434 1343 Tractavit
460 1310 553 1343 hanc
579 1320 668 1350 rem,
707 1309 817 1353 paulo
850 1311 973 1342 tamen
1000 1308 1126 1349 levius,
1165 1308 1221 1342 Fr.
1249 1308 1366 1342 Ritter
1392 1307 1429 1341 in
1455 1308 1567 1342 Elem.
1596 1309 1755 1343 Gramm.

254 1369 331 1402 Lat.
359 1380 392 1412 p.
420 1368 465 1401 45
490 1372 572 1413 post
598 1368 765 1402 Vossium
793 1366 1005 1410 (Aristarch.
1033 1368 1075 1408 ΙΙ,
1102 1367 1146 1400 21
1175 1371 1209 1402 et
1235 1367 1291 1409 31,
1325 1378 1346 1401 a
1372 1378 1443 1411 quo
1470 1367 1666 1411 Seyfertus‚
1694 1367 1756 1412 qui

255 1428 355 1462 citari
382 1429 482 1469 solet,
510 1439 576 1462 sua
602 1427 756 1471 sumpsit
782 1428 818 1461 in
845 1427 1004 1461 Gramm.
1032 1427 1109 1461 Lat.
1137 1427 1152 1460 Ι
1177 1437 1211 1470 p.
1238 1425 1331 1467 369).
1371 1426 1441 1460 Sed
1467 1426 1598 1461 Ritteri
1620 1438 1757 1468 censor,

256 1488 470 1521 Duebnerus
496 1487 548 1529 (in
574 1487 690 1521 Iahnii
715 1487 810 1521 Ann.
835 1487 962 1520 Philol.
983 1486 1085 1527 1831,
1112 1486 1133 1519 3
1152 1497 1185 1530 p.
1207 1484 1288 1527 139)
1314 1489 1480 1529 tempora
1506 1486 1759 1530 distinguenda

255 1557 333 1581 esse
371 1547 481 1581 tradit
518 1550 684 1581 veterum
710 1545 1030 1589 grammaticorum
1069 1546 1204 1590 regula,
1238 1557 1394 1589 eamque
1427 1556 1504 1579 rem
1537 1545 1599 1579 diu
1632 1547 1757 1579 notam

255 1605 375 1640 fuisse.
434 1606 527 1640 Sane
560 1606 754 1640 Diomedes
787 1604 988 1649 perfectum
1022 1603 1072 1647 (id
1106 1609 1175 1647 est,
1215 1605 1504 1646 coniunctivum,
1544 1615 1756 1648 quanquam

254 1668 395 1699 veteres
420 1664 646 1708 grammatici
673 1664 796 1698 onmia
829 1664 865 1698 in
898 1664 954 1698 his
988 1665 1113 1698 formis
1146 1664 1299 1698 miscent
1331 1667 1367 1698 et
1399 1662 1642 1706 confundunt)
1681 1663 1758 1697 bre-

254 1735 336 1758 vem
362 1725 625 1768 paenultimam,
653 1724 817 1758 futurum
844 1724 989 1767 longam
1015 1724 1150 1757 habere
1176 1723 1300 1758 scribit
1325 1722 1374 1767 (p.
1402 1722 1501 1762 3531st
1529 1723 1591 1757 sed
1617 1723 1757 1757 Probus

254 1782 302 1827 (p.
323 1782 428 1826 1413)
454 1784 644 1828 utriusque
670 1783 843 1827 temporis
870 1783 1047 1826 syllabam
1073 1783 1219 1827 longam
1244 1783 1346 1821 facit;
1373 1782 1553 1826 Agroetius
1579 1780 1626 1826 (p.
1651 1781 1758 1824 2267)

254 1842 342 1876 mihi
369 1843 512 1877 videtur
538 1843 732 1886 utrobique
760 1841 955 1886 ancipitem
982 1853 1059 1876 esse
1086 1842 1214 1876 dicere.
1254 1843 1391 1876 Verum
1415 1852 1503 1883 esse,
1531 1841 1627 1885 quod
1648 1852 1759 1885 supra

254 1902 412 1945 positum
445 1906 508 1943 est,
548 1903 624 1935 haec
657 1902 866 1936 ostendent:
905 1902 1002 1935 ”arnus
1035 1901 1264 1935 coniunctivo
1296 1902 1406 1936 modo
1439 1903 1494 1934 est
1519 1901 1616 1944 apud
1642 1896 1758 1934 Plaut.

255 1962 385 1996 Bacch.
412 1962 452 2002 V,
479 1961 511 2003 2,
540 1961 594 2003 14,
621 1962 700 1995 Ter.
728 1961 875 1995 Phorm.
902 1961 942 2001 V,
972 1961 988 1993 1
1017 1959 1077 2002 (2),
1107 1960 1136 2001 7,
1164 1960 1284 2004 Virgil.
1312 1961 1448 1994 AEneid.
1476 1959 1534 2000 VI,
1561 1958 1640 2001 514,
1668 1959 1758 1993 indi-

255 2021 371 2055 cativo
397 2020 513 2054 Plaut.
539 2021 638 2054 Poen.
658 2021 718 2061 ΙΙΙ,
745 2020 778 2061 4,
807 2020 860 2060 17,
888 2020 1044 2060 Rud.11‚
1073 2020 1103 2060 1,
1132 2019 1176 2052 15
1203 2018 1422 2064 (eapsimusl,
1450 2019 1591 2053 Lucret.
1618 2020 1644 2061 Ι,
1672 2019 1757 2060 156ς

256 2082 348 2113 iunias
375 2079 604 2114 coniunctivo
639 2080 734 2123 apud
761 2079 879 2113 Plaut.
905 2079 1049 2112 Trucul.
1077 2079 1103 2120 I,
1138 2079 1169 2119 1,
1202 2078 1249 2111 40
1276 2076 1470 2122 (faxinmsl
1503 2081 1538 2112 et
1570 2078 1702 2112 Cistell.
1732 2079 1757 2119 I,

257 2139 286 2179 1,
324 2139 378 2179 11,
411 2139 554 2173 Terent.
587 2139 653 2173 Ad.
687 2139 729 2179 ΙΙ,
763 2138 796 2179 4,
833 2138 863 2179 7,
896 2137 1090 2171 indicativo
1124 2138 1252 2171 Catull.
1279 2138 1328 2179 V,
1362 2137 1422 2175 10;
1463 2138 1526 2172 {tis
1563 2137 1757 2172 indicativo

255 2198 350 2241 apud
383 2197 498 2232 Plaut.
531 2198 601 2232 Mil.
635 2199 721 2242 glor.
748 2198 791 2238 II,
824 2196 857 2239 2,
894 2199 910 2229 1
946 2201 980 2231 et
1012 2198 1033 2229 2
1066 2200 1101 2230 et
1134 2196 1165 2238 5,
1205 2197 1308 2231 ovid.
1341 2197 1485 2231 Metam.
1513 2197 1555 2238 II,
1594 2196 1674 2237 516,
1713 2207 1756 2230 ex

256 2315 358 2349 Ovid.
386 2319 440 2349 ter
465 2315 501 2349 in
529 2316 687 2354 vocibus,
728 2327 808 2360 quae
841 2315 945 2349 aliter
976 2315 1013 2348 in
1045 2326 1191 2348 versum
1217 2315 1352 2348 includi
1379 2326 1452 2349 non
1478 2318 1647 2359 poterant
1673 2314 1755 2357 (Me-

256 2378 341 2408 tam.
369 2375 424 2415 vi,
451 2374 531 2412 357,
559 2386 603 2409 ex
628 2375 732 2408 Pont.
760 2375 816 2415 IV,
845 2374 876 2416 5,
904 2374 924 2407 6
952 2377 987 2408 et
1014 2372 1082 2416 16),
1117 2373 1346 2408 coniunctivo
1373 2375 1470 2418 apud
1496 2374 1586 2408 Enn.
1614 2373 1683 2408 Cic.
1711 2374 1755 2407 de

256 2433 357 2467 Osfie.
385 2434 409 2474 Ι,
438 2433 481 2465 12
506 2433 558 2475 (in
585 2434 693 2467 simili
721 2433 822 2474 voce)
849 2437 884 2468 et
910 2434 1025 2467 Plaut.
1053 2433 1123 2466 Mil.
1151 2433 1212 2474 ΙΙΙ,
1245 2432 1277 2473 2,
1312 2433 1367 2467 48.
1419 2433 1566 2477 Opinor,
1598 2433 1754 2477 syllabas

256 2496 387 2526 natura
412 2493 550 2533 breves,
589 2494 651 2527 sed
677 2505 807 2535 parum
835 2497 932 2527 certa
959 2492 1174 2536 quantitate,
1212 2492 1407 2536 productas
1434 2503 1512 2526 esse
1537 2492 1753 2536 plerumque

256 2552 397 2585 duabus
436 2551 605 2585 brevibus
642 2552 940 2596 praecedentibus
998 2550 1067 2593 Qui
1100 2551 1136 2584 in
1170 2551 1335 2585 Seebodii
1368 2551 1481 2585 tabul.
1508 2551 1522 2584 I
1548 2562 1581 2594 p.
1609 2549 1678 2583 494
1712 2551 1756 2584 de

257 2610 322 2643 hac
356 2621 393 2643 re
425 2610 565 2653 scripsit
597 2612 632 2650 (a
664 2611 831 2654 Zumptio
865 2608 1020 2651 citatus),
1060 2620 1234 2653 magnum
1272 2610 1435 2643 locorum
1474 2621 1669 2644 numerum
1708 2609 1753 2643 ad

258 2669 350 2702 idem
379 2669 703 2702 demonstrandum
729 2673 896 2703 notatum
923 2668 1092 2702 habuisse
1118 2669 1261 2702 videtur
1286 2667 1471 2712 (equidem
1496 2680 1575 2703 sero
1596 2668 1642 2702 ad
1661 2669 1755 2702 hanc

257 2739 333 2761 rem
360 2728 547 2761 attendere
574 2728 689 2771 crepi),
717 2729 779 2762 sed
806 2740 872 2762 nec
899 2730 995 2762 locos
1022 2728 1118 2771 ipsos
1145 2727 1318 2761 indicavit
1343 2738 1409 2761 nec
1428 2728 1607 2771 pluralem
1628 2738 1753 2761 nume-

257 2798 338 2820 rum
365 2798 385 2820 a
413 2787 571 2820 secunda
596 2798 750 2829 persona
776 2787 966 2831 singularis
1000 2786 1141 2820 numeri
1168 2786 1335 2827 seiunxit,
1375 2787 1420 2820 ad
1453 2797 1563 2830 quam
1590 2789 1755 2820 veterum

257 2846 576 2889 grammaticorum
603 2846 848 2879 controversia
874 2857 945 2879 non
972 2846 1139 2889 pertinet.
1191 2845 1262 2878 Nec
1295 2845 1458 2878 distinxit
1490 2845 1754 2879 Ramshornius

258 2903 304 2948 (p.
334 2903 450 2944 1048),
490 2903 550 2947 qui
584 2905 616 2936 ss
648 2903 685 2937 in
718 2904 947 2938 coniunctivo
985 2905 1144 2945 brevem,
1182 2904 1220 2938 in
1258 2903 1455 2938 indicativo
1492 2904 1637 2947 longam
1676 2914 1753 2937 esse

258 2963 410 3007 scripsit,
449 2963 578 2997 deinde
616 2962 784 2995 omnibus
823 2963 1029 2996 indistincte
1068 2963 1242 3007 exemplis
1274 2963 1388 3006 longae
1422 2973 1602 2996 mensurae
1628 2964 1752 2995 notam
