1915 3235
829 150 911 191 617

195 277 259 317 Ne
292 290 343 318 ea
375 278 550 330 quidem
582 278 789 331 attingam
824 279 906 321 hoc
938 280 1043 329 loco,
1078 292 1174 332 quae
1205 279 1266 321 ita
1297 282 1473 332 recepta
1497 293 1523 321 a
1547 280 1668 321 Klot-

79 347 141 388 zio
182 347 377 400 probavi‚
426 351 473 389 ut
518 351 667 390 tamen
713 351 851 402 magis
898 350 1242 391 testimoniorum
1289 350 1490 403 gravitati
1536 364 1668 403 quam

79 417 252 458 editoris
296 417 576 470 disputationi
615 433 714 461 eum
754 433 978 461 assensum
1019 421 1275 469 tribuerem3
1323 421 1440 462 velut
1485 421 1529 462 in
1574 422 1668 474 ipso

79 487 252 529 Catonis
284 487 405 529 initio
438 487 479 541 (ἕ
512 488 555 541 2)
587 490 670 531 hoc
702 490 894 532 dandum
934 491 1014 532 fuit
1053 492 1280 532 consensui
1313 491 1494 532 Charisii
1527 494 1569 533 et
1601 505 1669 533 co-

79 557 221 599 dicum
252 557 466 600 bonorum
500 560 705 610 omnium,
740 563 788 602 ut
819 561 1079 603 scriberetur
1103 566 1207 602 certe
1231 562 1333 610 seim
1366 562 1497 603 aliam
1522 567 1669 603 autem

79 641 172 669 esse
218 628 345 669 huius
387 629 589 682 loquendi
636 631 803 684 generis
851 632 1206 685 significationem
1253 634 1382 685 atque
1431 634 1535 682 eius,
1585 646 1669 686 quo

77 699 208 752 paulo
240 713 372 753 supra
405 700 552 742 Cicero
584 715 687 742 usus
721 704 797 752 est,
833 707 939 743 certo
971 704 1065 752 scio,
1099 703 1180 745 hoc
1213 703 1387 755 quidem
1412 703 1505 744 loco
1531 706 1573 744 et
1598 703 1670 755 qui

78 770 117 810 ei
148 772 248 811 sunt
279 770 450 820 similes,
487 772 735 814 contortulis
761 773 912 814 Klotzii
945 773 1395 815 circumlocutionibus
1419 787 1506 815 non
1531 774 1670 814 addu-

78 853 163 890 cor,
212 843 260 881 ut
299 841 486 882 credam.
550 843 699 895 Neque
747 843 861 884 enim
909 843 1056 885 Cicero
1105 847 1271 885 certum
1318 857 1411 885 esse
1461 843 1575 894 dicit,
1624 857 1670 885 se

77 911 197 961 scire,
247 911 323 952 sed
365 912 588 953 scientiam
628 927 753 954 suam
793 917 955 955 certam
989 928 1081 956 esse
1114 929 1194 956 nec
1226 915 1494 956 dubitatione
1527 915 1669 968 impli-

78 984 233 1023 catam.
296 982 446 1035 Itaque
480 996 529 1024 eo
563 983 800 1034 devenitur,
841 987 900 1035 ut,
940 985 1016 1026 ubi
1049 986 1254 1028 adverbio
1287 999 1390 1027 usus
1422 986 1560 1038 magis
1594 986 1669 1026 de-

76 1052 184 1094 finiti
216 1053 333 1094 locus
367 1056 480 1094 esset
514 1052 638 1106 (certo
670 1053 782 1107 scio),
831 1055 890 1096 ibi
929 1057 1060 1097 etiam
1093 1058 1363 1098 communius
1397 1055 1535 1110 (certe)
1568 1057 1670 1109 poni

75 1124 267 1176 potuisse
300 1127 343 1165 et
374 1137 509 1177 prope
550 1125 707 1177 saepius
746 1127 935 1178 positum
979 1140 1085 1178 esse,
1133 1141 1220 1169 non
1263 1130 1425 1177 contra,
1475 1127 1670 1168 codicum

77 1195 334 1236 auctoritate
382 1194 487 1236 moti
536 1197 779 1237 statuamus
827 1196 1214 1250 (quemadmodum
1265 1199 1446 1239 dicimus
1494 1200 1556 1239 et:
1598 1198 1671 1252 jes]

76 1265 174 1305 ‘need
206 1266 283 1306 υἱεῖ
315 1268 376 1307 et:
406 1267 482 1320 ,jey
514 1266 611 1307 veesl
639 1266 712 1319 for
742 1268 833 1317 m‘st,
873 1268 989 1309 nullo
1023 1265 1345 1321 discrimine).¹)
1407 1268 1489 1319 Qui
1522 1273 1670 1310 autem

77 1349 250 1377 omnem
296 1337 544 1378 huiusmodi
590 1338 921 1379 inconstantiam
971 1352 995 1379 a
1043 1339 1189 1392 lingua
1235 1340 1389 1381 Latina
1444 1340 1670 1381 excludere

78 1409 300 1457 conantur,
333 1410 543 1460 tanquam
577 1409 767 1461 aliquam
800 1409 1029 1459 maculam,
1064 1423 1118 1450 ne
1150 1410 1220 1460 illi,
1260 1423 1356 1462 quae
1389 1410 1442 1451 sit
1475 1423 1670 1451 commu-

76 1478 140 1517 nis
174 1478 382 1519 sermonis
404 1482 574 1529 natura,
599 1479 810 1532 ignorant.
862 1479 948 1520 Sed
974 1481 1081 1530 haec,
1115 1485 1163 1521 ut
1185 1481 1284 1531 dixi,
1318 1482 1670 1533 praetermittani;

77 1548 129 1589 de
172 1548 252 1590 illis
296 1562 524 1602 exponam,
573 1564 670 1603 quae
712 1551 839 1591 huius
883 1550 1080 1592 editionis
1122 1553 1196 1592 aut
1237 1565 1413 1604 prorsus
1454 1554 1530 1592 aut
1560 1551 1671 1592 inter

76 1619 393 1661 recentissimas
425 1623 526 1661 sunt
558 1621 744 1674 propria,
778 1634 858 1662 nec
889 1624 1037 1662 tamen
1070 1621 1123 1662 de
1147 1621 1369 1670 omnibus;
1402 1635 1505 1663 nam
1528 1622 1670 1662 minu-

75 1689 187 1731 tiora
217 1703 358 1743 neque
390 1704 467 1744 per
499 1705 545 1732 se
579 1692 707 1744 digna
741 1692 1031 1744 disputatione
1053 1692 1134 1733 hoc
1157 1692 1249 1733 loco
1272 1695 1372 1733 sunt
1401 1695 1443 1733 et
1464 1706 1668 1745 magnam

76 1763 244 1813 partem
279 1762 646 1803 demonstratione
680 1762 919 1804 communis
953 1763 1220 1804 auctoritatis
1255 1763 1554 1804 defendentur.

196 1832 370 1873 Catonis
405 1833 595 1873 codicem
627 1834 834 1882 omnium,
884 1834 955 1885 qui
996 1834 1169 1885 quidem
1207 1834 1298 1875 noti
1337 1835 1435 1884 sint,
1484 1837 1527 1875 et
1558 1834 1670 1875 anti·-

78 1902 331 1954 quissimum
365 1905 407 1944 et
438 1904 649 1956 optimum
684 1906 852 1945 constat
885 1917 978 1944 esse
1009 1904 1175 1956 regium
1203 1904 1506 1955 Parisiensem,
1541 1918 1671 1958 quem

78 1972 260 2014 Orellius
294 1986 390 2014 cum
425 1974 539 2015 edita
571 1975 785 2027 scriptura
818 1974 1127 2016 conferendum
1161 1976 1339 2016 curavit.
1404 1975 1490 2016 Sed
1523 1976 1594 2027 qui
1627 1976 1671 2016 id

77 2045 297 2097 negotium
345 2048 615 2098 susceperat,
664 2045 794 2086 Iulius
841 2046 1073 2098 BergerUS.
1130 2045 1255 2086 valde
1301 2046 1573 2098 indiligenter
1620 2060 1670 2088 eo

78 2114 250 2155 functus
283 2118 359 2165 est,
400 2118 447 2156 ut
480 2116 673 2168 plurimis
705 2116 808 2157 locis
841 2115 1023 2157 Orellius
1057 2118 1110 2165 et,
1152 2117 1224 2168 qui
1257 2129 1355 2157 eum
1389 2118 1524 2158 secuti
1555 2120 1669 2168 sunt,

79 2185 392 2238 deciperentur.
456 2186 502 2227 Id
534 2188 736 2239 perspexi
779 2200 831 2228 ex
871 2187 1060 2239 diligenti
1101 2187 1190 2227 eius
1233 2187 1388 2228 codicis
1429 2188 1668 2238 collatione,

79 2269 210 2308 quam
242 2257 306 2297 vir
338 2257 610 2298 doctissimus
643 2258 834 2310 mihique
868 2257 1166 2309 amicissimus,
1210 2258 1302 2298 Nic.
1335 2258 1382 2299 Β.
1416 2259 1669 2311 Krarupius,

80 2339 106 2367 a
137 2339 183 2367 se
214 2327 390 2368 Parisiis
424 2328 679 2377 confectam,
713 2328 818 2369 mihi
851 2328 1008 2368 eximia
1040 2328 1311 2377 liberalitate,
1352 2331 1399 2369 ut
1431 2329 1516 2370 alia
1549 2342 1669 2382 egre-

80 2396 148 2450 gia
181 2396 395 2439 Ciceronis
428 2398 635 2440 librorum
678 2398 1049 2439 emendandorum
1082 2399 1287 2449 subsidia,
1327 2400 1535 2440 utendam
1569 2413 1670 2441 con-

81 2468 219 2508 cessit.
282 2468 432 2521 Neque
463 2482 531 2509 res
565 2469 697 2510 dubia
729 2469 815 2510 ullo
846 2469 976 2510 modo
1010 2471 1114 2520 erat,
1164 2483 1295 2522 quum
1340 2483 1437 2511 raro
1470 2471 1671 2523 Krarupii

80 2538 295 2579 silentium
342 2539 528 2592 Bergero
574 2541 853 2592 repugnaret,
910 2540 987 2580 sed
1040 2540 1129 2581 fere
1182 2540 1281 2581 huic
1327 2542 1488 2582 tacenti
1535 2554 1670 2594 oppo-

80 2611 255 2650 neretur
288 2622 313 2650 a
337 2610 551 2663 Krarupio
585 2612 762 2651 enotata
794 2611 1007 2662 scriptura
1041 2611 1096 2651 ab
1130 2624 1180 2652 eo
1214 2612 1424 2664 exemplo,
1459 2625 1543 2664 quo
1576 2614 1670 2652 ute-

81 2679 230 2729 batur,
286 2679 550 2733 discrepans.
636 2680 811 2733 [Postea
858 2680 1058 2722 Halmius
1109 2681 1153 2722 in
1208 2682 1393 2723 editione
1447 2682 1672 2723 Turicensi

83 2749 218 2791 altera
248 2763 351 2792 usus
385 2754 449 2792 est
481 2751 707 2793 collatione
739 2751 795 2792 ab
828 2751 883 2791 H.
908 2751 1044 2792 Keilio
1069 2751 1276 2802 confecta,
1312 2765 1408 2805 quae
1433 2755 1475 2793 et
1498 2753 1671 2805 Bergeri

123 2900 149 2944 ¹)
177 2900 262 2945 [Cfr.
289 2903 406 2937 Hand.
433 2903 583 2938 Tursell.
610 2904 653 2943 II,
680 2903 723 2936 14
750 2914 839 2947 sqq„
866 2903 1055 2947 Zumptius
1081 2904 1127 2937 ad
1153 2904 1253 2938 Verr.
1279 2904 1356 2939 Lib.
1383 2904 1397 2937 I
1423 2902 1444 2945 ξ
1470 2903 1501 2935 1.
1552 2901 1671 2946 1842]

1690 1703 1742 1727 267
