1915 3235
132 1368 183 1392 294

964 163 1049 204 636

209 292 325 345 apud
343 292 529 333 Ennium
548 293 599 333 T.
618 293 923 343 Flamininum,
957 293 1000 334 in
1025 293 1295 346 provinciam
1320 293 1619 334 Macedoniam
1647 294 1807 335 iturum

209 365 252 403 et
279 361 577 416 magnitudine
609 363 711 404 belli
742 364 1035 418 prodigiisque
1061 365 1303 413 sollicitum,
1339 364 1609 405 consolatum
1639 378 1734 406 esse
1767 368 1809 406 et

209 433 273 474 his
320 434 516 475 versibus
559 434 808 476 allocutum.
871 435 928 476 Hi
969 435 1020 476 T.
1054 435 1343 476 Flamininum
1392 435 1517 476 nobis
1565 449 1618 476 ex
1664 437 1806 489 magni

208 504 339 545 animi
372 504 665 557 ferventisque
697 505 855 558 ingenii
888 507 1044 547 iuvene
1077 508 1120 547 et
1157 506 1259 546 belli
1300 505 1455 559 cupido
1504 505 1652 558 (talem
1694 507 1805 547 enim

207 575 466 627 accepimus,
516 576 787 617 consulatum
831 590 882 618 ex
922 579 1143 630 quaestura
1181 575 1407 629 adeptum)
1447 576 1647 618 timidum
1686 578 1808 618 anxi-

209 659 367 698 umque
400 646 576 697 faciunt,
611 660 739 699 quem
767 647 864 689 Sex.
891 648 1024 690 AElius
1058 648 1403 689 confirmandum
1437 647 1519 688 sibi
1551 647 1695 689 Verbis
1727 661 1808 700 pu-

207 717 321 766 tarit,
370 717 528 758 AElium
569 719 717 759 autem
761 721 804 759 et
842 732 1081 772 pauperem
1120 719 1331 760 inducunt
1363 717 1498 771 (haud
1528 732 1686 773 mayna
1717 732 1808 759 cum

206 786 268 840 re)
313 790 354 828 et
396 787 623 840 praemium
670 789 816 830 auxilii
859 790 1252 843 consolationisque
1295 803 1321 830 a
1364 789 1526 842 collega
1573 791 1806 842 petentem.

206 859 356 911 ltaque
398 859 493 900 haec
535 872 706 912 quoque
748 861 1000 902 omittamus
1035 861 1532 914 circumspiciamusque,
1582 861 1807 913 ecquando

207 929 257 970 T.
291 929 582 970 Flamininum
628 930 671 971 in
703 944 749 972 re
784 931 995 973 eiusmodi
1028 933 1231 984 gerenda,
1281 945 1378 984 quae
1416 931 1460 972 in
1501 931 1626 972 Ennii
1665 944 1802 972 anna-

206 1000 317 1041 libus
351 988 461 1041 inter
501 1001 616 1041 bella
653 1001 856 1043 Romana
899 1004 994 1044 cani
1040 1003 1241 1055 potuerit,
1289 1003 1372 1044 hoc
1414 1004 1491 1051 est,
1540 1002 1582 1043 in
1625 1002 1807 1055 imperio

206 1071 306 1112 belli
338 1071 603 1112 Macedonici
637 1072 845 1114 traditum
879 1074 935 1115 sit
973 1074 1017 1115 in
1057 1087 1238 1127 magnas
1280 1073 1556 1114 difficultates
1597 1086 1807 1126 curasque

205 1141 418 1191 incidisse,
453 1155 674 1195 quumque
707 1143 750 1184 in
783 1144 833 1184 iis
866 1158 944 1198 per
978 1145 1152 1198 aliquod
1185 1147 1359 1197 tempus
1391 1144 1601 1193 haesisset,
1642 1144 1698 1186 ab
1731 1145 1807 1185 ho-

204 1213 319 1253 mine
359 1225 552 1266 paupere
594 1216 636 1254 et
675 1214 864 1267 ignobili,
915 1228 1043 1268 quem
1083 1217 1252 1268 praemii
1294 1229 1393 1268 spes
1440 1215 1598 1256 illicere
1645 1218 1805 1268 posset,

205 1283 411 1324 auxilium
459 1284 497 1324 ei
545 1285 754 1327 oblatum.
840 1287 949 1327 Eam
996 1299 1085 1327 rem
1145 1287 1428 1339 perscriptam
1477 1286 1806 1339 expositamque

204 1354 417 1395 habemus
451 1355 676 1408 diligenter
709 1358 826 1410 apud
859 1357 1026 1398 Livium
1059 1359 1102 1399 in
1134 1358 1243 1399 libro
1274 1358 1432 1399 XXXII
1465 1370 1499 1398 c.
1533 1357 1603 1405 IX,
1644 1357 1695 1407 X,
1734 1357 1805 1405 XI,

204 1425 292 1475 XII,
342 1429 434 1467 tum
474 1427 617 1468 minus
663 1430 865 1469 accurate
905 1428 1023 1481 apud
1062 1429 1343 1470 Plutarchum
1383 1429 1427 1469 in
1458 1429 1547 1469 Vita
1579 1427 1806 1468 Flaminini

205 1509 239 1537 c.
273 1497 313 1538 4.
348 1498 633 1550 significatam
668 1500 814 1540 autem
849 1500 921 1549 ita,
971 1503 1018 1540 ut
1058 1502 1100 1541 et
1140 1501 1300 1541 claram
1341 1500 1639 1552 illustremque
1673 1499 1805 1540 fuisse

204 1571 417 1620 appareat
457 1571 500 1609 et
532 1569 638 1610 Livii
677 1570 870 1612 narratio
910 1571 1200 1619 confirmetur,
1249 1571 1292 1611 in
1333 1571 1585 1623 fragmentis
1624 1569 1804 1623 Polybii,

204 1638 378 1680 Diodori
412 1639 554 1689 Siculi,
590 1640 773 1682 fortasse
809 1643 939 1683 etiam
973 1642 1176 1695 Appiani.
1225 1642 1335 1682 Nam
1371 1655 1502 1694 quum
1538 1641 1804 1682 Flamininus

206 1701 441 1751 exercitum
475 1711 713 1764 accepisset
747 1726 773 1753 a
805 1713 851 1753 P.
886 1713 1022 1761 Villio,
1057 1713 1289 1765 superioris
1323 1712 1425 1753 anni
1460 1711 1647 1759 consule,
1688 1714 1730 1753 et
1761 1712 1804 1752 in

204 1781 502 1822 Macedoniam
536 1786 766 1835 penetrare
800 1784 940 1832 vellet,
983 1786 1125 1824 castra
1157 1784 1345 1825 hostium
1380 1783 1436 1824 ad
1467 1784 1629 1824 flumen
1661 1782 1803 1824 Aoum

203 1855 292 1893 tam
339 1853 583 1894 difficilibus
631 1854 749 1895 aditu
799 1854 901 1895 locis
951 1857 992 1895 et
1038 1857 1128 1894 tam
1176 1856 1333 1895 natura
1381 1854 1557 1894 munitis
1605 1853 1802 1906 opposita

203 1926 338 1972 erant,
387 1927 435 1964 ut
473 1924 620 1965 hostes
661 1925 835 1977 aggredi
876 1928 917 1966 et
959 1926 1042 1965 vim
1083 1938 1160 1977 per
1194 1928 1335 1966 castra
1369 1925 1511 1966 facere
1545 1925 1681 1979 mayis
1705 1925 1802 1978 pla-

202 1999 320 2046 eeret,
355 2009 493 2049 quam,
528 1996 727 2050 quomodo
756 1996 886 2049 fieret,
920 1997 1023 2037 satis
1056 1996 1322 2049 expediretur
1347 1995 1453 2048 (Liv.
1481 2009 1515 2036 c.
1545 1994 1602 2047 9).
1651 1995 1802 2048 Itaque

202 2078 334 2116 quum
369 2065 459 2106 dies
492 2067 781 2120 quadraginta
813 2068 905 2108 sine
938 2067 1024 2107 ullo
1058 2069 1215 2107 conatu
1255 2067 1313 2107 ibi
1346 2067 1534 2108 Romani
1575 2067 1800 2116 sedissent,

202 2135 357 2176 ‹leinde
404 2150 491 2188 pax
531 2136 751 2190 colloquiis
793 2139 953 2179 frustra
992 2139 1161 2178 tentata
1201 2140 1326 2187 esset,
1375 2138 1653 2190 pugnabatur
1701 2139 1801 2179 ante

201 2206 407 2247 stationes
440 2208 725 2249 Macedonum
761 2209 852 2250 sine
884 2210 970 2250 ullo
1004 2210 1160 2250 effectu
1187 2208 1240 2262 (c.
1263 2207 1347 2261 io).
1398 2209 1509 2250 Tum
1536 2222 1562 2249 a
1587 2208 1799 2261 Charopo,

202 2277 474 2329 Epirotarum
520 2279 725 2332 principe,
775 2283 924 2332 pastor
964 2280 1139 2333 quidam
1180 2281 1369 2322 locorum
1410 2293 1569 2333 gnarus
1609 2279 1664 2320 ad
1702 2279 1799 2320 Fla-

201 2348 410 2389 mininum
445 2350 656 2392 deductus
698 2351 893 2403 promisit
931 2364 977 2392 se
1020 2353 1190 2404 partem
1234 2350 1455 2403 copiarum
1499 2350 1798 2391 Romanarum

201 2419 376 2460 occultis
425 2423 466 2460 et
514 2421 659 2462 arduis
709 2422 888 2463 callibus
935 2436 1066 2475 super
1114 2423 1245 2474 caput
1290 2420 1478 2462 hostium
1528 2421 1797 2461 educturum.

200 2490 464 2532 Flamininus
499 2505 632 2543 quum
666 2493 859 2534 nonnihil
900 2494 1154 2542 dubitasset,
1205 2492 1456 2533 crederetne
1496 2491 1672 2540 homini,
1723 2491 1797 2532 de-

200 2561 407 2602 lectorum
432 2562 616 2603 militum
645 2576 874 2604 numerum
900 2565 1028 2614 misit,
1067 2565 1138 2617 qui
1162 2576 1187 2604 a
1206 2565 1379 2615 pastore
1398 2563 1440 2602 in
1459 2562 1685 2603 cacumina
1709 2562 1797 2603 Ma-

200 2631 411 2672 cedonum
447 2633 596 2673 castris
630 2634 897 2676 imminentia
932 2635 1375 2681 circumducerentur3
1408 2636 1628 2685 pastorem
1654 2633 1796 2686 ipsum

202 2702 373 2743 tribuno
407 2703 603 2751 militum,
653 2705 725 2756 qui
768 2706 912 2758 copias
953 2706 1153 2755 ducebat,
1201 2704 1378 2745 tradidit
1412 2707 1455 2744 et
1479 2704 1702 2758 promissis
1733 2704 1796 2743 in-

197 2773 397 2826 flantibus,
447 2774 481 2814 si
520 2774 627 2815 fides
669 2778 870 2819 exstaret,
921 2781 1137 2816 oneratum
1182 2780 1224 2816 et
1265 2775 1439 2816 catenis.
1503 2775 1597 2827 Ipse
1631 2774 1796 2815 interea

201 2845 368 2885 hostem
411 2857 436 2885 a
480 2844 620 2885 fronte
652 2845 908 2895 lacessebat,
958 2860 1011 2887 ne
1055 2846 1157 2899 quid
1200 2845 1634 2887 animadverteretur.
1698 2845 1795 2886 Tri-

199 2915 340 2955 bunus
387 2914 632 2966 militesque
680 2929 814 2967 quum
861 2917 987 2957 tertio
1035 2917 1210 2957 demum
1260 2916 1327 2957 die
1375 2919 1550 2969 pastore
1600 2916 1708 2957 duce
1752 2916 1794 2956 in

200 2986 416 3032 verticem,
466 2998 594 3037 quem
627 2985 852 3037 petierant,
901 2988 1213 3039 pervenissent,
1262 2988 1470 3040 signoque
1503 2987 1558 3028 ab
1592 2986 1641 3027 iis
1675 2986 1790 3033 dato,
