1915 3235
974 148 1060 189 572

218 278 366 318 bellum
396 278 613 332 yesturos?
643 276 881 332 (yeremus.?
910 277 946 319 si
965 278 1117 332 yeretis
1138 277 1464 331 significaretur,
1499 281 1625 329 esset,
1659 278 1815 320 saltem

218 348 273 389 ad
319 348 527 401 regulam,
573 349 734 403 qesturi
781 348 940 390 essent?
985 348 1038 389 de
1085 349 1268 391 omissso
1308 350 1512 391 ressexivo
1556 349 1632 391 cfr.
1664 349 1813 401 XXVI,

216 417 304 471 35).
368 419 401 460 E
437 418 657 460 Ccesare:
692 419 796 461 Bell.
831 419 939 461 Gall.
966 419 995 469 I,
1032 419 1107 460 14:
1145 419 1264 471 Quod
1294 420 1332 460 si
1363 424 1515 462 veteres
1547 421 1816 463 contumelias

216 489 400 530 oblivisci
435 490 562 543 vellet,
610 503 710 530 num
752 491 875 531 etiam
916 491 1143 531 recentium
1174 491 1437 532 iniuriarum
1469 492 1714 532 memoriam
1746 491 1815 533 de-

210 574 368 614 ponere
399 560 551 614 posse?
591 560 646 613 (si
687 561 788 613 colo,
834 584 886 589 --
923 560 1127 615 possum?
1170 561 1443 603 Reflexivum
1476 562 1683 603 omissum
1717 561 1815 615 est.)

215 631 248 672 E
287 631 487 673 Tacito:
537 632 649 673 Hist.
682 632 711 681 Ι,
758 632 834 674 50:
885 631 1009 673 Nunc
1050 645 1128 686 pro
1175 632 1330 673 Othone
1370 647 1426 673 an
1450 646 1533 687 pro
1575 632 1738 674 Vitellio
1769 634 1816 674 in

215 703 369 756 templa
400 703 561 743 ituros?
593 701 806 755 (ibimus.?)
840 703 905 744 ΙΙΙ.
942 703 1016 744 20:
1058 703 1130 743 An
1168 704 1516 758 oppuynationem
1548 703 1816 746 inchoaturos

216 773 407 827 adempto
454 775 567 814 omni
606 774 858 828 prospectu?
903 773 1251 827 (mehoabmnuff)
1298 775 1411 816 Ann.
1444 775 1474 825 I,
1512 775 1586 816 17:
1639 775 1816 826 Quando

216 858 394 885 ausuros
426 858 639 898 exposcere
663 845 878 886 remedia?
908 845 1202 898 (anclebtmus?
1232 845 1495 899 Quanquam
1527 845 1582 887 de
1612 845 1812 887 hocloco

216 915 405 956 dubitari
439 918 595 968 potest,
631 916 684 957 de
718 930 802 969 quo
836 917 977 957 dicam
1011 915 1221 969 inferius).

334 987 374 1027 2.
439 987 597 1028 Tertiae
632 1001 829 1040 personae
862 989 927 1028 tot
958 990 1059 1028 sunt
1092 987 1303 1040 exempla,
1345 990 1392 1028 ut
1432 990 1584 1029 notare
1615 987 1815 1041 putidum

214 1057 289 1105 sit3
323 1058 541 1099 sufficiant
574 1072 625 1099 ex
658 1062 827 1112 septem
862 1058 1008 1099 Livii
1039 1058 1158 1099 libris
1190 1059 1307 1099 haee:
1340 1059 1369 1107 Ι,
1405 1058 1462 1099 50
1494 1057 1618 1112 (his),
1651 1059 1699 1109 ΙΙ,
1733 1059 1813 1108 41;

214 1128 280 1178 ΙΙΙ,
315 1129 354 1178 9,
395 1130 464 1171 39.
504 1130 574 1179 543,
616 1131 685 1179 64,
727 1130 803 1177 72;
851 1129 918 1177 IV,
960 1130 986 1170 2
1020 1128 1144 1182 (Quot
1177 1134 1434 1184 qustiitasque
1465 1143 1532 1170 res
1567 1129 1817 1171 Canuleium

216 1201 489 1254 (assyr-essum?
527 1204 569 1241 et
601 1200 792 1254 saepius),
826 1201 882 1241 43
917 1200 1060 1253 (Unde
1091 1201 1128 1241 si
1161 1200 1262 1255 quid
1295 1201 1476 1254 increpet
1506 1202 1694 1250 terroris,
1726 1201 1817 1242 sine

206 1272 391 1325 pam-icio
417 1273 670 1326 maye'stratu
693 1273 865 1326 placere
897 1285 985 1312 rem
1009 1271 1226 1325 publicam
1258 1272 1481 1325 opprimff,
1515 1271 1590 1312 ubi
1621 1271 1815 1313 notanda

214 1345 280 1383 est
312 1342 488 1383 omissio
529 1343 751 1396 particulae
792 1342 1125 1395 interrogativae,
1175 1356 1270 1395 quae
1319 1342 1421 1384 ferri
1467 1342 1536 1384 hic
1584 1345 1626 1384 et
1663 1343 1814 1385 huius-

213 1413 330 1454 modi
362 1413 465 1455 loeis
498 1416 654 1466 potest,
703 1415 747 1455 in
785 1413 1120 1466 interrogatione
1161 1415 1443 1455 vehementer
1481 1412 1693 1467 urgente),
1742 1413 1811 1464 57,

213 1484 290 1533 60,
324 1485 371 1535 V,
406 1485 475 1534 24,
509 1485 587 1535 45;
626 1485 693 1536 VI,
731 1485 781 1526 17
818 1482 1026 1538 (saepius),
1063 1484 1138 1533 233
1187 1485 1274 1536 VII,
1307 1486 1335 1526 4
1368 1484 1526 1538 (utrum
1560 1508 1614 1513 —
1650 1483 1737 1538 an),
1771 1485 1811 1536 6,

216 1556 287 1605 11,
338 1556 413 1605 32,
465 1556 541 1606 38,
594 1557 669 1606 39;
718 1570 740 1598 e
787 1556 987 1597 Ccesare
1034 1555 1080 1596 Β.
1121 1555 1170 1597 G.
1210 1556 1267 1606 V,
1318 1557 1392 1606 28,
1437 1556 1483 1597 B.
1525 1556 1571 1598 C.
1612 1557 1651 1607 I,
1697 1556 1746 1607 9,
1791 1569 1814 1598 e

220 1626 401 1668 Tacito
433 1628 546 1668 Ann.
581 1628 610 1677 Ι,
649 1627 714 1675 17,
749 1628 804 1668 26
839 1625 955 1680 (bis),
997 1627 1076 1676 463
1118 1627 1166 1677 ΙΙ,
1203 1627 1278 1676 703
1317 1627 1385 1677 ΙΙΙ,
1420 1627 1489 1677 34,
1523 1628 1593 1676 44,
1628 1627 1697 1678 58,
1731 1627 1809 1677 693

213 1695 491 1749 [disiunctiva
537 1698 831 1751 interrogandi
878 1698 1020 1740 forma
1065 1701 1225 1751 praeter
1264 1698 1376 1739 Hist.
1410 1698 1439 1748 I,
1480 1698 1537 1740 50
1577 1700 1642 1740 est
1681 1698 1812 1739 etiam

212 1769 324 1809 Ann.
348 1769 455 1818 XVI,
491 1768 588 1822 283]
621 1782 699 1822 per
731 1769 918 1823 reliquos
950 1769 1083 1810 libros
1116 1769 1317 1822 progredi
1350 1782 1493 1822 operae
1516 1770 1704 1822 pretium
1725 1782 1814 1811 non

213 1843 290 1881 est.
354 1840 502 1881 Potius
535 1841 848 1892 annotandum,
896 1840 1112 1882 nonnullis
1154 1840 1257 1882 locis
1296 1853 1383 1881 non
1422 1843 1538 1881 reete
1570 1853 1648 1893 pro
1680 1840 1813 1881 inter-

211 1911 433 1964 rogatione
482 1911 630 1964 accipi,
679 1925 776 1965 quae
824 1912 909 1953 alia
956 1912 1097 1953 forma
1144 1911 1354 1961 dieantur,
1389 1915 1451 1952 'ut
1489 1911 1605 1964 apud
1645 1911 1812 1952 Livium

211 1981 322 2031 XXI,
366 1982 423 2023 30
467 1981 650 2036 (Cepisse
692 1983 903 2038 quondam
937 1983 1083 2024 Gallos
1125 1996 1187 2035 ea,
1235 1996 1327 2036 quse
1367 1983 1483 2023 adiri
1508 1995 1629 2036 posse
1662 1981 1813 2023 Poenus

212 2052 428 2106 desperet).
493 2053 714 2094 Hannibal
746 2054 966 2095 narrando
998 2053 1312 2107 turpitudinem
1345 2054 1406 2094 rei
1439 2053 1646 2102 ostendit3
1679 2053 1812 2094 inter-

141 2133 190 2158 214
211 2124 403 2176 rogando
444 2124 659 2165 sententia
697 2125 972 2177 pervertitur,
1021 2125 1145 2177 quasi
1188 2125 1337 2178 negari
1376 2125 1525 2177 possit,
1575 2123 1718 2165 Gallos
1760 2137 1812 2165 ea

211 2194 305 2235 loca
338 2195 524 2247 eepisse;
558 2195 789 2236 dicendum
821 2198 915 2236 tum
948 2198 1060 2237 erat:
1095 2209 1195 2236 itum
1224 2195 1447 2250 desperare
1470 2195 1656 2247 Poenum,
1692 2194 1809 2235 adiri

207 2278 340 2318 posse,
374 2279 465 2319 quae
499 2265 616 2307 Galli
648 2267 863 2320 ceperint?
901 2267 1042 2308 Etiam
1075 2266 1184 2308 libro
1217 2267 1364 2314 XXVI,
1400 2268 1424 2308 8
1459 2265 1561 2319 (Qui
1594 2289 1649 2294 -—
1683 2280 1811 2307 ausus

213 2350 293 2376 non
327 2341 439 2389 esset,
474 2360 529 2365 ——
572 2351 685 2391 spem
717 2337 886 2391 cepisse)
930 2337 1188 2379 exclamatio
1231 2338 1494 2390 indignantis
1539 2340 1604 2378 est
1647 2335 1712 2389 (Is
1754 2361 1807 2366 —

211 2406 371 2460 cepitJ),
405 2420 491 2447 non
524 2408 817 2461 interrogatio,
852 2422 948 2461 quae
982 2410 1074 2449 haec
1108 2411 1240 2450 esset:
1275 2422 1419 2449 eumne
1451 2405 1675 2462 cepesssse?¹)

331 2477 384 2518 B.
448 2478 480 2518 Ε
514 2477 684 2520 Livio:
717 2479 785 2529 ΙΙΙ,
822 2480 896 2521 72ε
931 2480 1151 2534 Scaptione
1182 2479 1256 2520 hoc
1289 2481 1578 2533 assiynaturos
1603 2483 1808 2533 putarent

207 2548 408 2600 finitimos
438 2550 640 2601 populos?
680 2549 907 2604 (putatis22)
950 2551 998 2600 V,
1043 2551 1090 2592 2:
1144 2551 1277 2602 Quam
1315 2555 1518 2604 putarent
1559 2550 1810 2590 continuatae

213 2619 374 2659 militiae
407 2633 579 2660 causam
612 2628 695 2661 esse
727 2620 952 2675 (putatiff)
984 2622 1033 2672 V,
1067 2622 1143 2663 20:
1181 2621 1291 2673 Quid
1324 2621 1374 2662 cle
1387 2620 1543 2675 praeda
1564 2620 1810 2674 faciendum

211 2692 448 2730 censerent?
484 2689 718 2744 (censetiff)
758 2692 809 2741 X,
854 2694 928 2733 13:
981 2693 1091 2744 Quid
1129 2706 1170 2733 se
1211 2693 1297 2732 iam
1335 2705 1471 2732 senem
1510 2691 1813 2733 sollicitarent?

248 2864 275 2907 ³)
303 2865 410 2900 Peius
448 2866 483 2900 in
523 2867 686 2900 oratione
725 2872 823 2902 recta
861 2869 957 2913 apud
996 2868 1139 2903 Livium
1166 2869 1248 2910 VII,
1287 2868 1333 2901 40
1373 2879 1438 2912 pro
1476 2868 1613 2903 ironica
1645 2869 1809 2903 dehorta-

305 2924 402 2958 tione
429 2923 485 2965 (ne
510 2924 729 2968 destiteritis)
761 2926 987 2961 substituunt
1018 2927 1351 2971 interrogationem,
1390 2927 1493 2971 quasi
1520 2927 1583 2962 sit:
1622 2939 1693 2962 non
1717 2929 1808 2961 desi-

305 2985 430 3018 stetis?
