1915 3235
851 146 939 187 635

102 273 258 326 quibus
292 273 403 314 curis
436 273 627 323 anxium,
662 274 842 315 diversae
874 278 974 316 sunt
1006 276 1244 327 sententiae,
1277 276 1408 326 nulla,
1448 278 1484 318 si
1515 277 1691 330 propius

100 344 362 396 adspexeris,
396 343 646 396 probabilis.
709 344 820 385 Nam
854 345 908 386 H.
942 345 1154 391 Columna
1184 347 1278 387 haec
1318 359 1370 387 ex
1402 347 1535 399 ipsius
1568 347 1691 388 Ennii

100 427 287 467 persona
318 414 361 454 in
402 414 631 455 annalibus
674 414 842 467 prolata
883 416 1081 468 putabat,
1131 429 1316 468 eumque
1360 419 1403 458 et
1445 417 1515 458 alii
1557 418 1691 458 secuti

99 487 199 525 sunt
231 487 274 525 et
303 497 442 537 nuper
473 484 541 524 Fr.
573 485 768 526 Ritterus
812 487 855 527 in
898 488 1260 528 commentatione
1303 487 1355 528 de
1396 488 1519 528 En'nii
1560 488 1691 528 rebus

100 554 362 607 (Zeitschrift
417 554 485 594 fur
539 554 607 595 die
653 555 1223 607 Alterthumwissenschaft,
1282 571 1320 598 a.
1357 558 1490 608 1840,
1545 571 1587 598 n.
1620 559 1689 599 46.

100 639 141 678 p.
176 625 260 666 379
294 627 337 665 et
368 623 484 676 380),
519 625 590 677 qui
623 626 749 678 plura
782 627 902 668 addit
934 628 990 668 ad
1023 641 1196 668 omnem
1227 641 1321 668 rem
1355 630 1473 668 certa
1501 629 1687 680 quadam

99 696 238 737 forma
270 695 655 747 complectendam.
719 696 932 749 Opinatur
965 698 1092 747 enim,
1132 701 1239 748 tum,
1279 711 1413 750 quum
1446 699 1496 739 T.
1530 699 1689 739 Flami-

98 766 223 807 ninus
256 767 442 819 graviter
475 768 516 806 et
548 766 728 808 moleste
762 767 893 808 ferret
924 768 1101 809 fratrem
1141 782 1280 819 suum,
1322 761 1688 810 L.'Flamininum

99 851 124 877 a
157 837 212 877 M.
246 837 409 878 Catone
451 839 493 877 et
530 837 576 877 L.
618 838 786 879 Valerio
826 839 1075 880 censoribus
1114 853 1152 880 a.
1190 840 1272 880 184
1312 853 1350 880 a.
1385 839 1483 880 Chr.
1517 853 1559 880 n.
1594 853 1689 880 cum

98 907 331 960 ignominia
364 909 519 948 senatu
552 909 731 957 motum,
781 909 965 950 Ennium
998 910 1040 950 in
1073 923 1124 950 ea
1164 910 1383 950 annalium
1417 913 1540 962 parte
1574 923 1690 951 com-

98 977 299 1030 ponenda
332 979 591 1030 occupatum
619 978 770 1033 fuisse,
816 992 912 1031 quae
955 980 1114 1021 bellum
1149 980 1333 1030 Quinctii
1366 981 1687 1022 Macedonicum

99 1048 354 1096 contineret;
388 1048 533 1100 itaque
560 1061 658 1089 eum
685 1048 944 1098 Quinctium,
971 1050 1183 1092 fautorem
1209 1064 1349 1100 suum,
1383 1053 1521 1093 amico
1547 1052 1689 1093 animo

98 1119 154 1160 ad
185 1119 441 1159 memoriam
473 1131 617 1159 rerum
657 1121 864 1172 praeclare
907 1123 1125 1173 gestarum
1172 1124 1213 1161 et
1255 1121 1310 1161 ad
1353 1123 1687 1163 consolationem

98 1202 297 1241 curaeque
330 1189 589 1230 levationem
624 1203 676 1230 ex
708 1204 856 1231 earum
897 1192 1032 1244 gloria
1071 1194 1113 1232 et
1151 1192 1277 1232 laude
1319 1193 1574 1245 capiendam
1615 1207 1689 1234 vo—

98 1273 232 1301 casse.
295 1260 420 1300 Hanc
453 1260 712 1312 opinionem,
746 1261 788 1301 in
822 1275 953 1314 quam
986 1264 1115 1303 antea
1146 1275 1250 1302 num
1291 1262 1374 1312 alii,
1415 1264 1572 1313 nescio,
1615 1264 1687 1304 sed

98 1334 210 1371 certe
243 1331 326 1371 lac.
359 1330 626 1372 Facciolatus
659 1331 867 1372 inciderat
901 1333 961 1384 (in
993 1333 1165 1374 scholiis
1199 1333 1254 1373 ad
1283 1333 1497 1374 Ciceronis
1530 1333 1688 1385 locum)

97 1401 234 1442 multa
281 1401 547 1453 redarguunt
595 1405 637 1442 et
683 1415 859 1454 prorsus
909 1406 1120 1444 evertunt.
1198 1404 1389 1444 Primum
1440 1404 1588 1445 Cicero
1631 1405 1689 1444 sic

99 1485 227 1512 Versu
259 1472 330 1512 illo
362 1472 524 1524 posito:
560 1472 627 1512 ille
661 1474 725 1512 rit·
756 1472 873 1513 haud
904 1487 1060 1528 vnaymc
1093 1488 1183 1514 cum
1218 1488 1275 1525 re,
1319 1474 1390 1515 sed
1420 1474 1559 1528 plenu’
1590 1474 1691 1527 fidei

96 1542 315 1583 hominem
348 1542 536 1594 aliquem
569 1556 594 1583 a
626 1546 755 1595 poeta
781 1544 1003 1585 inductum
1029 1547 1072 1585 et
1097 1547 1483 1586 commemoratum
1510 1545 1689 1585 demon-

97 1616 217 1662 strat,
265 1615 314 1654 ut
354 1613 447 1666 ipse
489 1615 615 1665 poeta
662 1613 837 1667 intelligi
881 1618 1090 1667 nequeam
1139 1615 1293 1656 deinde
1332 1628 1542 1667 perquam
1583 1616 1690 1656 mire

97 1685 258 1725 Ennius
291 1687 430 1725 semet
457 1684 597 1737 ipsum
633 1685 693 1726 sic
725 1685 1021 1737 significasset,
1057 1699 1107 1726 ac
1139 1686 1281 1738 potius
1314 1686 1406 1726 istis
1439 1684 1692 1738 ve1⁷bis(ille

98 1753 179 1807 vir)
226 1757 365 1796 semet
404 1755 545 1808 ipsum
595 1756 892 1797 demonstrare
939 1757 1055 1797 nullo
1102 1757 1230 1798 modo
1277 1756 1429 1809 potuit.
1492 1756 1605 1796 Tum
1639 1756 1689 1796 T.

98 1826 345 1876 Quinctium
377 1826 667 1866 Flamininum
701 1826 837 1867 Ennio
871 1829 945 1867 aut
978 1827 1152 1868 omnino
1184 1827 1322 1879 poetis
1356 1827 1526 1872 favisse,
1563 1839 1690 1867 nemo

99 1899 291 1938 veterum
324 1897 513 1946 tradidit,
547 1910 626 1937 nec
658 1899 733 1937 aut
766 1897 926 1945 Cicero,
961 1898 1032 1950 qui
1057 1898 1369 1938 studiosissime
1397 1910 1447 1938 ex
1472 1897 1689 1937 veteribus

96 1967 176 2008 illis
208 1967 419 2008 Romanis
452 1967 693 2008 litterarum
728 1970 770 2008 et
802 1969 959 2008 artium
992 1968 1034 2008 in
1068 1970 1229 2009 honore
1262 1968 1560 2008 habendarum
1587 1981 1688 2008 auc-

98 2040 213 2079 tores
247 2039 418 2089 excitat,
461 2042 536 2079 aut
574 2040 802 2091 quisquam
843 2039 950 2079 alius
991 2052 1088 2079 eum
1122 2040 1165 2079 in
1196 2039 1278 2080 hoc
1310 2052 1465 2091 genere
1496 2038 1690 2079 nomina-

98 2108 170 2149 vit.
232 2109 321 2149 Iam
355 2109 449 2161 ipsa
481 2110 574 2150 haec
615 2111 866 2158 προσᾳιύνησις
908 2123 1039 2162 quam
1080 2110 1250 2150 insolita
1283 2109 1456 2161 fingitur
1489 2109 1690 2161 nulloque

97 2180 295 2232 exemplo
328 2180 595 2230 confirmata,
638 2183 683 2221 ut
722 2182 766 2221 in
806 2181 948 2221 medio
981 2193 1111 2233 opere
1150 2180 1310 2220 Ennius
1345 2180 1395 2221 T.
1429 2179 1688 2229 Quinctium,

97 2250 218 2290 cuius
251 2263 318 2291 res
352 2251 528 2291 bellicas
562 2264 715 2292 canere
751 2251 1036 2304 aggrediatur,
1072 2251 1316 2303 alloquatur
1349 2253 1391 2291 et
1423 2263 1572 2291 curam
1599 2250 1689 2291 eius

101 2320 428 2373 molestiamque
476 2322 691 2374 privatam
740 2322 1009 2362 consoletur?
1065 2321 1150 2362 Sed
1190 2323 1370 2374 augetur
1416 2320 1688 2374 perversitas,

96 2391 210 2443 quod
243 2392 468 2443 praemium
504 2392 585 2432 sibi
618 2395 718 2433 ante
750 2393 943 2445 promitti
976 2392 1078 2441 vult,
1120 2391 1155 2432 si
1196 2405 1343 2432 curam
1376 2392 1541 2432 levarit.
1604 2392 1688 2432 Ita-

96 2474 178 2514 que
211 2462 375 2514 reliqua
408 2463 607 2516 persequi
641 2463 805 2512 omitto,
855 2476 951 2515 quae
996 2463 1077 2503 dici
1120 2465 1268 2503 contra
1300 2463 1412 2502 hanc
1444 2462 1687 2515 opinionem

96 2534 309 2584 poterant,
343 2545 484 2585 neque
517 2534 567 2574 T.
601 2534 903 2582 Flamininum,
953 2533 1122 2574 etiamsi
1162 2533 1306 2573 fratris
1346 2532 1579 2585 ignominia
1613 2533 1688 2573 do-

96 2603 232 2652 luerit,
281 2605 371 2644 tam
413 2604 552 2645 mollis
598 2604 727 2644 animi
772 2604 904 2644 fuisse
946 2603 1093 2652 videri,
1143 2606 1188 2644 ut
1227 2609 1360 2644 noctes
1399 2603 1564 2657 diesque
1596 2616 1688 2643 sese

96 2673 310 2714 afflictans
353 2677 493 2726 poetae
538 2674 828 2715 consolatione
871 2677 1026 2726 egeret,
1075 2687 1216 2726 neque
1256 2675 1441 2714 Ennium
1481 2674 1541 2714 sic
1583 2673 1687 2714 ceci-

96 2745 210 2785 nisse
242 2745 417 2785 horrida
448 2744 575 2795 bella,
616 2747 664 2785 ut
694 2744 845 2785 molles
878 2747 1136 2796 tenerosque
1179 2758 1279 2785 suos
1324 2744 1688 2795 familiariumque

97 2827 247 2855 sensus
280 2815 585 2867 interponeret.
649 2815 734 2855 Sed
780 2814 912 2855 nihilo
956 2815 1106 2856 melior
1148 2815 1323 2855 Merulae
1361 2813 1576 2855 sententia
1609 2815 1685 2862 est,

97 2885 280 2937 probata
313 2885 663 2926 Drakenborchio
705 2884 838 2938 (apud
872 2883 1192 2937 Gernhardum)
1226 2885 1420 2937 aliisque,
1461 2884 1687 2936 significari

97 2954 194 2996 Sex.
227 2955 382 2996 AElium
415 2956 598 3004 Paetum,
634 2955 684 2995 T.
717 2955 948 2996 Flaminini
980 2955 1022 2996 in
1056 2955 1281 2997 consulatu
1314 2955 1541 3007 collegam,
1574 2954 1687 2994 hunc

1710 1982 1761 2006 293
