1915 3235
846 101 931 142 663

96 232 203 274 latet
235 231 396 284 aliquid
427 231 471 271 in
503 232 585 272 hac
618 231 833 284 scriptura
866 229 1080 272 codicum:
1128 230 1213 272 Hic
1253 231 1361 272 nihil
1393 236 1449 273 esi
1480 232 1589 287 quod
1618 246 1684 274 su-

95 303 319 357 spicionem
349 314 430 342 Hoc
453 302 623 355 putetis.
671 302 782 342 Nam
814 302 906 354 ipse
939 301 1086 343 Cicero
1119 301 1178 342 sic
1211 301 1398 343 scribere
1423 315 1510 344 non
1531 304 1683 356 potuit.

96 375 179 415 hoc
209 372 453 425 praesertim
485 373 720 413 verborum
753 372 913 422 ordine,
947 372 1220 425 praecedente
1251 370 1603 426 substantivo.)1)

214 443 262 484 In
293 442 486 484 oratione
517 455 596 495 pro
628 442 784 484 Milone
815 443 919 484 nihil
959 443 1099 484 dicam
1139 442 1191 483 de
1232 443 1498 495 praenomine
1536 456 1684 484 neces-

97 514 211 556 sario
242 514 286 555 in
317 512 341 565 §
373 513 428 554 26
463 525 515 553 ex
555 513 817 565 praecedenti
859 513 1002 554 littera
1045 515 1180 554 eruto.
1243 512 1329 554 Sed
1360 511 1384 565 ἓ
1417 513 1472 554 65
1511 516 1684 555 secutus

97 597 211 626 nunc
243 597 339 625 sum
377 583 669 625 coniecturam
707 584 808 625 olim
850 583 1017 625 silentio
1058 596 1267 636 pressam.
1331 583 1440 624 Nam
1485 584 1601 636 quod
1642 585 1685 625 in

97 655 315 697 codicibus
355 653 576 695 scribitur:
606 643 739 705 'Quin
771 655 894 694 etiam
923 654 1056 707 fuerit
1089 653 1324 694 audiendus
1347 667 1461 708 popa
1495 653 1687 695 Licinius

96 728 191 776 cet„
240 725 284 766 id
322 725 488 766 nullum
528 724 658 766 alium
691 724 843 777 recipit
875 725 1131 766 coniunctivi
1162 725 1279 766 modi
1310 719 1575 766 intellectum
1605 725 1686 766 nisi

98 797 233 838 hunc:
285 795 395 847 Quin
440 795 724 848 concedamus,
772 795 964 849 Pompeio
1007 795 1220 835 Licinium
1260 795 1517 836 audiendum
1554 795 1687 848 fuisse

97 865 410 921 (exspectaturz
461 865 493 906 I
495 866 586 906 llud
623 871 761 907 tamen
799 866 964 906 concedi
1000 867 1140 921 nequit
1177 864 1296 918 cet.);
1344 879 1440 918 quae
1472 867 1684 907 sententia

97 937 355 990 pravissima
387 938 464 977 est.
526 936 615 977 Nec
648 937 747 991 quin
787 937 909 977 eiiam
954 939 1069 978 recte
1110 938 1295 990 ponitur,
1345 937 1547 990 quoniam
1593 938 1684 979 haec

97 1021 185 1049 non
215 1007 410 1060 proxime
442 1007 793 1059 superadduntur
826 1021 922 1048 cum
945 1008 1157 1049 adscensu
1179 1008 1271 1050 aliis
1294 1009 1533 1050 minoribus
1555 1008 1684 1050 rebus

97 1076 159 1132 (in
191 1076 214 1130 ἓ
247 1076 334 1130 64),
375 1077 451 1118 sed
483 1078 540 1119 ad
572 1091 682 1128 eam,
727 1091 822 1131 quae
854 1078 1107 1131 interposita
1140 1080 1216 1129 est,
1265 1080 1522 1120 sententiam
1556 1092 1685 1132 gene-

97 1149 233 1190 ralem
267 1148 558 1201 adiunguntur
591 1149 773 1202 exempli
807 1151 849 1190 et
881 1149 1216 1190 confirmationis
1247 1149 1354 1191 loco.
1402 1150 1551 1203 Itaque
1584 1164 1685 1192 cau-

98 1219 232 1261 salem
275 1220 479 1261 orationis
525 1220 708 1261 formam
752 1220 937 1261 restitui:
986 1221 1053 1260 eui
1095 1221 1218 1260 etiam,
1259 1220 1393 1273 fuerit
1436 1221 1684 1262 audiendus.

97 1290 183 1332 Sed
221 1290 351 1343 paulo
391 1291 538 1332 durius
580 1291 727 1333 Cicero
766 1291 808 1331 in
847 1291 1099 1344 pronomine
1148 1290 1204 1332 ad
1253 1304 1384 1332 unum
1431 1292 1685 1345 Pompeium

97 1360 236 1411 rediit,
284 1373 310 1402 a
343 1374 428 1413 quo
459 1361 655 1414 proxime
688 1364 788 1402 ante
827 1362 1043 1414 appellato
1076 1361 1348 1412 sententiam,
1398 1363 1512 1415 quod
1545 1363 1685 1404 lenem

98 1432 479 1484 reprehensionem
510 1431 716 1481 habebat,
750 1432 806 1473 ad
837 1434 974 1473 totum
1008 1445 1142 1484 genus
1176 1432 1422 1474 deflexerat.

215 1502 263 1542 In
295 1502 448 1543 eadem
488 1503 682 1544 oratione
721 1501 744 1554 ξ
777 1503 829 1543 67
871 1503 930 1543 sic
969 1502 1174 1555 scriptum
1216 1506 1327 1545 erat:
1381 1503 1534 1544 Omnia
1569 1504 1684 1557 falsa

100 1576 220 1626 atque
257 1572 455 1613 insidiose
498 1572 597 1626 fieta
643 1578 850 1627 comperta
888 1578 995 1614 sunt.
1062 1573 1179 1623 Quod
1224 1574 1262 1614 si
1307 1578 1444 1615 tamen
1492 1576 1687 1616 metuitm·

99 1643 224 1683 etiam
254 1656 364 1684 nunc
395 1643 513 1696 Milo,
554 1657 636 1684 non
671 1644 759 1684 iam
791 1644 864 1684 hoe
899 1643 1145 1684 Clodianum
1180 1645 1336 1684 crimen
1368 1645 1568 1698 timemus,
1617 1646 1688 1687 sed

97 1718 205 1766 tuas,
257 1713 331 1754 Cn.
372 1713 554 1767 Pompei,
606 1737 657 1741 —-
707 1715 958 1768 suspiciones
996 1715 1366 1768 perhorrescimus.
1439 1716 1588 1768 Neque
1637 1730 1685 1757 ea

100 1784 363 1826 continuatio
411 1784 642 1837 superioris
690 1786 913 1826 sententiae
962 1787 1004 1826 et
1049 1786 1253 1827 orationis
1300 1786 1369 1827 hic
1417 1789 1499 1835 est,
1556 1800 1685 1839 quam

97 1855 321 1908 particulae
367 1855 476 1910 quod
521 1856 558 1896 si
603 1855 814 1906 indicant,
863 1858 905 1897 et
951 1856 1169 1909 subinepti
1216 1856 1377 1909 aliquid
1423 1857 1557 1898 habet
1594 1858 1685 1898 haec

97 1925 263 1967 timoris
295 1926 419 1979 longe
453 1925 610 1967 diversi
641 1926 685 1966 in
716 1927 878 1979 protasi
912 1929 953 1968 et
985 1927 1165 1979 apodosi
1198 1928 1458 1969 coniunctio:
1504 1928 1551 1969 Si·
1583 1928 1687 1969 Milo

97 1996 308 2049 metuitur,
342 2019 398 2024 ——
430 1997 631 2047 timemus,
674 1997 717 2037 in
756 2011 841 2050 qua
881 1998 1033 2038 saltem
1074 1998 1294 2039 conversio
1328 1998 1384 2039 ad
1428 1999 1685 2041 contrariam

97 2070 267 2120 partem
299 2067 440 2109 notari
479 2067 629 2108 debuit
669 2067 759 2120 (nos
790 2082 895 2117 iero,
946 2070 1021 2108 aut
1059 2067 1282 2121 similiter).
1357 2069 1442 2110 Sed
1480 2070 1685 2110 mendum

100 2138 279 2179 subesse
311 2138 478 2179 codices
512 2138 745 2179 declarant.
808 2139 918 2179 Nam
952 2138 1060 2193 quod
1090 2140 1127 2179 se?
1165 2143 1315 2189 tcmzen,
1349 2140 1465 2191 quod
1496 2140 1686 2193 primum

99 2207 144 2249 in
176 2208 372 2261 exemplo
405 2208 689 2250 Lambiniano
721 2209 903 2261 repetito
942 2209 1128 2261 positum
1162 2209 1344 2259 videtur,
1383 2210 1426 2250 in
1465 2211 1582 2252 nullo
1616 2224 1685 2252 co—

101 2269 193 2320 dice
225 2281 444 2332 repertum
477 2281 553 2329 est,
589 2279 665 2320 sed
696 2279 739 2320 in
762 2279 1013 2329 Erfurtensi,
1048 2280 1216 2322 duobus
1240 2280 1391 2330 Oxon.,
1426 2281 1686 2333 quibusdam

100 2349 378 2391 editionibus:
427 2363 518 2390 cum
561 2354 699 2390 tamen
739 2351 788 2400 si,
836 2351 880 2390 in
921 2349 1093 2402 reliquis
1127 2349 1252 2403 (Oxx.
1285 2352 1325 2401 4,
1371 2351 1685 2393 Parisiensibus

100 2419 375 2471 Steinmetzii,
409 2418 508 2472 cet.)
541 2434 615 2460 cur
647 2425 785 2460 tamen
816 2421 864 2461 si.
914 2419 993 2473 (De
1026 2421 1176 2462 ceteris
1209 2421 1381 2474 optimis
1413 2425 1572 2475 praeter
1599 2423 1684 2463 Erf.

98 2490 204 2531 nihil
241 2493 437 2532 notatum
477 2489 573 2542 est.)
647 2490 717 2531 Ad
755 2490 977 2531 sententiae
1016 2504 1291 2544 progressum
1331 2492 1569 2534 attendenti
1609 2507 1685 2546 ap—

99 2561 281 2614 parebit,
330 2561 578 2603 Ciceronem
617 2561 860 2602 necessario
893 2561 1185 2603 narrationem
1225 2563 1284 2603 sic
1324 2563 1591 2614 concludere,
1640 2567 1686 2605 ut

101 2630 258 2684 iniquae
290 2632 542 2685 suspicionis
575 2631 922 2681 obstinationem,
956 2644 1010 2672 ne
1042 2632 1102 2672 sic
1134 2632 1307 2684 quidem
1331 2634 1683 2686 conquiescentis,

102 2701 320 2753 significet,
370 2702 524 2743 deinde
570 2702 669 2743 hinc
716 2703 995 2742 vehementer
1041 2703 1280 2744 orationem
1328 2704 1385 2744 ad
1430 2704 1684 2757 Pompeium

102 2782 198 2811 cum
232 2772 406 2824 querela
445 2775 694 2814 convertere
733 2770 847 2825 (Non
878 2773 965 2812 iam
998 2770 1110 2825 cet.).
1174 2773 1324 2826 Itaque
1363 2774 1467 2815 mihi
1507 2788 1529 2815 e
1570 2774 1686 2817 codi-

137 2919 168 2964 ¹)
193 2920 354 2965 [Correxi
378 2927 520 2968 postea:
548 2925 748 2968 suspicione
773 2921 973 2967 occupetis]

1707 2149 1757 2175 329
