1915 3235
965 115 1047 156 168

135 258 187 284 20⁷
207 247 523 289 controversias
558 245 834 286 dirimendas.
896 243 1154 285 Rectissime
1187 243 1314 296 igitur
1345 256 1368 285 e
1400 243 1608 286 Vaticano
1641 245 1802 287 editum

208 319 263 360 ab
299 317 391 359 aliis
425 320 510 358 est:
545 315 685 369 lydum
718 329 744 355 α
776 328 854 369 quo
887 316 967 355 cet.

327 388 375 429 In
406 387 543 428 tribus
576 387 703 427 huius
737 385 942 427 orationis
974 383 1076 425 locis
1100 385 1368 426 coniecturas
1396 385 1440 426 in
1463 386 1657 438 margine
1680 386 1804 439 posui

207 460 368 512 partim
400 471 487 499 non
519 470 722 510 magnam
755 455 915 509 partim
946 455 1109 496 nullam
1137 456 1363 496 sententiae
1387 455 1672 497 mutationem
1698 457 1804 498 affe-

207 531 364 578 rentes,
410 541 517 581 quas
550 530 699 568 tamen
732 527 887 568 vellem
919 526 962 566 in
993 527 1116 567 textu
1147 526 1408 578 posuissem:
1457 527 1566 568 adeo
1599 529 1698 568 sunt
1728 541 1805 569 ne-

210 600 407 642 cessariae
441 602 483 640 et
515 598 750 640 evidentes.
812 598 1007 638 Primum
1040 610 1075 637 c.
1109 596 1148 646 3,
1190 597 1216 637 5
1256 597 1488 638 edebatur:
1541 597 1633 648 Qua
1671 598 1718 638 in
1760 612 1803 639 re

208 685 287 712 11011
322 675 408 711 tam
440 668 670 710 iucundum
692 668 797 708 mihi
818 668 954 708 videri
975 667 1127 720 debuit,
1161 680 1243 708 11011
1264 667 1528 720 interfectum
1551 682 1577 708 a
1598 672 1647 721 te,
1681 682 1806 723 quam

208 743 420 794 miserum,
454 746 491 781 te
522 740 568 780 id
602 741 768 793 impune
797 739 941 792 facere
966 739 1165 792 potuisse.
1216 738 1302 779 Sed
1333 738 1500 779 nudum
1532 739 1806 792 participium

207 826 285 865 pro
318 814 411 853 tota
443 811 658 852 sententia
689 810 857 851 infinita
888 809 1005 850 nullo
1039 809 1250 861 exemplo,
1284 809 1402 850 nulla
1430 809 1596 850 ratione
1619 811 1805 862 ponitur.

207 884 312 925 Post
346 882 607 936 interfectum
641 881 798 922 excidit
829 895 904 921 me.
968 879 1132 920 Deinde
1173 892 1207 920 c.
1245 879 1311 930 14,
1352 879 1409 921 35
1449 880 1609 921 editur:
1661 881 1805 932 Quem-

208 968 331 1010 quam
368 953 474 994 illud
507 952 673 1008 quidem
702 952 802 1005 fuit,
842 956 887 992 ut
919 956 962 992 iu
994 950 1172 1002 dicebas,
1213 951 1401 992 omnibus
1442 951 1542 991 bono
1575 953 1655 992 cet.
1719 951 1804 993 Sed

207 1025 312 1066 nihil
344 1025 388 1065 in
421 1038 471 1066 eo
503 1023 660 1065 iudicio
692 1024 916 1076 proprium
948 1021 1125 1063 Antonii
1157 1021 1238 1063 fuit
1277 1024 1320 1063 et
1351 1022 1580 1075 singulare,
1628 1035 1708 1062 nec
1749 1022 1806 1063 ad

208 1108 343 1136 unum
377 1095 551 1148 aliquod
584 1095 674 1136 eius
708 1094 871 1135 dictum
904 1095 997 1135 haec
1029 1092 1192 1142 referri,
1233 1093 1423 1134 ostendit
1461 1094 1632 1145 tempus
1664 1092 1806 1141 verbi3

213 1180 276 1217 ea,
327 1180 423 1219 quae
465 1179 579 1207 nunc
624 1167 679 1207 ab
722 1166 911 1207 Antonio
955 1164 1166 1214 dicantur,
1215 1163 1270 1204 ab
1303 1163 1414 1204 illius
1447 1163 1653 1216 temporis
1686 1163 1809 1204 dictis

210 1237 456 1290 discrepare
474 1239 619 1278 orator
638 1237 760 1285 dicit:
794 1237 939 1289 itaque
956 1235 1113 1276 lineola
1131 1234 1379 1275 oblitterata
1397 1235 1475 1284 est,
1509 1247 1595 1286 qua
1612 1234 1811 1275 restituta

211 1309 396 1362 legetur:
444 1313 487 1349 ut
518 1313 604 1349 tum
638 1307 815 1348 dicebas.
879 1307 1104 1348 Postremo
1139 1319 1173 1347 c.
1207 1305 1276 1355 29,
1313 1305 1366 1346 73
1399 1305 1619 1346 scribitur:
1663 1304 1811 1359 Itaque

213 1380 388 1420 exclusis
428 1381 512 1420 tuis
544 1378 706 1419 vocibus
745 1383 780 1419 et
819 1378 875 1419 acl
914 1383 950 1418 te
990 1382 1025 1418 et
1066 1377 1123 1417 ad
1154 1376 1324 1430 prcedes
1364 1381 1454 1417 tuos
1494 1377 1643 1417 milites
1684 1377 1809 1430 misit,

210 1465 333 1505 [μαι-111
357 1455 520 1504 repente
554 1464 580 1490 α
607 1455 644 1490 te
668 1450 886 1503 praeclara
913 1449 985 1489 illa
1012 1448 1155 1489 tabula
1174 1448 1360 1501 prolata.
1409 1447 1505 1488 Non
1528 1449 1633 1500 puto
1659 1460 1810 1500 quem-

210 1535 341 1575 quam
375 1521 668 1562 defensurum.
702 1521 745 1561 in
770 1520 1017 1561 huiusmodi
1042 1518 1256 1560 sententia
1282 1523 1323 1559 et
1348 1519 1606 1560 narrationis
1632 1531 1810 1560 conver-

211 1593 329 1634 sione
361 1594 543 1633 verbum
574 1591 743 1632 finitum
775 1593 875 1644 post
895 1605 1019 1646 quum
1044 1590 1195 1640 omitti,
1230 1589 1310 1630 nisi
1332 1589 1420 1639 ubi,
1454 1589 1613 1631 omisso
1635 1603 1812 1643 prorsus

211 1663 380 1705 dicendi
413 1664 560 1713 Verbo,
594 1661 809 1704 sententia
840 1661 1095 1715 pronomine
1128 1662 1203 1701 aut
1235 1661 1408 1702 nomine
1443 1660 1707 1710 absolvatur,
1742 1673 1810 1701 se—

212 1737 371 1787 quente
403 1736 521 1775 recta
555 1734 762 1775 oratione.
810 1734 961 1786 Itaque
995 1737 1051 1773 est
1083 1731 1185 1773 addi
1213 1732 1355 1780 debet,
1390 1731 1505 1784 quod
1528 1733 1626 1784 post
1648 1735 1813 1784 repente

213 1805 382 1846 excidit.
455 1804 707 1858 Superiores
758 1804 943 1845 editores
993 1805 1093 1844 ante
1141 1802 1386 1843 Ernestium
1434 1802 1674 1843 orationem
1723 1801 1811 1842 fere

214 1877 545 1917 continuabant:
580 1899 635 1903 —
660 1876 835 1929 prolata
868 1876 939 1930 qui
971 1875 1085 1915 risus
1116 1873 1326 1914 hommum
1362 1872 1554 1926 (additur
1585 1874 1628 1913 in
1654 1872 1810 1914 codici-

212 1947 294 1988 bus
327 1946 596 1999 interpolatis
630 1946 680 1986 cle
712 1951 748 1986 te
781 1944 909 1998 eran!
959 1945 1012 1986 Et
1054 1944 1195 1985 minus
1239 1944 1510 1985 desideratur
1553 1944 1736 1985 verbum
1766 1944 1811 1984 in

215 2018 540 2067 exclamatione,
589 2016 833 2070 praesertim
872 2030 959 2058 non
999 2016 1226 2069 participio
1266 2016 1532 2056 adiunctum.
1596 2015 1682 2056 Sed
1720 2016 1811 2056 tota

215 2087 420 2129 orationis
453 2088 593 2129 forma
627 2090 669 2128 et
700 2101 783 2128 vox
816 2092 980 2141 repente
1012 2086 1304 2128 sententiam
1295 2100 1338 2127 in
1359 2086 1608 2128 narratione
1630 2085 1811 2173 prolatae

213 2159 377 2199 tabulae
410 2158 643 2199 consisteie
676 2158 840 2199 iubent.
