1915 3235
949 152 1036 193 412

197 280 392 332 imaginis
435 282 616 333 spectes,
666 280 782 333 quod
825 295 903 335 pro
948 282 1084 323 Balbo
1130 295 1164 323 c.
1199 282 1267 333 25,
1317 283 1371 324 56
1412 286 1709 325 accusatorem
1748 284 1792 325 id

196 351 332 403 egisse
366 350 478 400 dicit,
528 356 572 391 ut
611 352 745 405 aliqui
775 365 983 394 Sermones
1016 353 1073 393 ad
1113 367 1237 394 aures
1274 353 1462 394 iudicum
1486 359 1793 407 permanarent

196 426 238 461 et
286 422 335 461 tn
382 421 578 462 iudicio
624 423 733 476 ipso
781 423 1152 464 redundarent.
1226 424 1317 465 Iam
1357 437 1490 476 quum
1529 424 1647 465 illam
1680 424 1790 466 ima-

195 492 337 543 ginem
370 491 413 532 in
447 505 510 542 eo,
559 493 674 534 unde
707 493 887 546 digressi
921 507 1083 544 sumus,
1132 495 1225 536 loco
1257 495 1398 536 inesse
1430 496 1791 548 perspexerimus,

195 561 319 603 facile
353 567 496 604 cetera
529 564 825 616 expedientur.
889 565 1175 606 Scribendum
1210 567 1275 607 est
1315 567 1428 607 enim
1469 565 1792 619 distinguenda-

195 646 277 685 que
311 633 448 674 oratio
481 634 562 675 hoc
596 635 737 684 modo,
772 635 966 677 codicum
1001 637 1214 689 scriptura
1237 638 1433 689 recepta:
1468 636 1792 689 effervescentem

197 704 240 743 in
271 704 423 744 Asiam
469 709 589 759 atque
629 711 908 759 erumpentem
946 720 1028 760 ore,
1077 707 1290 761 repulsum
1330 711 1365 747 et
1404 707 1630 748 cervicibus
1667 709 1793 749 inter-

195 774 353 815 elusum
385 775 472 815 suis
503 777 765 817 sustinerent.
836 776 979 827 Quum
1013 778 1074 819 ita
1104 778 1268 819 Pontus
1301 777 1345 818 in
1376 777 1528 819 Asiam
1550 778 1793 820 redundas·
1831 817 1840 827 ,

195 847 273 895 set,
308 847 355 886 ut
388 846 443 886 ad
476 846 731 899 Byzantium
764 847 952 901 impetus
986 850 1321 897 converteretur,
1355 862 1428 890 ore
1456 849 1647 902 erupisse
1678 849 1792 898 dicit,

195 916 311 968 quod
360 918 453 957 erat
501 917 556 957 ad
602 917 718 958 illam
767 919 941 969 urbem,
991 920 1119 960 sitam
1157 921 1204 960 in
1242 920 1366 960 Ponte?
1403 933 1472 960 ore
1512 925 1547 960 et
1590 920 1795 974 anqustiis

195 986 332 1039 (Verr.
366 987 433 1035 IV,
469 986 537 1037 58,
576 987 689 1041 129).
754 988 857 1042 (Cfr.
892 989 1121 1031 Sallustius
1155 991 1272 1043 apud
1305 990 1424 1031 Serv,
1459 990 1515 1031 ad
1548 991 1712 1031 AEneid.
1742 990 1790 1039 Il,

195 1057 300 1098 312:
335 1057 386 1098 Se
419 1060 624 1112 ‹myustice
656 1060 818 1100 Pontici
850 1062 935 1101 oris
966 1062 1053 1102 illic
1085 1059 1300 1113 dilatant.)
1313 1058 1346 1113 l)

315 1129 359 1170 C.
393 1130 434 1178 4,
477 1130 501 1170 8
535 1130 676 1171 editur
713 1131 812 1171 inde
853 1145 878 1172 a
911 1132 1115 1174 Grutero:
1168 1132 1352 1183 Quormu
1401 1145 1470 1186 eqo
1517 1131 1625 1172 nihil
1670 1146 1793 1184 nunc,

189 1205 334 1253 patres
367 1202 601 1254 conscripti,
636 1202 679 1241 in
711 1201 916 1242 hominem
949 1204 1110 1257 ipsunt:
1143 1203 1193 1243 de
1217 1203 1441 1257 provincia
1473 1203 1650 1256 disputo,
1685 1203 1792 1244 duro

195 1276 418 1324 zeugmate
451 1270 634 1326 (disputo
668 1273 712 1313 in
750 1272 973 1325 hominem)
1007 1276 1049 1314 et
1080 1274 1217 1327 figura
1250 1287 1336 1315 non
1369 1273 1673 1322 Ciceroniana3
1708 1273 1793 1315 duo

195 1344 309 1383 enim
343 1343 559 1384 Ciceronis
600 1357 693 1385 mos
732 1344 868 1385 verba
909 1345 1125 1385 contraria
1163 1345 1367 1398 postulat.
1431 1345 1484 1385 Et
1531 1346 1597 1385 est
1644 1344 1703 1385 sic
1750 1345 1794 1385 in

195 1414 413 1455 codicibus
452 1414 499 1463 Ρ,
550 1414 591 1455 S.
625 1415 821 1464 Victoris,
871 1416 916 1465 Ε,
967 1416 1018 1457 de
1069 1429 1153 1468 quo
1201 1416 1310 1457 falsa
1359 1416 1552 1457 Graevius
1600 1415 1791 1465 tradidit,

194 1484 393 1537 aliisque:
431 1485 615 1536 Quorum
648 1499 717 1539 eqo
749 1486 857 1526 nihil
880 1487 984 1539 dico,
1018 1487 1066 1528 P.
1095 1487 1153 1539 C„
1187 1501 1297 1527 nunc
1320 1488 1366 1527 in
1389 1487 1595 1527 hominem
1630 1487 1793 1540 ipsun&

194 1555 243 1595 (Ze
268 1557 492 1609 provincia
525 1556 709 1610 dispectm
749 1570 882 1609 quum
916 1558 961 1598 in
994 1558 1235 1608 excidisset,
1276 1558 1319 1598 in
1358 1558 1664 1599 recentissimis
1698 1558 1792 1611 qui-

195 1627 379 1667 busdam
413 1627 687 1680 interpolatio
728 1629 911 1669 accessit
958 1642 1008 1669 ac
1055 1642 1109 1669 ne
1157 1630 1216 1670 ibi
1264 1629 1439 1682 quidem
1488 1629 1578 1669 dieo
1619 1629 1793 1682 expulit.

194 1697 284 1738 Pal.
319 1711 471 1747 nonus,
521 1698 602 1739 nisi
643 1699 801 1739 erravit
841 1699 1062 1749 Gruterus,
1114 1713 1138 1740 a
1163 1713 1265 1743 ¹sua
1313 1700 1476 1741 familia
1524 1713 1669 1741 errore
1718 1700 1792 1740 de-

196 1766 396 1821 sciscit.‘²)

313 1840 358 1880 C.
393 1840 432 1887 4,
474 1840 520 1887 9,
561 1841 635 1881 ubi
677 1841 812 1881 edunt
850 1841 957 1882 nihil
991 1841 1111 1881 aliud
1144 1847 1280 1882 actum
1314 1846 1382 1891 est,
1417 1841 1520 1894 quid
1553 1841 1795 1882 efficeretur

196 1924 246 1950 ex
280 1912 360 1951 hac
394 1910 589 1951 codicum
622 1912 856 1964 scriptura:
890 1912 998 1952 nihil
1031 1912 1151 1952 alind
1185 1926 1311 1967 neque
1344 1917 1481 1953 actum
1514 1917 1582 1961 est,
1626 1912 1711 1953 dixi
1750 1912 1793 1952 in

195 1982 352 2034 disput.
388 1982 440 2022 de
475 1982 691 2023 emendat.
725 1985 832 2024 orat.
868 1983 982 2032 Cael.,
1018 1983 1176 2036 Opusc.
1210 1984 1402 2036 priorum
1427 1997 1468 2036 p.
1495 1983 1594 2024 396.
1649 1982 1795 2024 Orellii

195 2052 374 2093 mirifica
407 2055 472 2093 est
505 2054 765 2104 coniectura,
816 2068 928 2109 (essm
971 2055 1099 2095 scribi
1138 2067 1266 2107 posse
1306 2054 1498 2107 putantis
1542 2068 1620 2107 pro
1652 2068 1792 2108 neque.

196 2124 313 2164 ltane
346 2126 475 2165 vero?
516 2125 775 2166 Latinumne
809 2127 893 2166 est:
935 2125 1043 2165 nihil
1076 2139 1188 2180 (eque
1221 2130 1358 2166 actum
1391 2130 1448 2166 est
1479 2125 1613 2166 nisi?
1653 2125 1793 2165 Minus

234 2322 261 2367 1)
289 2322 417 2366 [Paulo
444 2328 525 2368 post
551 2323 572 2366 ξ
600 2324 618 2357 7
644 2325 681 2358 in
707 2325 763 2358 his
790 2325 925 2359 verbis:
965 2327 1089 2359 civitas
1122 2326 1235 2359 libera
1261 2330 1291 2358 et
1310 2326 1493 2368 proximis
1519 2327 1595 2358 suis
1621 2325 1794 2367 beneficiis

292 2396 313 2416 α
346 2389 473 2417 senatu
506 2389 536 2417 et
570 2396 592 2417 a
618 2385 753 2427 populo
779 2385 942 2418 Romano
979 2386 1132 2418 liberata
1170 2395 1289 2428 neque
1327 2383 1503 2417 libertatis
1541 2394 1606 2427 pro
1644 2383 1793 2427 praemio

292 2442 385 2475 datae
411 2443 509 2476 notio
536 2443 695 2477 ablativo
721 2443 947 2486 exprimitur,
981 2443 1042 2486 qui
1074 2443 1223 2477 omnino
1255 2454 1385 2486 parum
1418 2445 1514 2476 recte
1540 2443 1577 2476 in
1610 2443 1678 2476 hac
1711 2453 1791 2476 con-

298 2501 480 2535 iunctione
505 2501 667 2545 ponitur:
695 2504 772 2535 suis
798 2503 971 2545 beneficiis
992 2503 1035 2536 ab
1056 2503 1167 2536 altero
1185 2503 1368 2542 liberatus,
1395 2512 1514 2545 neque
1532 2501 1674 2545 pondus
1692 2501 1792 2542 illud,

291 2560 388 2603 quod
414 2560 586 2594 orationis
612 2561 728 2604 figura
753 2560 941 2604 significat,
968 2562 1105 2595 accedit
1131 2572 1173 2595 ex
1207 2572 1259 2601 eo,
1299 2561 1396 2604 quod
1422 2563 1597 2603 proxima
1630 2564 1793 2604 tempore

290 2619 466 2652 beneficia
492 2619 635 2653 fuerint.
677 2620 826 2664 Scripsit
853 2620 992 2654 Cicero:
1020 2621 1132 2654 libera
1158 2625 1189 2654 et
1211 2632 1280 2663 pro
1307 2622 1448 2653 eoeimiis
1468 2617 1696 2662 (prom-imis)
1716 2620 1793 2652 suis

291 2679 464 2720 beneficiis
491 2690 513 2711 α
538 2684 665 2712 senatu
692 2697 734 2701 -—
761 2680 924 2713 liberata.
975 2679 1015 2712 In
1042 2679 1132 2713 Livii
1159 2679 1250 2712 libro
1277 2679 1308 2712 II
1335 2690 1363 2713 c.
1390 2678 1446 2715 47.
1481 2678 1525 2711 10
1557 2678 1669 2712 codex
1695 2688 1791 2722 egre-

291 2737 369 2780 gius
396 2736 612 2770 Harleianus
643 2737 783 2780 primus
801 2740 976 2781 prooetma
1008 2739 1128 2779 habet,
1167 2737 1228 2771 ubi
1262 2737 1495 2771 scribendum
1529 2740 1606 2771 erat
1630 2748 1702 2780 pro
1733 2748 1792 2770 ex-

294 2798 390 2829 imia.
442 2794 560 2838 1842]

235 2853 264 2897 ²)
290 2855 341 2888 De
367 2855 622 2895 Bernensibus,
656 2855 717 2898 qui
745 2855 831 2899 quin
859 2867 941 2890 cum
968 2855 1095 2890 ceteris
1127 2855 1355 2889 consentiant
1388 2866 1460 2889 non
1488 2854 1624 2896 dubito,
1658 2854 1790 2889 iterum

292 2914 380 2948 nihil
408 2918 462 2948 est
487 2917 714 2948 annotatum.

1909 3127 1915 3235 2
