1915 3235
818 143 899 183 207

66 288 115 315 eo
161 274 296 314 ullum
343 276 587 325 temporum
632 272 860 313 discrimen
899 271 1094 320 facimus,
1143 284 1283 323 neque
1330 271 1373 312 in
1421 272 1655 324 quaerendo

66 345 156 386 eius
188 345 249 385 rei
280 343 491 384 rationem
522 343 768 392 habuimus,
810 342 926 395 quod
958 345 999 383 et
1033 345 1288 395 argumenta
1321 355 1372 383 ex
1405 342 1466 382 rei
1498 345 1655 383 natura

64 415 199 468 petita
231 416 274 455 et
305 414 582 455 auctoritates
622 426 699 465 per
737 426 886 454 omnes
927 415 1077 453 aetates
1117 413 1364 465 conspirant
1402 425 1481 453 nec
1519 413 1653 453 ullum

65 488 131 526 est
161 483 409 526 mutationis
441 483 665 531 indieium;
699 483 853 524 deinde
886 483 1068 523 civitatis
1094 484 1185 524 sine
1210 483 1413 535 suffragio
1437 496 1656 535 perpauca

68 554 255 608 vestigia,
289 556 336 595 ut
368 554 552 595 fortasse
577 553 737 606 Capuae
771 556 812 594 et
843 554 885 594 in
921 553 1094 594 coloniis
1119 553 1199 594 illis
1224 553 1474 606 Campaniae
1506 553 1654 594 ulteri-

65 625 161 675 oris,
196 625 252 666 ad
282 625 420 677 legem
453 624 604 665 Iuliam
637 624 900 676 superfuisse
934 624 1127 669 dicimus,
1169 626 1359 665 ceterum
1393 624 1655 677 singularem

65 696 154 737 eius
187 695 318 736 fuisse
350 695 559 747 originem
593 697 635 735 et
667 708 856 741 causam,
891 696 938 735 ut
968 707 1109 746 neque
1143 695 1246 735 data
1270 708 1462 746 unquam
1485 695 1655 747 populis

64 766 260 807 beneficii
304 778 435 806 causa
477 765 531 805 sit
571 778 711 818 neque
753 765 928 818 singulis
971 765 1217 806 hominibus
1260 765 1351 806 dari
1393 765 1480 806 ullo
1523 765 1652 806 modo

64 836 263 889 potuerit.
277 833 310 889 1)

182 907 324 959 Atque
366 906 459 947 liaec
501 907 661 959 optime
706 907 965 947 conveniunt
1005 909 1172 947 naturae
1215 907 1426 947 universae
1465 906 1526 947 rei
1566 907 1655 947 Ro-

64 991 217 1027 manae.
267 978 441 1030 qualem
482 978 536 1017 ab
579 977 698 1018 initio
741 977 872 1018 fuisse
915 977 1113 1025 diximus,
1162 990 1250 1017 non
1296 977 1420 1029 plura
1458 977 1656 1018 membra

64 1048 223 1090 laxiore
256 1049 443 1101 quodam
480 1048 641 1088 foedere
675 1048 1044 1100 complectentem.
1094 1047 1171 1088 sed
1210 1060 1358 1088 omnes
1391 1050 1536 1100 partes
1570 1061 1656 1089 uno

64 1119 232 1160 vinculo
272 1119 462 1160 eiusdem
505 1118 686 1159 civitatis
726 1118 1029 1159 continentem.
1092 1118 1179 1159 Iam
1231 1117 1432 1170 deinceps
1481 1118 1656 1158 alterius

64 1190 240 1231 rationis
272 1203 349 1242 per
382 1189 614 1230 foederatas
649 1189 842 1230 civitates
875 1189 1043 1241 imperii
1076 1189 1343 1241 propagandi
1369 1191 1581 1242 susceptae
1615 1191 1658 1230 et

45 1261 106 1300 ·in
139 1260 313 1301 coloniis
346 1260 446 1301 novi
478 1261 645 1313 generis
678 1261 921 1301 constitutae
965 1260 1081 1312 origo
1122 1259 1455 1312 contemplanda
1495 1261 1575 1300 erit
1615 1262 1657 1301 et

64 1331 242 1372 historia
290 1331 552 1372 coloniarum
602 1331 657 1371 ab
705 1331 784 1371 illis
832 1330 1153 1377 vetustissimis,
1203 1343 1227 1370 a
1275 1330 1430 1382 quibus
1478 1330 1656 1383 digressi

65 1415 195 1454 supra
228 1415 388 1447 sumus,
422 1401 601 1442 ulterius
633 1401 945 1454 persequenda.
1007 1401 1115 1441 lllud
1147 1400 1394 1441 addendum
1430 1403 1506 1449 est,
1542 1402 1655 1453 quod

64 1473 120 1513 ad
151 1473 229 1513 has
261 1475 454 1513 vetustas
495 1473 682 1513 colonias
725 1472 912 1513 maxime
953 1473 1151 1524 pertinet,
1201 1472 1303 1512 dato
1342 1472 1552 1523 paulatim
1592 1472 1654 1517 iis,

65 1544 136 1595 qui
184 1543 275 1584 sine
318 1543 520 1596 suffragio
560 1543 743 1591 fuerant.
792 1543 1008 1595 suffragio,
1058 1542 1423 1595 quemadmodum
1475 1543 1516 1583 in
1565 1542 1657 1583 aliis

65 1613 256 1654 eiusdem
292 1614 552 1655 condicionis
585 1614 753 1666 populis
786 1617 938 1667 postea
978 1614 1141 1654 factum
1175 1616 1252 1659 est,
1301 1613 1521 1654 sublatum
1563 1626 1657 1654 esse

67 1685 299 1726 incolarum
344 1685 572 1725 discrimen
616 1685 888 1737 praesidiique
939 1684 1125 1737 impositi
1175 1684 1407 1724 notionem.
1479 1684 1655 1726 Deinde.

65 1756 267 1807 quoniam
303 1769 354 1796 ex
386 1756 467 1796 hac
490 1756 664 1796 notione
688 1756 875 1808 praesidii
900 1755 1099 1808 perpetui
1124 1755 1278 1795 civium
1304 1768 1477 1796 omnem
1501 1755 1653 1796 harum

66 1826 325 1867 coloniarum
354 1829 554 1867 naturam
581 1827 871 1879 repetivimus,
903 1827 988 1867 iam
1013 1827 1092 1867 hoc
1117 1826 1210 1867 loco
1234 1826 1448 1878 ponimus,
1482 1829 1658 1879 propter

64 1897 176 1937 hanc
208 1898 344 1949 ipsam
383 1910 558 1938 causam
594 1897 756 1938 civibus
791 1910 839 1937 eo
873 1897 1067 1937 deductis
1102 1896 1338 1949 antiquitus
1364 1897 1471 1938 alius
1497 1897 1658 1938 militiae

66 1968 334 2008 vacationem
368 1968 521 2016 fuisse;
556 1968 608 2008 de
641 1981 726 2020 qua
758 1981 803 2008 re
835 1967 947 2008 infra
981 1968 1187 2008 dicemus.

184 2037 467 2079 Communem
517 2039 733 2081 Italorum.
789 2052 875 2079 non
928 2039 1150 2090 proprium
1198 2039 1495 2080 Romanorum
1544 2040 1657 2080 hunc

66 2107 196 2148 fuisse
230 2108 315 2148 dixi
348 2110 525 2150 victoria
568 2110 716 2150 utendi
758 2122 937 2157 morem,
986 2111 1033 2149 ut
1076 2108 1195 2148 victis
1237 2121 1337 2160 pars
1382 2109 1526 2161 aliqua
1568 2110 1658 2162 agri

66 2178 341 2227 adimeretur.
387 2180 457 2232 qui
490 2193 592 2232 ager
624 2183 698 2220 aut
731 2180 926 2232 publicus
959 2180 1130 2219 victoris
1173 2179 1319 2231 populi
1353 2182 1548 2220 maneret
1581 2184 1653 2220 aut

160 2320 357 2354 tradixerat
383 2318 433 2362 (in
459 2320 536 2364 ipso
562 2321 654 2354 libro
681 2321 724 2353 de
751 2320 823 2353 Civ.
851 2320 955 2353 Rom.
983 2331 1016 2363 p.
1043 2318 1113 2360 301,
1141 2323 1180 2353 ut
1206 2331 1270 2363 pro
1297 2319 1439 2354 indictis
1466 2320 1526 2353 illa
1546 2320 1657 2354 fuisse

160 2389 231 2412 non
257 2378 303 2412 sit
328 2378 472 2412 mirum.

102 2434 132 2478 ¹)
157 2437 213 2470 Ad
239 2437 475 2481 quaestionem
503 2438 546 2472 de
572 2438 742 2481 suffragio
762 2438 895 2472 civium
917 2438 1021 2471 Rom.
1049 2436 1085 2470 in
1112 2437 1260 2471 coloniis
1286 2437 1407 2472 liherae
1434 2438 1484 2471 rei
1505 2438 1658 2482 puhlicae

160 2506 232 2529 non
258 2496 424 2540 pertinet,
452 2497 548 2540 quod
573 2497 758 2540 Augustus
785 2497 899 2529 multo
925 2499 1006 2540 post
1026 2496 1142 2540 legem
1163 2495 1304 2537 Iuliam,
1332 2507 1445 2540 quum
1472 2497 1548 2541 ipse
1573 2497 1657 2536 iam,

161 2558 200 2588 ut
239 2554 409 2598 suffragia
448 2555 581 2589 nullius
618 2566 765 2599 prorsus
798 2554 974 2589 momenti
1013 2558 1143 2595 essent,
1183 2554 1370 2596 effecisset,
1409 2555 1658 2599 libertatisque

160 2624 287 2647 sensus
313 2613 511 2647 exstinctus
540 2617 644 2655 esset,
677 2624 720 2647 ex
747 2614 896 2647 coloniis
922 2613 1149 2654 militaribus,
1189 2625 1278 2658 quas
1304 2614 1514 2655 deduxerat,
1554 2615 1658 2648 decu-

160 2672 304 2706 rionum
330 2675 473 2706 tantum
499 2673 543 2706 de
568 2672 839 2716 magistratibus
865 2672 998 2706 urbicis
1024 2672 1195 2716 suffragia
1214 2673 1372 2706 Romam
1393 2673 1523 2707 deferri
1544 2673 1659 2706 voluit

161 2728 321 2770 (Sueton.
349 2731 438 2775 Aug.
465 2731 521 2772 46,
561 2732 662 2765 cuius
695 2731 763 2765 loci
795 2731 1011 2775 scripturam
1045 2731 1310 2766 sollicitandam
1342 2743 1415 2766 non
1448 2743 1525 2766 esse
1551 2732 1660 2776 plane

161 2789 338 2823 assentior
363 2790 541 2834 Savignio,
569 2790 695 2825 Gesch.
723 2790 755 2823 d.
776 2790 881 2824 Rom.
902 2789 1036 2823 Rechts
1062 2790 1112 2824 im
1134 2790 1310 2838 Mittelalt.
1331 2791 1346 2824 I
1372 2802 1404 2834 p.
1426 2789 1496 2832 22).
1535 2790 1659 2834 Neque

161 2848 278 2882 coloni
304 2859 422 2892 neque
449 2850 660 2883 decuriones
686 2849 747 2883 illa
773 2852 877 2882 aetate
903 2848 1060 2882 Romam
1087 2849 1316 2883 comitiorum
1348 2861 1457 2883 causa
1489 2849 1659 2883 ventitas-

161 2911 252 2948 sent,
286 2919 440 2951 quorum
466 2908 590 2952 paucis
617 2907 721 2942 annis
746 2911 827 2951 post
852 2908 984 2941 umbra
1009 2908 1151 2942 sublata
1179 2911 1242 2942 est.
1294 2908 1363 2942 Sed
1389 2912 1577 2952 supererat
1603 2907 1658 2941 ius

162 2966 352 3000 honorum.

1675 776 1727 801 255

1675 2202 1728 2227 256
