1915 3235
859 130 943 170 173

106 259 323 300 laudando
356 259 725 311 vituperandoque
759 259 926 299 auxerit
957 258 1224 308 minueritve,
1259 259 1388 300 etiam
1415 272 1511 300 cum
1538 272 1692 308 errore,

106 332 153 370 ut
184 330 227 369 in
253 330 297 369 L.
324 329 468 370 Cincio
481 326 526 381 ²),
561 329 775 370 interdum
810 342 980 382 quoque
1011 329 1187 371 nomina
1218 331 1401 377 vetusta,
1435 342 1489 370 ne
1522 330 1694 382 abipso

106 399 279 452 quidem
313 399 417 440 satis
451 400 675 452 explicata
710 399 766 440 ad
799 412 863 448 ea,
898 412 993 451 quae
1023 399 1240 441 invenisse
1272 413 1317 440 se
1351 399 1569 449 ciedebat⁷
1610 400 1693 452 sig-

105 471 251 511 nanda
283 471 539 519 adhibueiffit
581 470 707 522 quale
747 472 811 510 est
850 470 1114 520 aerarioium,
1155 471 1270 523 quod
1309 471 1431 511 multi
1463 483 1577 511 nunc
1609 470 1694 510 fre·
1715 482 1765 506 213

106 543 315 593 quentant
334 544 376 581 et
391 554 550 582 novum
576 554 710 593 genus
734 540 960 581 hominum
984 541 1244 594 ‹onfmgunt
1277 544 1397 594 posti
1400 554 1496 582 emo
1521 543 1715 593 propter

106 612 407 653 confidentiam
449 612 667 663 quandam
708 624 757 652 eo
798 612 1114 652 asseverantius
1155 611 1244 652 fere
1283 612 1397 664 loqui
1437 611 1587 652 solitus
1628 612 1694 661 sit,

107 696 191 735 quo
223 683 363 723 minus
388 682 521 723 firmis
547 682 756 722 niteretur
782 683 1061 734 argumentis.
1108 682 1252 735 Atque
1276 683 1381 731 haec,
1416 696 1513 735 quae
1538 681 1696 734 partim

105 754 192 794 iam
225 753 295 794 alii
326 753 709 805 reprehenderunt,
758 752 915 804 partim
955 752 1113 793 multos
1147 754 1331 794 sensisse
1364 753 1504 802 credo,
1552 752 1696 793 nescio

106 837 162 865 an
193 824 310 876 apud
341 824 568 864 nonnullos
609 823 738 864 etiam
779 836 902 864 veros
942 823 1113 864 illarum
1153 823 1492 876 disputationum
1533 823 1696 864 fructus

105 894 147 934 in
180 894 466 947 suspicionem
506 893 778 944 adduxerint,
828 907 960 946 quum
1008 894 1249 946 praesertim
1297 894 1519 934 accederet
1563 907 1695 946 quum

105 965 277 1018 propria
311 965 510 1017 quaedam
544 964 766 1005 Niebuhrii
798 964 1013 1005 scribendi
1046 964 1169 1014 ratio,
1218 977 1304 1005 non
1347 978 1450 1005 sane
1483 964 1696 1017 gradatim

106 1049 131 1076 a
163 1035 327 1088 vulgari
360 1035 477 1076 fama
517 1035 697 1076 lectores
737 1035 854 1076 omni
893 1035 1075 1076 materia
1117 1035 1461 1076 testimoniorum
1503 1034 1695 1087 exposita

106 1107 162 1147 ad
202 1119 360 1147 novam
403 1106 661 1147 sententiam
704 1106 982 1156 traducentis,
1031 1110 1124 1147 tum
1167 1106 1283 1155 illud,
1332 1106 1445 1158 quod
1489 1105 1600 1146 intra
1647 1118 1698 1146 ea

105 1179 304 1230 tempora
344 1177 546 1226 substitit,
596 1177 638 1216 in
683 1176 839 1229 quibus
881 1177 1006 1229 plura
1048 1177 1091 1217 in
1134 1176 1447 1217 dubitationem
1488 1176 1695 1225 vocanda,

105 1261 245 1300 pauca
284 1248 532 1301 simpliciter
570 1247 789 1288 narranda
829 1249 904 1288 aut
925 1247 1238 1288 ·confirmanda
1285 1250 1421 1288 erant.
1484 1247 1698 1288 Restabat

106 1318 233 1371 igitur
264 1319 307 1359 in
340 1318 607 1371 antiquitatis
640 1318 852 1359 Romanae
886 1317 1124 1370 disciplina,
1158 1320 1205 1359 ut
1237 1331 1371 1370 quum
1405 1317 1458 1358 de
1490 1317 1570 1358 illis
1594 1317 1697 1370 ipsis

106 1389 310 1430 institutis
357 1392 487 1442 atque
540 1389 829 1442 temporibus,
885 1402 981 1441 quae
1036 1389 1297 1429 Niebuhrius
1352 1389 1697 1441 pervestigasset,

109 1462 385 1512 quaereretur,
429 1459 503 1500 ubi
546 1472 654 1511 opus
694 1459 925 1510 videretur,
974 1460 1104 1513 paulo
1138 1460 1317 1509 cautius,
1368 1459 1483 1511 quod
1515 1458 1699 1499 Wachs-

108 1530 300 1571 muthius
339 1533 437 1583 post
476 1531 660 1583 primam
701 1531 923 1571 Niebuhrii
971 1530 1160 1572 historiae
1208 1530 1419 1571 Romanae
1469 1530 1701 1570 editionem

108 1601 251 1642 facere
285 1603 462 1642 conatus
497 1603 574 1650 est,
608 1603 700 1641 tum
735 1601 970 1654 disputatio
1002 1602 1058 1642 ad
1082 1590 1294 1642 inferioris
1320 1601 1460 1641 aetatis
1486 1603 1528 1641 et
1551 1613 1700 1641 eorum

107 1675 366 1725 temporum,
401 1685 583 1724 quorum
617 1674 681 1712 est
704 1672 901 1713 testatior
923 1672 1146 1721 memoria,
1181 1673 1376 1712 instituta
1401 1671 1699 1722 deduceretur,

107 1742 150 1783 in
182 1742 338 1794 quibus
370 1743 539 1783 illarum
574 1743 702 1783 etiam
737 1743 790 1783 de
822 1743 1123 1795 antiquissima
1156 1745 1284 1783 aetate
1307 1742 1556 1795 opinionum
1589 1743 1701 1783 Veri-

106 1814 209 1854 tatis
242 1814 583 1866 experimentum
617 1813 834 1854 interdum
869 1814 963 1866 capi
996 1826 1122 1866 posse
1153 1813 1336 1862 videtur,
1379 1816 1421 1854 et
1461 1813 1517 1854 ad
1556 1813 1700 1865 plures

107 1886 254 1936 partes
286 1884 606 1925 transferretur.
669 1885 757 1925 Nec
790 1885 1019 1925 defuerunt
1059 1885 1199 1937 plane,
1249 1884 1320 1936 qui
1360 1884 1401 1924 id
1441 1884 1600 1924 vellent
1632 1883 1702 1924 alii

109 1954 194 1995 alia
227 1968 279 1995 ex
310 1957 433 2008 parte
474 1955 664 2004 efficere;
713 1969 738 1996 a
781 1955 937 2007 quibus
980 1955 1180 1996 omnibus
1224 1954 1348 1995 valde
1392 1954 1571 1995 feliciter
1613 1954 1700 1995 ela-

109 2025 312 2066 boratum
350 2039 437 2067 non
477 2026 671 2066 dixerim.
735 2026 818 2066 Alii
867 2026 980 2066 enini
1029 2026 1165 2066 solam
1213 2025 1458 2066 libertatem
1497 2026 1702 2078 opinandi

111 2109 162 2137 ex
193 2096 415 2138 Niebuhrii
449 2096 759 2149 quaestionibus
792 2097 980 2149 amplexi
1012 2097 1224 2145 videntur,
1259 2098 1446 2145 auctam,
1479 2099 1525 2137 ut
1558 2097 1617 2146 fit,
1661 2099 1702 2137 et

110 2166 153 2207 in
186 2180 257 2209 eos
291 2167 474 2208 subinde
507 2181 683 2219 campos
718 2169 1030 2215 excurrentem,
1072 2166 1144 2206 ubi
1184 2166 1310 2207 nullis
1344 2168 1580 2220 antiquitus
1613 2170 1701 2208 tra-

111 2237 212 2278 ditae
259 2239 479 2280 memoriae
528 2239 675 2279 vinclis
723 2234 1070 2290 i1npediretur2);
1120 2237 1189 2278 alii
1236 2250 1348 2278 nova
1395 2251 1421 2278 a
1468 2238 1702 2279 Niebuhrio

149 2423 176 2467 ¹)
203 2426 324 2469 Quum
345 2426 475 2470 saepius
495 2427 591 2460 bona
611 2429 646 2461 et
660 2425 763 2460 utilia
777 2436 820 2458 ex
835 2424 1054 2468 ignobilibus
1069 2427 1104 2458 et
1118 2424 1279 2458 obscuris
1294 2424 1435 2468 angulis
1457 2424 1702 2468 protraxisset,

205 2489 430 2529 postremum
464 2497 506 2520 eo
537 2484 713 2530 pervenit,
752 2487 792 2517 ut
829 2483 957 2527 cupide
995 2483 1063 2517 hoc
1101 2494 1214 2527 genus
1252 2484 1467 2527 scriptorum
1495 2483 1705 2517 defenderet

206 2547 242 2578 et
275 2556 319 2578 ex
352 2555 478 2578 eorum
512 2544 622 2578 etiam
654 2542 849 2587 negligenti
882 2542 1053 2586 loquendi
1087 2553 1156 2576 usu
1189 2543 1372 2576 interdum
1407 2542 1542 2586 aliquid
1577 2542 1704 2576 elicere

206 2605 373 2637 tentaret.

149 2659 180 2703 ²¹)
204 2661 300 2695 Talis
326 2661 415 2695 mihi
442 2661 477 2695 in
504 2661 685 2705 plerisque
712 2661 856 2695 videtur
881 2660 1014 2694 Blumii
1040 2660 1141 2701 liber,
1175 2660 1235 2704 qui
1268 2658 1476 2693 inscribitur
1502 2660 1707 2703 Einleitung

206 2720 243 2754 in
276 2720 332 2754 die
358 2720 552 2754 Romische
579 2719 802 2754 Geschichte.
854 2718 938 2762 (Cfr.
973 2720 1130 2763 Zumptii
1163 2731 1257 2754 cens.
1290 2719 1412 2753 Jahrb.
1448 2719 1470 2752 f.
1498 2718 1704 2752 wissensch.

208 2779 291 2813 Crit.
326 2778 426 2812 1829.
462 2779 500 2812 Ν.
529 2778 572 2811 12
599 2783 633 2813 et
661 2778 730 2821 13.)
783 2779 852 2812 Sed
878 2779 982 2821 longe
1015 2778 1229 2812 futilissimis
1256 2777 1470 2811 commentis
1509 2781 1544 2811 et
1582 2777 1706 2811 multis

206 2838 418 2882 ignorantiae
445 2849 566 2872 rerum
593 2838 826 2881 antiquarum
854 2837 1026 2881 exemplis
1059 2837 1212 2871 refertus
1245 2840 1299 2870 est
1330 2837 1421 2870 liber
1454 2836 1706 2870 Eisendecheri

209 2895 341 2939 (Ueber
368 2897 425 2931 die
443 2897 679 2940 Entstehung,
707 2896 980 2940 Entwickelung
1006 2897 1080 2930 und
1106 2896 1334 2939 Ausbildung
1361 2896 1422 2929 des
1449 2896 1706 2939 Biirgerrechts

208 2954 257 2989 im
284 2956 381 2990 alten
408 2956 512 2990 Rom.
562 2956 750 2999 Hamburg
776 2954 892 2997 1829).
943 2955 1106 2999 Exempli
1132 2955 1210 2989 loco
1244 2954 1409 2988 sufficere
1442 2957 1570 2998 potest,
1610 2955 1707 2998 quod
