1915 3235
160 725 211 750 322

158 2429 209 2454 323

989 86 1074 128 658

234 213 424 255 Klotzius
457 215 713 268 scripturam
747 216 973 257 meliorum
1014 217 1229 258 codicum:
1278 215 1376 256 Nou
1413 216 1491 257 illa
1520 215 1733 270 praesidia
1772 239 1829 246 —

234 298 315 326 nou
354 284 538 338 afferunt
576 291 715 327 tamen
752 288 913 328 oratori
951 287 1115 343 aliquid
1156 288 1216 328 sic
1264 286 1470 336 defendit,
1518 291 1565 328 ut
1613 286 1830 340 duplicem

231 356 504 409 negationem
537 370 615 409 pro
648 370 735 398 una
768 370 861 399 esse
895 358 1007 408 velit,
1041 358 1252 400 rhetorice
1282 357 1527 411 repetitam,
1561 371 1658 411 quae
1684 358 1830 399 cuius-

232 427 348 468 modi
381 426 435 468 sit
465 427 616 480 figura,
649 431 697 470 ut
728 429 899 482 negatio
931 429 1051 471 initio
1083 431 1184 470 ante
1216 429 1461 470 subiectum
1492 428 1634 481 posita
1673 428 1829 470 deinde

231 498 274 539 in
306 500 519 540 sententia
552 499 704 540 leniter
737 500 991 541 decurrente
1030 503 1130 541 ante
1168 500 1353 541 verbum
1391 500 1604 541 rhetorice
1636 500 1830 553 gemine-

230 571 313 619 tur,
361 582 538 622 prorsus
570 571 728 612 nescio.
791 571 838 612 Id
871 571 970 621 scio,
1020 571 1055 612 si
1093 585 1171 624 pro
1210 583 1298 611 una
1330 571 1559 623 negatione
1590 570 1685 612 haec
1717 570 1829 612 acci-

231 640 418 692 piantur,
452 640 691 682 barbarum
724 655 818 684 esse
842 642 1024 697 alique‘d3
1058 642 1212 683 deinde
1234 642 1294 682 ita
1318 641 1566 683 adiunctam
1591 654 1686 683 esse
1709 641 1828 683 illam

232 712 512 753 sententiam:
549 717 591 753 ut
621 727 672 753 ue
703 726 785 753 uon
817 714 960 754 timere
991 713 1156 768 quidem
1190 714 1284 762 cet.‚
1318 714 1366 752 ut
1396 712 1641 754 necessario
1665 725 1830 766 praece-

233 782 308 823 dat
339 782 593 835 significatio
634 784 800 825 timoris
841 784 959 825 allati
992 783 1095 837 (non
1128 784 1259 825 animi
1293 781 1539 835 sublevati).
1601 783 1830 825 Postremo

232 866 407 905 prorsus
439 854 566 895 huius
598 855 763 907 periodi
797 868 894 896 cum
926 855 1147 908 superiore
1180 868 1316 896 nexus
1350 857 1392 896 et
1424 855 1632 896 transitus
1657 854 1826 895 deside-

231 926 352 965 ratur
385 926 427 965 et
458 931 554 977 post
586 925 678 966 illa:
728 940 809 966 nou
847 939 999 966 corona
1034 949 1084 952 ——
1120 939 1202 966 uon
1233 927 1391 967 usitata
1422 926 1482 967 sic
1514 926 1596 967 hoc
1630 925 1828 967 continu-

232 998 349 1036 atur:
399 995 495 1037 Νοη
533 997 610 1037 illa
638 996 863 1050 praesidia,
914 997 1036 1050 quasi
1073 997 1248 1038 tertium
1289 997 1451 1050 aliquid
1491 996 1639 1038 Cicero
1681 996 1827 1046 addat,

232 1066 347 1118 quod
380 1066 607 1108 desideret.
671 1068 756 1109 Sed
789 1082 841 1109 ex
872 1068 944 1109 illa
976 1068 1070 1121 ipsa
1110 1067 1153 1108 in
1191 1068 1413 1120 superiore
1446 1068 1661 1109 sententia
1692 1067 1830 1120 parti-

231 1137 337 1178 culae
371 1151 451 1178 uon
484 1139 773 1191 geminatione
804 1139 886 1180 hoc
924 1139 1097 1180 tertium
1142 1152 1222 1179 nou
1262 1141 1405 1180 ortum
1452 1141 1529 1189 est,
1578 1138 1695 1192 quod
1735 1138 1828 1179 iure

231 1208 489 1250 Garatonius
538 1210 733 1251 correxit.
811 1210 983 1251 Leniter
1029 1210 1177 1252 Cicero
1225 1212 1268 1251 et
1313 1210 1583 1263 pedetentim
1632 1209 1689 1250 ad
1734 1221 1828 1250 rem

230 1280 439 1321 accedens
472 1275 565 1322 non'
590 1281 839 1334 simpliciter
871 1281 1081 1323 affirmat:
1129 1281 1265 1336 Atque
1303 1281 1428 1322 etiam
1469 1281 1562 1334 ipsa
1602 1280 1680 1321 illa
1711 1293 1827 1334 proe-

229 1351 342 1391 ,ναίει
375 1351 560 1404 afferunt
597 1353 757 1393 oratori
799 1352 962 1408 aliquid
1004 1357 1039 1393 et
1082 1353 1270 1393 animum
1313 1353 1401 1394 eius
1439 1351 1700 1406 perturbant,
1749 1351 1827 1392 sed

230 1422 517 1465 affirmatione
573 1437 625 1464 ex
679 1424 861 1465 sublatis
915 1423 1215 1477 negationibus
1272 1424 1428 1464 utitur:
1496 1421 1582 1463 Nec
1637 1445 1692 1451 —
1746 1435 1828 1463 non

229 1498 380 1535 famen.
396 1491 429 1546 1)

346 1566 393 1606 In
435 1567 629 1607 oratione
667 1566 907 1619 Philippica
946 1565 1137 1607 secunda
1177 1563 1200 1617 ἓ
1233 1565 1291 1606 50
1334 1578 1467 1618 quum
1510 1565 1571 1605 sic
1616 1564 1827 1617 scriptum

229 1638 360 1677 esset:
409 1636 595 1690 Accipite
627 1651 748 1689 nunc,
797 1650 945 1692 quceso,
994 1650 1077 1677 uon
1114 1650 1175 1688 ea,
1223 1649 1314 1690 quce
1352 1636 1440 1689 ipse
1478 1636 1524 1675 iu
1554 1648 1596 1676 se
1629 1639 1751 1689 atque
1781 1634 1828 1674 in

228 1706 492 1748 domesticum
525 1708 702 1748 dedecus
732 1709 896 1761 impure
929 1712 1049 1762 atque
1079 1707 1403 1760 intemperanter
1425 1728 1482 1733 —-
1501 1705 1663 1758 fecerit,
1697 1705 1830 1757 idque

227 1779 287 1819 sic
319 1778 639 1831 intelligeretur,
678 1784 726 1820 ut
759 1781 892 1820 esset:
935 1783 1079 1819 contra
1110 1792 1151 1818 se
1184 1782 1304 1831 atque
1336 1790 1428 1816 cum
1461 1775 1659 1816 dedecore
1691 1775 1827 1816 dome-

227 1850 337 1899 stico,
387 1850 681 1891 demonstravi
714 1849 890 1903 (Opuso
924 1863 965 1902 p.
1002 1848 1116 1901 166),
1165 1861 1305 1900 neque
1338 1847 1399 1888 sic
1438 1847 1482 1888 in
1520 1847 1690 1889 duobus
1724 1859 1827 1888 con-

227 1920 380 1961 iunctis
420 1922 701 1963 substantivis
740 1920 1090 1975 praepositionem
1129 1933 1306 1972 prorsus
1348 1919 1568 1961 contraria
1613 1917 1828 1971 significa-

226 1993 343 2034 tione
375 1993 476 2045 poni
518 1994 710 2045 potuisse
754 2005 895 2045 neque
937 1991 1152 2033 Ciceronis
1194 1992 1392 2043 tempore
1438 1989 1603 2030 dictum
1647 2001 1741 2030 esse
1782 1988 1829 2029 in

228 2063 404 2104 dedecus
434 2064 516 2105 hoc
548 2063 677 2105 modo
711 2062 772 2115 (ut
804 2062 902 2103 iude
939 2061 1114 2103 dedecus
1152 2058 1395 2113 nascatur„
1442 2060 1592 2113 itaque
1633 2058 1829 2101 scriben-

228 2134 331 2175 dum
365 2147 478 2175 esse:
514 2136 557 2175 iu
588 2148 630 2175 se
663 2139 783 2188 atque
817 2134 859 2174 lu
891 2133 1158 2173 domesticum
1190 2131 1332 2172 decus.
1397 2131 1507 2172 Ecce
1542 2130 1733 2172 Klotzius
1759 2143 1831 2170 me

229 2204 353 2246 docet
386 2204 485 2258 (Vol.
509 2205 563 2246 ΠΙ
594 2219 636 2258 p.
661 2204 777 2257 829),
812 2204 987 2245 dedecus
1019 2203 1285 2244 domesticum
1317 2215 1412 2243 esse
1445 2215 1533 2242 rem
1563 2201 1829 2254 familiarem

221 2275 456 2329 perductum
490 2276 562 2325 ita,
597 2289 693 2328 quae
725 2276 939 2316 Antonius
972 2277 1122 2316 contra
1153 2286 1246 2315 rem
1275 2286 1403 2314 suam
1428 2272 1687 2314 familiarem
1714 2271 1829 2313 fece-

229 2347 294 2397 rit,
337 2360 386 2388 ea
425 2348 468 2388 in
501 2345 686 2400 (contra)
726 2346 913 2387 dedecus
953 2346 1043 2387 eius
1082 2345 1198 2386 facta
1237 2358 1354 2394 esse;
1401 2357 1546 2385 meam
1586 2356 1689 2385 vero
1731 2355 1829 2384 con-

228 2418 437 2458 iecturam
476 2431 651 2471 prorsus
693 2417 897 2458 aberrare
937 2429 962 2457 a
1000 2418 1130 2466 recto,
1180 2416 1385 2468 quoniam
1425 2414 1658 2464 Antonius,
1708 2413 1828 2455 cuius

229 2501 296 2529 res
330 2488 550 2529 familiaris
583 2489 753 2541 perdita
787 2490 828 2528 et
867 2487 1076 2540 dissipata
1121 2486 1263 2536 fuerit,
1312 2498 1401 2527 non
1446 2485 1636 2538 potuerit
1678 2484 1828 2526 dome-

268 2628 294 2671 1)
320 2630 471 2664 Duobus
496 2629 660 2663 versibus
686 2632 771 2663 ante
796 2629 833 2662 in
859 2626 917 2670 §1
945 2627 1084 2669 sustuli,
1111 2627 1207 2671 quod
1233 2626 1307 2660 iam
1325 2625 1535 2660 Wunderus
1555 2624 1633 2659 fieri
1652 2623 1829 2664 voluerat,

325 2688 545 2723 vocabulum
570 2693 727 2729 veterem,
754 2698 885 2732 parens
911 2686 1112 2721 coniunctae
1138 2684 1347 2720 auctoritati
1373 2684 1539 2719 codicum
1564 2683 1635 2718 Erf.
1660 2685 1695 2717 et
1714 2682 1828 2716 Bava-

326 2748 389 2782 rici
415 2751 451 2782 et
476 2747 690 2790 Quintiliani
715 2747 789 2788 (XI,
816 2746 848 2787 3,
882 2745 952 2787 50).
1002 2745 1171 2786 Isidorus,
1210 2755 1282 2788 quo
1316 2746 1408 2778 teste
1440 2742 1694 2777 Steinmetzius
1725 2752 1828 2776 voca-

327 2808 455 2841 bulum
481 2806 652 2847 defendit,
690 2806 766 2839 haec
798 2809 942 2839 tantum
974 2805 1100 2838 hahet:
1138 2809 1285 2838 veterem
1310 2814 1444 2838 morem
1468 2803 1686 2837 iudiciorum
1709 2802 1829 2845 requi-

327 2871 429 2907 runt,
475 2876 540 2909 pro
570 2866 772 2908 pristinum
808 2864 844 2898 id
882 2863 1114 2898 substituens.
1182 2862 1376 2897 Diomedes
1414 2861 1654 2905 interpolatus
1692 2862 1746 2895 est
1783 2869 1827 2893 ex

328 2924 565 2960 deterioribus
591 2923 771 2958 Ciceronis
797 2923 980 2958 codicibus
1007 2921 1166 2965 (minime
1192 2920 1335 2965 vident).
