1915 3235
729 1042 852 1104 XIX
891 1040 1034 1105 (Vll).

168 1159 446 1219 Praefatio
486 1157 782 1218 Ciceronis
821 1156 1026 1216 Catoni
1064 1158 1124 1216 et
1161 1156 1355 1227 Laelio,
1396 1175 1590 1234 quum

277 1253 530 1313 Hauniae
566 1250 703 1312 1835
743 1252 889 1311 editi
929 1252 1088 1320 sunt,
1128 1252 1476 1328 praeposita.

204 1443 348 1524 Quod
378 1479 460 1521 feci
492 1481 591 1521 ante
631 1479 794 1532 aliquot
832 1492 980 1529 annos,
1030 1491 1164 1531 quum
1203 1477 1418 1519 Ciceronis
1457 1477 1672 1518 orationes
1693 1490 1744 1515 2034

85 1565 171 1603 eas,
211 1565 308 1605 quae
340 1551 383 1592 in
415 1551 570 1592 scholis
602 1550 683 1603 legi
715 1550 867 1600 solent,
916 1563 942 1591 a
974 1562 1044 1590 me
1077 1549 1330 1590 emendatas
1365 1548 1562 1598 edebam,
1611 1550 1670 1597 ut,

83 1636 216 1676 quum
259 1623 583 1664 annotationem
627 1622 816 1663 criticam
861 1623 1117 1674 perpetuam
1150 1619 1347 1661 editionis
1390 1618 1564 1661 consilio
1597 1631 1672 1658 ex-

83 1694 196 1735 cludi
216 1693 464 1744 iudicarem,
496 1696 658 1743 tamen,
692 1692 881 1734 maxime
903 1692 1065 1733 scilicet
1090 1692 1394 1744 magistrorum
1417 1703 1561 1740 causa,
1595 1689 1672 1731 sed

85 1765 215 1806 etiam
248 1765 429 1806 aliorum
461 1765 686 1806 hominum
719 1764 957 1813 doctorum,
991 1763 1064 1815 qui
1085 1762 1129 1802 in
1150 1762 1231 1803 hoc
1253 1762 1494 1803 studiorum
1515 1773 1671 1813 genere

83 1837 370 1886 versarentur,
419 1836 667 1876 universam
707 1834 1007 1887 recognitionis
1046 1846 1156 1874 meae
1194 1834 1406 1874 rationem
1438 1833 1481 1873 in
1512 1831 1670 1884 praefa-

81 1906 197 1948 tione
245 1906 503 1959 explicarem
552 1906 845 1959 exemplisque
883 1905 1189 1958 patefacerem,
1237 1904 1281 1944 id
1327 1904 1370 1944 in
1418 1902 1581 1944 Catone
1629 1904 1671 1943 et

81 1977 211 2019 Laelio
234 1990 285 2018 eo
306 1977 412 2018 mihi
434 1977 570 2030 magis
598 1976 844 2018 faciendum
876 1989 971 2018 esse
1002 1981 1120 2029 puto,
1155 1975 1271 2028 quod
1294 1975 1337 2015 in
1361 1975 1502 2027 priore
1527 1973 1670 2014 libello

82 2060 194 2089 novo
225 2047 465 2101 insignique
498 2046 810 2089 emendationis
842 2047 1035 2089 subsidio
1067 2060 1170 2088 usus
1202 2059 1312 2087 sum.

197 2118 266 2159 Ab
299 2117 515 2159 Orelliano
548 2118 759 2170 exemplo,
792 2117 836 2158 in
869 2131 953 2171 quo
984 2120 1083 2171 post
1114 2117 1386 2170 superiorum
1418 2128 1542 2156 curas
1575 2113 1669 2155 dili-

79 2190 230 2240 genter
260 2189 502 2241 recognitus
533 2191 715 2241 uterque
747 2189 941 2241 dialogus
975 2191 1052 2239 est,
1102 2188 1407 2240 adhibitusque
1445 2186 1501 2227 ad
1539 2185 1668 2226 Cato-

79 2270 180 2299 nem
228 2258 549 2301 emendandum
603 2259 738 2301 codex
791 2260 983 2301 omnium
1031 2258 1354 2312 antiquissimus
1400 2255 1667 2305 Parisiensis,

80 2328 235 2381 quibus
268 2330 312 2371 in
342 2330 444 2372 locis
475 2330 557 2372 hoc
588 2344 734 2372 meum
767 2330 993 2383 discrepet,
1027 2343 1080 2371 ex
1111 2329 1311 2371 inferiore
1344 2328 1538 2381 margine
1569 2339 1667 2379 per-

80 2399 186 2452 spici
217 2402 373 2453 potest.
436 2401 522 2442 Sed
552 2403 651 2454 post
683 2401 890 2442 Orellium
929 2401 1197 2443 Reinholdus
1231 2400 1433 2449 Klotzius,
1475 2396 1547 2451 qui
1585 2397 1668 2438 Ca-

78 2471 224 2511 tonem
258 2471 412 2525 Lipsiae
445 2485 483 2513 a.
520 2471 645 2522 1831,
686 2471 863 2513 Laelium
897 2485 936 2513 a.
973 2471 1098 2521 1833,
1138 2470 1275 2512 auctis
1309 2471 1439 2512 etiam
1473 2467 1667 2510 codicum

78 2540 300 2592 subsidiis,
355 2542 507 2592 edidit,
565 2543 827 2595 optimorum
875 2542 1083 2584 librorum
1130 2542 1432 2584 auctoritatem
1479 2538 1667 2593 pressius

79 2611 209 2653 etiam
241 2615 412 2654 secutus
446 2615 510 2655 est
541 2613 938 2666 scripturarumque
979 2626 1031 2654 ex
1068 2613 1117 2654 iis
1149 2615 1422 2666 receptarum
1454 2611 1666 2652 rationem

78 2682 248 2734 copiose
295 2683 493 2725 reddidit.
570 2684 682 2725 Nam
728 2683 774 2725 F.
822 2683 871 2725 V.
920 2683 1088 2726 Ottonis
1135 2682 1265 2726 editio
1312 2683 1489 2725 Catonis
1533 2682 1665 2737 (Lips.

80 2750 210 2805 1830)
251 2753 356 2794 nihil
398 2754 487 2795 fere
525 2755 687 2808 proprii
726 2754 827 2796 boni
859 2754 1005 2806 habet,
1053 2755 1202 2796 inanes
1245 2755 1366 2796 verbi
1407 2753 1666 2796 substantivi
1686 2761 1739 2788 2⁶5

80 2821 380 2865 damnationes
412 2824 581 2877 aliaque
615 2825 705 2866 eius
737 2825 905 2878 generis
932 2826 1082 2876 multa,
1116 2826 1231 2867 utilis
1254 2828 1403 2868 tamen
1428 2825 1484 2867 ad
1510 2837 1665 2876 cogno—

78 2893 287 2934 scendum
326 2898 587 2948 apparatum
628 2896 833 2946 criticum,
883 2909 1012 2949 quem
1060 2899 1102 2938 et
1149 2896 1315 2950 plenius
1364 2909 1496 2948 quam
1536 2893 1666 2936 ceteri

76 2964 234 3015 praeter
280 2963 582 3007 Gernhardum
629 2966 826 3020 exposuit
872 2968 915 3008 et
960 2966 1080 3009 auxit
1124 2967 1319 3009 codicum
1357 2965 1665 3008 Dresdensium
