1915 3235
976 101 1030 142 88

213 233 331 273 cuius
364 232 512 272 formae
545 232 588 272 in
619 230 746 271 simili
779 231 1032 282 argumento
1065 229 1264 282 exempla
1295 230 1382 270 iam
1420 229 1619 280 vidimus,
1652 232 1796 272 osten-

212 302 273 343 dit
305 302 593 354 fragmentum
627 300 743 353 apud
774 300 883 342 Non.
916 314 957 353 p.
994 299 1089 349 150,
1139 300 1254 353 quod
1297 300 1466 342 duobus
1504 300 1700 342 versibus
1731 303 1796 342 te-

213 373 429 413 trametris
461 371 688 412 trochaicis
721 370 980 411 catalecticis
1013 372 1202 412 constat:

388 478 441 518 Et
472 490 522 518 eo
553 476 800 529 plectuntur
830 478 972 529 poetae
1004 489 1135 529 quam
1167 489 1244 518 suo
1276 477 1378 519 vitio
1411 477 1582 530 saepius,

388 546 693 588 Ductabilitate
725 546 859 588 nimia
889 549 1036 588 vestra
1068 551 1145 588 aut
1174 548 1518 601 perperitudine3

211 652 330 705 (nam
361 667 434 694 suo
466 666 543 705 pro
576 665 663 693 una
695 652 863 706 syllaba
895 657 979 701 est;
1012 653 1139 694 tertia
1170 653 1285 695 vocis
1318 653 1603 695 duetabilitate
1633 654 1801 708 syllaba

210 724 296 765 ictu
337 719 664 777 producitur).¹)
736 723 825 764 Nec
867 723 1052 765 obscura
1093 726 1194 765 sunt
1235 724 1325 765 eius
1367 724 1494 765 metri
1534 724 1715 778 vestigia
1754 725 1798 767 in

210 795 344 836 altero
378 795 632 847 fragmento,
667 794 783 846 quod
815 794 968 836 eodem
1000 795 1093 836 loco
1126 795 1304 837 affertur
1339 794 1452 848 (libri
1483 808 1688 837 numerus
1720 809 1800 838 nec

210 865 253 905 in
284 865 365 906 hoc
396 877 476 905 nec
507 865 551 905 in
582 864 724 917 priore
756 864 970 917 notatur):

139 958 190 981 110
611 947 864 989 Describere
895 948 938 989 in
970 948 1140 990 theatro
1173 962 1378 1002 perperos

552 1019 791 1072 Popularis.

327 1101 439 1141 Nam
472 1102 588 1153 quod
621 1115 673 1143 ex
704 1101 843 1155 primo
882 1102 991 1143 libro
1032 1102 1189 1143 citatur
1219 1116 1261 1155 p.
1298 1102 1394 1152 156,
1435 1102 1699 1156 corruptum'
1723 1106 1802 1154 est,

208 1173 269 1214 ita
300 1175 460 1222 tamen,
508 1175 557 1214 ut
595 1176 790 1214 extrema
828 1172 950 1214 facile
991 1173 1288 1223 emendentur,
1337 1186 1415 1226 pro
1446 1172 1638 1225 hominis,
1687 1174 1803 1227 quod

210 1243 336 1296 vulgo
368 1243 534 1296 legitur,
568 1244 802 1285 substituto
834 1244 1035 1284 nominis:

611 1326 664 1367 Et
696 1328 850 1367 cuncta
881 1326 974 1367 fieri
1007 1328 1151 1376 cetera

455 1397 674 1438 Imbecilla
720 1397 748 1449 †
795 1410 881 1438 non
929 1397 1046 1449 quod
1091 1397 1409 1450 ponderitatem
1457 1397 1800 1451 gravitatemque

1427 1482 1625 1510 nomims.

210 1563 408 1604 Fortasse
441 1562 670 1616 legendum
704 1565 788 1603 est:
823 1561 1041 1602 Imbecilla
1073 1561 1119 1602 ob
1143 1562 1466 1616 ponderitatem.
1516 1563 1581 1616 (In
1611 1563 1804 1617 margine

211 1634 393 1687 exempl.
442 1634 546 1674 bibl.
594 1634 709 1674 uniV.
763 1646 841 1686 pro
895 1633 1004 1688 quod
1057 1634 1321 1687 adscriptum
1387 1637 1451 1675 est
1505 1632 1584 1687 ob.)
1674 1634 1805 1687 Apud

211 1705 394 1746 Gellium
442 1703 556 1757 (XX,
606 1702 649 1756 3)
704 1705 945 1745 sicinnistas
998 1703 1199 1757 (quorum
1253 1709 1346 1746 erat
1400 1718 1534 1758 genus
1582 1705 1802 1758 quoddam

210 1775 449 1817 saltationis
492 1774 690 1828 scenicae)
730 1775 873 1816 Attius
913 1788 1277 1817 commemorasse
1315 1778 1519 1818 narratur
1558 1776 1801 1829 dixisseque

212 1846 450 1900 appellatos

611 1917 820 1958 nebuloso
853 1918 1041 1959 nomine.

328 1999 390 2040 De
431 1999 629 2052 Parergis
674 2000 809 2041 multo
860 2000 1000 2040 minus
1044 2002 1231 2051 constat,
1281 2013 1464 2053 quorum
1512 2013 1647 2041 unum
1689 2000 1804 2053 frag-

210 2072 406 2110 mentum
439 2071 810 2123 corruptissimum
842 2073 1040 2124 superest
1071 2070 1197 2124 (Non.
1230 2085 1272 2124 p.
1304 2069 1392 2123 61).
1440 2071 1534 2121 Quo
1566 2071 1658 2112 iure
1690 2071 1804 2112 Har-

211 2140 366 2181 duinus
412 2140 472 2194 (in
504 2142 590 2182 ind.
625 2144 738 2183 auct,
773 2155 811 2183 a.
850 2142 986 2183 Plinio
1019 2140 1200 2194 laudat.)
1243 2142 1300 2183 ad
1343 2142 1388 2182 L.
1422 2142 1589 2183 Attium
1630 2144 1807 2195 poetam

210 2211 441 2261 rettulerit,
490 2212 606 2264 quod
646 2212 799 2265 legitur
836 2212 880 2253 in
918 2213 1044 2254 Plinii
1081 2214 1169 2254 ind.
1202 2218 1315 2255 auct.
1348 2213 1421 2254 lib.
1462 2213 1613 2254 XVIII:
1662 2213 1803 2266 Accio,

211 2282 281 2336 qui
313 2281 560 2331 Pramum&
610 2286 652 2324 et
690 2283 733 2323 in
770 2284 863 2336 ipso
902 2284 1011 2325 libro
1042 2284 1187 2334 XVIII,
1229 2284 1304 2325 55:
1353 2283 1520 2324 Adiecit
1558 2285 1612 2325 iis
1649 2283 1803 2325 Accius

212 2353 255 2393 ἰνι
287 2352 529 2406 Praxidico,
569 2358 613 2394 ut
644 2359 863 2405 sereretur,
904 2369 996 2395 eum
1029 2354 1156 2396 Luna
1193 2359 1293 2395 esset
1324 2368 1368 2394 m
1400 2354 1557 2408 Ariete,
1601 2354 1801 2409 Geminis,

212 2422 360 2475 Leone,
402 2423 550 2476 Libra,
591 2424 796 2479 Aquario,
838 2428 880 2466 et
911 2426 993 2467 hoc
1032 2439 1139 2479 opus
1178 2426 1293 2466 idem
1326 2438 1418 2466 esse
1451 2439 1502 2466 ac
1533 2425 1801 2479 pragmatica

212 2494 377 2543 dixerit,
410 2494 568 2536 nescio.

246 2620 251 2625 ‘
328 2564 445 2605 Illud
467 2570 710 2607 extremum
742 2565 808 2616 sit,
849 2579 902 2607 ne
936 2567 1124 2608 Annales
1163 2566 1335 2620 quidem
1370 2567 1415 2607 L.
1449 2566 1566 2616 Attii,
1616 2579 1799 2619 quorum

211 2635 453 2688 fragmenta
494 2640 592 2688 post
634 2636 904 2689 Stephanum
951 2637 1156 2678 indicavit
1196 2637 1226 2678 I.
1271 2637 1318 2679 G.
1362 2637 1537 2679 Vossius
1586 2636 1658 2690 (de
1699 2637 1797 2678 hist.

248 2796 278 2840 ¹)
304 2797 445 2842 [Melius
471 2805 534 2834 aut
559 2803 643 2835 ante
669 2802 913 2835 dzwtabilitate
939 2802 1147 2836 addendum
1173 2812 1251 2836 esse
1277 2801 1439 2843 coniecit,
1466 2801 1610 2836 sirecte
1634 2800 1798 2843 memini,

304 2856 550 2901 Ritschelius.]
