1915 3235
848 112 935 154 675

97 247 272 291 omnino
304 246 553 289 Ciceronem
586 244 719 285 ullam
750 241 997 284 huiusmodi
1030 241 1283 291 orationem,
1329 253 1461 294 quum
1500 240 1553 282 de
1585 254 1686 294 sup-

97 319 222 373 plicio
255 317 576 359 coniuratorum
608 316 820 368 ageretur,
860 314 959 366 post
991 312 1124 354 Silani
1162 314 1204 353 et
1236 310 1419 354 Caesaris
1451 312 1687 353 sententias

96 389 314 437 habuisse,
348 399 482 440 quum
513 398 594 427 nec
625 385 853 426 Sallustius
877 397 974 425 eam
997 381 1402 425 commemoraverit
1422 394 1563 435 neque
1586 395 1687 424 con-

97 460 163 502 sul
199 459 299 512 post
335 456 589 498 relationem
631 455 819 508 potuerit
862 454 906 495 in
942 453 1086 495 media
1128 452 1440 495 sententiarum
1484 466 1687 506 perroga-

95 531 212 572 tione
253 541 378 570 suam
419 527 512 580 ipse
553 526 791 568 orationem
834 525 1121 577 interponere.
1183 523 1231 564 In
1271 536 1354 576 qua
1399 522 1688 576 disputatione

97 599 287 643 Sallustii
318 597 566 639 testimonio
598 596 774 638 minime
806 597 922 636 recte
960 597 1154 636 utuntur,
1216 594 1329 635 Nam
1369 606 1502 646 quum
1541 594 1688 636 Cicero

96 683 236 724 neque
267 682 427 710 novam
459 667 719 709 sententiam
752 665 930 706 dixisset
960 677 1102 717 neque
1134 667 1210 706 aut
1242 663 1375 705 Silani
1407 666 1481 705 aut
1507 664 1688 706 Caesaris

95 741 376 783 vehementer
414 738 597 780 alteram
635 737 759 778 alteri
803 736 1063 790 praetulisset
1108 735 1524 785 commendassetve,
1571 735 1689 777 nulla

97 825 227 853 causa
260 815 365 860 erat,
407 822 481 850 cur
513 807 741 850 Sallustius
779 807 893 848 hanc
925 807 1165 848 orationem
1203 806 1314 847 inter
1347 818 1420 847 eas
1453 807 1689 847 sententias

96 882 418 934 orationesque,
467 879 623 932 quibus
672 880 885 919 certatum
934 879 1065 927 esset,
1116 879 1496 927 commemoraret,
1556 889 1688 929 quum

94 952 348 1007 praesertim,
383 950 586 1004 quicquid
619 949 672 990 de
697 948 898 990 Sallustio
931 948 1147 997 statuitur,
1182 941 1439 989 hoc'saltem
1463 947 1689 989 fatendum

95 1024 161 1074 sit,
209 1035 296 1064 non
335 1022 406 1063 illo
445 1021 590 1062 animo
630 1033 729 1060 eum
762 1019 998 1072 scripsisse,
1047 1020 1095 1059 ut
1127 1017 1342 1060 Ciceronis
1376 1024 1507 1071 quam
1540 1018 1688 1071 saepis-

94 1095 201 1135 sime
232 1091 486 1135 nominandi
518 1090 807 1143 laudibusque
840 1089 1018 1131 tollendi
1051 1090 1322 1131 occasionem
1356 1091 1564 1142 captaret.
1613 1089 1688 1129 Al-

93 1168 235 1207 terum
268 1166 415 1205 autem
447 1175 622 1215 prorsus
654 1162 745 1202 sine
778 1161 864 1202 ullo
896 1161 1074 1202 minimo
1107 1162 1362 1213 argumento
1394 1161 1560 1213 ponunt
1592 1172 1689 1200 con-

94 1239 249 1288 traque
292 1234 381 1275 veri
423 1232 761 1274 similitudinem.
823 1231 938 1272 Nihil
982 1232 1096 1272 enim
1140 1234 1245 1281 erat,
1295 1230 1412 1284 quod
1454 1230 1686 1278 consulem„

95 1306 168 1360 qui
199 1308 336 1347 totam
369 1306 545 1346 senatus
579 1302 934 1344 deliberationem
966 1303 1278 1352 moderaretur,
1312 1302 1452 1354 ipsum
1479 1314 1529 1342 ea
1557 1301 1688 1342 inter-

94 1389 256 1431 ponere
287 1378 467 1425 vetaret,
517 1387 613 1427 quae
654 1387 761 1426 opus
802 1386 897 1414 esse
929 1373 1151 1414 iudicaret.
1214 1373 1348 1426 quue
1381 1372 1463 1425 ipsi
1494 1373 1554 1413 ita
1587 1385 1689 1413 con-

95 1448 266 1498 cedunt,
315 1449 364 1488 ut
402 1447 572 1486 tantum
618 1444 766 1494 „iustae
798 1444 1027 1485 orationis“
1066 1457 1315 1485 mensuram
1349 1443 1598 1491 excludant;
1647 1442 1689 1483 in

94 1531 179 1571 quo
226 1529 402 1570 prorsus
449 1515 779 1564 obliviscuntur,
835 1516 949 1556 hanc
1002 1514 1125 1556 iustae
1179 1515 1384 1556 orationis
1440 1527 1687 1555 mensuram

94 1602 210 1642 saepe
241 1590 394 1641 postea
426 1587 600 1628 demum
634 1586 880 1636 accessisse,
915 1598 1061 1638 quum,
1096 1599 1193 1638 quae
1225 1584 1368 1626 subito
1391 1584 1506 1626 dicta
1532 1587 1688 1633 essent,

95 1659 361 1712 amplificata
408 1659 451 1699 et
497 1659 651 1698 ornata
698 1656 942 1697 ederentur.
957 1652 990 1708 ¹)
1067 1656 1213 1708 Atqui,
1262 1655 1480 1708 inquiunt,
1530 1655 1687 1697 obstat.

95 1729 326 1783 quominus
372 1727 619 1770 huiusmodi
668 1728 900 1780 quicquam
955 1726 1205 1768 Ciceronem
1261 1726 1417 1767 dixisse
1472 1728 1687 1778 putemus,
1710 1742 1759 1764 κω

93 1800 185 1854 ipse
218 1799 379 1850 Cicero,
421 1799 492 1852 qui
525 1798 581 1839 ad
611 1797 701 1838 Att.
734 1798 822 1848 XII,
857 1798 909 1838 21
947 1811 969 1838 a
1003 1797 1136 1838 Bruto
1168 1810 1214 1838 se
1245 1797 1432 1849 maligne
1464 1796 1687 1837 laudatum

95 1871 155 1912 sic
187 1870 399 1923 queritur:
450 1868 519 1909 Me
562 1873 695 1909 autem
740 1868 806 1909 hic
849 1866 1042 1922 (Brutus)
1086 1866 1247 1919 laudat,
1296 1867 1404 1922 quod
1445 1867 1687 1918 rettulerim,

94 1953 177 1982 uon
208 1940 317 1995 quod
341 1939 629 1994 patefecerim,
677 1939 786 1994 quocl
823 1939 1058 1980 cohortatus
1090 1939 1182 1990 sim,
1226 1937 1334 1993 quod
1365 1937 1539 1992 (lenique
1572 1943 1688 1978 aute-

94 2025 220 2067 quam
251 2011 503 2052 consulerem
535 2011 622 2064 ipse
653 2010 942 2051 iudicaverint.
1009 2009 1109 2061 Quce
1147 2010 1290 2049 omnia
1331 2009 1429 2063 quia
1466 2007 1566 2049 Cato
1598 2008 1687 2048 lau-

94 2082 216 2123 dibus
255 2083 459 2123 extulerat
496 2082 542 2122 in
583 2081 725 2122 ccelum
761 2080 1140 2135 perscribeudaque
1181 2084 1409 2131 censuerat,
1456 2079 1613 2120 idcirco
1647 2080 1685 2119 in

95 2154 182 2194 eius
213 2153 459 2194 senteutiam
492 2156 548 2193 est
577 2151 697 2205 facta
729 2151 936 2192 discessio,
1000 2151 1079 2192 His
1121 2150 1235 2191 enim
1274 2150 1417 2190 verbis
1450 2149 1686 2190 Ahrensius

95 2222 154 2277 (p.
188 2224 243 2265 59
275 2221 388 2276 sqq.)
421 2223 589 2265 ostendi
621 2224 758 2276 putat,
792 2222 1042 2264 Ciceronem
1076 2221 1208 2270 initio,
1243 2234 1376 2273 quum
1409 2220 1464 2261 ad
1489 2223 1687 2261 senatum

94 2295 287 2345 referret,
335 2294 576 2336 orationem
606 2293 811 2334 habuisse
844 2293 899 2334 ad
931 2294 1152 2334 senatores
1187 2292 1487 2340 cohortandos,
1537 2293 1686 2344 postea

94 2365 199 2406 nihil
231 2365 402 2406 dixisse.
450 2364 576 2415 Quod
604 2366 744 2405 totum
778 2366 1081 2416 argumentum
1114 2362 1222 2404 miro
1255 2375 1400 2404 errore
1432 2365 1583 2403 natum
1610 2364 1686 2405 est.

0 2467 1 2508 ἱ
97 2436 214 2489 quod
244 2437 338 2477 haec
369 2436 503 2477 verba
536 2439 758 2489 autequam
796 2434 1061 2484 consulerem,
1110 2447 1206 2487 quae
1245 2433 1289 2474 in
1326 2433 1453 2474 tertio
1491 2432 1687 2473 membro

98 2505 263 2547 inclusa
295 2508 408 2558 sunt,
443 2506 498 2548 ad
529 2505 765 2547 cohortatus
795 2506 871 2546 sim
906 2504 1139 2546 transtulit.
1203 2504 1328 2555 Quod
1362 2507 1506 2545 autem
1540 2502 1687 2544 Cicero

132 2703 163 2746 ¹)
192 2706 338 2750 „Itaque
369 2705 406 2740 id
436 2705 690 2740 tantummodo
723 2705 848 2739 consul
880 2704 1036 2748 providit
1071 2702 1210 2747 (voluit2
1248 2702 1487 2748 providebat),
1526 2706 1565 2736 ut
1598 2702 1687 2736 inse-

190 2768 360 2809 quentem
388 2764 529 2799 iuberet
555 2763 683 2802 dicere,
709 2764 803 2798 bene
828 2766 864 2798 et
889 2763 1071 2808 sapienter
1096 2762 1330 2805 iudicantem,
1357 2762 1386 2795 si
1411 2761 1530 2799 vellet,
1563 2761 1687 2794 lauda-

190 2827 254 2864 ret,
281 2823 540 2858 altercantibus
566 2833 639 2856 non
658 2822 809 2862 deesset,
836 2825 1018 2856 errantem
1036 2821 1073 2855 in
1091 2822 1188 2856 viam
1206 2821 1406 2861 reduceret,
1433 2820 1686 2854 adversantem

189 2885 337 2916 senatus
363 2881 613 2916 deliberationi
646 2884 789 2924 cogeret
815 2879 917 2923 (Ahr.
943 2892 978 2924 p.
1008 2879 1096 2922 72).“
1150 2880 1217 2914 Hic
1243 2879 1389 2924 quidem
1416 2878 1523 2913 nimis
1549 2878 1687 2912 consuli

190 2941 350 2985 magistri
377 2945 412 2975 et
438 2939 674 2975 admonitoris
700 2943 821 2984 partes
847 2940 990 2975 dantur.

1339 2996 1404 3030 43*
