1915 3235
853 121 906 162 57

87 265 193 301 esse,
226 251 298 304 qui
320 263 454 304 quum
475 249 690 299 Milonem,
723 250 896 291 Faustae
927 249 1145 299 maritum,
1178 249 1450 291 nominatum
1481 249 1541 290 ibi
1571 262 1672 302 rep-

86 322 310 375 perissent,
344 333 444 362 eum
476 320 519 362 in
552 319 719 361 Horatii
751 333 922 374 quoque
954 320 1087 362 verba
1118 320 1276 361 inferre
1309 320 1564 370 studuerint,
1598 319 1672 360 ubi

87 392 164 434 soli
201 391 358 433 moechi
396 394 509 433 sunt.
571 392 721 444 Itaque
759 391 840 432 sub
878 390 1059 432 Acronis
1098 390 1272 432 nomine
1310 390 1395 432 alia
1435 392 1501 432 est
1538 403 1675 432 anno—

85 462 190 504 tatio
232 461 404 503 Villium
437 475 534 504 curn
565 462 707 503 Annio
740 461 800 515 (id
841 464 918 512 est,
958 461 1100 503 Annio
1132 458 1305 513 Milone)
1346 457 1675 513 confundens.²)

124 624 152 669 ¹)
180 625 273 669 [Non
298 638 379 661 sum
405 626 556 668 nescius,
591 630 626 661 et
657 626 694 660 in
726 625 794 660 hoc
819 624 958 659 Horatii
983 625 1062 659 loco
1088 629 1125 660 et
1149 625 1186 659 in
1211 625 1376 669 pluribus
1402 623 1583 658 Iuvenalis
1615 624 1677 658 ob-

179 686 296 730 liquas
322 697 382 720 eas
407 685 697 729 significationes,
735 695 826 728 quas
858 695 969 728 prave
999 683 1101 718 fictas
1128 684 1210 725 dixi,
1249 695 1271 717 a
1295 683 1480 718 nonnullis
1506 686 1569 717 aut
1594 682 1677 716 sim-

180 744 319 788 pliciter
349 744 516 778 defensas
548 747 611 778 aut
644 743 808 778 nonnihil
834 743 1031 778 declinatas
1069 747 1105 777 et
1143 746 1336 777 exornatas
1374 753 1462 776 esse.
1513 742 1583 776 Sed
1620 741 1678 775 hae

180 802 406 837 defensiones
433 814 543 847 quam
570 802 642 837 sint
666 802 804 844 inanes,
843 813 954 846 quam
986 813 1007 836 a
1038 805 1227 846 poetarum
1261 801 1381 836 verbis
1414 800 1676 844 sententiisque

181 865 215 895 et
241 861 396 896 consiliis
422 862 559 903 alienae,
586 861 754 906 persequi
780 861 929 905 longum
955 863 1009 894 est
1029 864 1064 895 et
1084 872 1165 895 meo
1192 861 1325 895 iudicio
1353 870 1677 904 supervacaneum,

180 924 215 954 et
240 919 276 954 in
303 920 380 954 aliis
407 921 514 954 rebus
540 931 638 955 nunc
664 920 829 954 animum
855 923 1074 963 occupatum
1093 920 1221 953 habeo.
1261 919 1444 953 Fruantur
1470 918 1525 952 his
1546 918 1678 962 signifi·

181 978 393 1020 canonibus,
420 979 481 1023 qui
507 978 578 1013 alia
604 989 677 1012 non
702 978 849 1019 habent,
875 978 913 1012 in
939 978 1071 1022 quibus
1097 977 1273 1021 ingeniosi
1301 977 1413 1011 videri
1439 975 1605 1021 possint]
