1915 3235
842 95 924 136 377

209 225 255 265 In
288 238 322 265 c.
357 224 425 273 50,
472 224 567 274 106,
610 225 685 265 ubi
726 224 898 277 legitur:
946 225 983 265 si
1024 238 1172 278 operas
1214 225 1505 266 conductorum
1546 240 1676 266 remo-

90 296 210 345 veris,
245 295 475 336 delendum
508 307 600 335 esse
633 294 938 344 conductorum,
982 295 1025 335 in
1058 308 1188 347 quam
1221 297 1512 337 coniecturam
1545 297 1675 337 etiam

90 366 318 407 Muellerus
349 366 509 414 incidit,
542 378 629 406 non
651 366 922 415 mutandum,
955 378 1081 415 nunc,
1115 367 1279 418 opinor,
1315 380 1446 419 quum
1479 368 1566 407 iam
1599 367 1676 407 ali-

91 438 195 489 quot
225 436 455 477 manifesta
488 436 644 477 codicis
679 436 900 490 archetypi
928 436 1225 477 additamenta
1250 437 1674 489 deprehenderimus,

90 507 360 548 concedetur.
422 507 533 548 Nam
566 520 715 560 operas·
755 506 815 559 (id
848 510 924 556 est,
964 508 1252 549 mercenarios
1287 507 1421 548 Clodii
1453 507 1674 560 satellites)

89 577 379 618 conductorum
411 577 493 618 dici
525 591 602 630 pro
635 578 769 631 operis
801 578 1022 627 conductis,
1056 581 1103 618 ut
1136 581 1201 619 est
1233 591 1267 619 c.
1304 579 1370 627 17,
1405 578 1458 619 38
1493 581 1535 618 et
1559 578 1673 627 alibi,

87 649 202 701 quod
242 649 423 690 Orellius
464 650 601 700 putat,
649 661 735 689 non
782 650 918 702 magis
958 649 1073 690 credi
1111 651 1264 701 potest.
1315 662 1445 701 quam
1492 649 1676 690 homines

87 719 374 760 Romanorum
405 732 482 772 pro
514 719 761 760 hominibus
793 719 1002 760 Romanis
1043 719 1251 760 similiave
1285 733 1547 772 quemquam
1581 720 1674 761 dix-

88 790 185 830 isse.
247 790 395 840 Immo,
430 803 563 842 quum
595 790 758 831 nudum
792 790 1053 831 vocabulum
1085 790 1338 842 ambiguum
1374 791 1513 831 visum
1546 793 1672 839 esset,

87 859 202 911 quod
245 862 286 900 et
319 873 352 901 C.
386 861 454 910 526,
499 861 551 901 57
598 864 640 901 et
682 874 759 913 pro
802 860 953 901 Flacco
987 861 1054 911 38,
1099 861 1152 901 97
1198 864 1240 902 et
1272 861 1375 902 alibi
1406 861 1572 914 legitur,
1622 875 1674 902 ex

87 930 178 970 aliis
226 931 327 971 locis
374 932 510 983 petita
558 935 622 972 est
660 932 957 983 interpretatio
997 933 1039 972 et
1076 931 1225 972 inscite
1259 932 1475 972 adiuncta.
1537 932 1673 973 Paulo

83 1004 194 1053 post,
228 1001 301 1042 ubi
335 1002 493 1043 editur:
529 1002 699 1042 Habita
730 1007 826 1043 smzt
856 1003 996 1043 multas
1028 1002 1079 1042 cle
1110 1016 1173 1042 me
1195 1017 1221 1042 a
1241 1002 1478 1056 yladiatore
1500 1004 1672 1043 seelera·

83 1073 240 1113 tissimo
272 1074 487 1122 contiones,
522 1077 763 1114 extremum
796 1073 1069 1123 Vocabulum,
1111 1087 1195 1126 quo
1228 1074 1428 1114 facillime
1462 1086 1670 1123 caremus,

82 1142 126 1183 in
159 1143 302 1184 codice
335 1144 568 1197 archetypo
600 1157 687 1185 non
720 1144 865 1192 fuisse,
915 1146 1079 1184 certum
1121 1147 1186 1185 est
1226 1143 1376 1197 (etiam
1409 1145 1501 1185 cod.
1535 1145 1670 1185 Paris.

80 1214 338 1255 testimonio.
373 1215 584 1261 Gulielini,
619 1215 801 1265 Gruteri,
833 1215 1140 1256 Oxoniensium
1164 1214 1369 1267 silentio);
1401 1215 1547 1268 itaque
1570 1228 1671 1256 con—

83 1283 183 1324 cidit
215 1284 359 1325 Orellii
392 1288 708 1338 argumentum,
756 1286 1086 1338 interpolatores
1128 1286 1210 1326 alio
1249 1286 1341 1326 loco
1381 1286 1596 1338 posituros
1629 1286 1672 1327 id

82 1355 339 1396 vocabulum
374 1356 525 1405 fuisse;
558 1369 659 1397 nam
692 1357 736 1397 in
767 1359 937 1398 nostros
971 1359 1085 1397 certe
1118 1357 1284 1398 codices
1313 1356 1380 1397 vel
1405 1357 1547 1409 potius
1581 1357 1670 1414 edi-

79 1425 216 1466 tiones
250 1427 305 1467 ab
338 1427 643 1480 interpolatore
676 1428 805 1468 venit..
870 1427 954 1468 Sed
988 1428 1102 1479 quod
1134 1427 1247 1468 idem
1289 1427 1479 1468 codicem
1520 1427 1670 1468 arche-

78 1497 229 1549 typum
277 1497 357 1539 hoc
406 1498 498 1539 loco
545 1498 826 1550 negligentius
875 1498 1082 1550 scriptum
1131 1498 1262 1539 fuisse
1310 1501 1446 1550 putat,
1495 1498 1537 1538 in
1587 1512 1670 1550 quo

80 1567 210 1608 etiam
257 1582 338 1612 non
384 1569 514 1621 paulo
555 1572 654 1609 ante
695 1571 737 1609 et.
775 1569 904 1621 paulo
944 1571 1041 1621 post
1081 1568 1120 1620 (ξ
1158 1568 1256 1620 107)
1296 1569 1480 1610 eoelzt'bm't
1512 1569 1670 1610 omissa

80 1637 176 1688 sint,
225 1639 462 1691 negationis
504 1639 660 1692 saepius
702 1642 744 1680 et
782 1640 825 1679 in
857 1640 937 1680 hoc
971 1642 1011 1680 et
1045 1641 1088 1680 in
1121 1640 1213 1680 aliis
1247 1640 1464 1680 codicibus
1498 1641 1670 1681 omissae

79 1708 164 1749 alia
196 1712 259 1750 est
290 1710 413 1760 ratio,
461 1710 504 1751 in
544 1711 679 1751 altero
720 1712 865 1750 autem
906 1710 998 1751 loco
1039 1711 1173 1751 codex
1206 1711 1340 1751 Paris.
1382 1724 1479 1751 cum
1512 1711 1668 1751 Bernn.

79 1780 349 1822 consentiens
372 1781 627 1824 lacunosum
651 1781 825 1833 quidem
849 1781 980 1822 fuisse
1004 1782 1194 1822 codicem
1218 1782 1500 1834 archetypum
1524 1785 1668 1822 osten—

78 1849 159 1899 dit;
207 1851 285 1892 sed
316 1853 476 1905 optime
510 1852 636 1892 simul
668 1853 841 1894 tolletur
874 1854 1029 1894 locutio
1062 1866 1149 1893 non
1181 1853 1473 1900 Ciceroniana,
1515 1853 1570 1893 al]
1604 1854 1668 1893 in-

77 1922 339 1973 terpolatore
371 1923 476 1963 satis
518 1922 678 1963 recenti
717 1923 899 1964 invecta.
963 1924 1073 1964 Nam
1123 1923 1311 1963 exhibere
1357 1937 1398 1963 se
1446 1928 1667 1975 auctorem,

77 1993 312 2045 supplicem,
347 1994 503 2034 similia
536 1993 631 2046 (pro
664 2006 727 2043 eo,
770 1995 884 2047 quod
918 1997 982 2034 est
1015 1999 1219 2034 amtorem
1254 2008 1294 2035 se
1319 1993 1526 2047 prcebere)
1568 1997 1668 2035 ante

77 2061 328 2104 Suetonium
371 2065 443 2116 qui
481 2065 647 2114 dixerit,
695 2078 782 2106 non
813 2065 1071 2118 reperietur3
1120 2078 1169 2105 ac
1212 2078 1265 2105 ne
1309 2065 1343 2105 is
1387 2065 1561 2117 quidem
1608 2065 1668 2106 ita

77 2133 194 2183 dixit,
228 2135 306 2176 sed
338 2135 526 2176 exhibere
557 2137 809 2185 ministravit,
844 2136 1010 2185 similia,
1045 2135 1135 2176 sine
1168 2133 1484 2188 pronominest)
1539 2136 1669 2188 Apud

113 2320 141 2365 ³)
168 2324 260 2358 Eum
288 2324 448 2358 cadentis
474 2324 605 2368 linguae
631 2335 739 2358 usum
766 2334 853 2364 esse,
893 2323 1077 2357 duriorem
1111 2327 1146 2357 et
1177 2323 1372 2367 poeticum,
1409 2323 1560 2357 wolfius
1587 2323 1668 2357 scri-

170 2382 222 2416 bit
248 2383 293 2417 ad
320 2383 417 2418 Suet.
445 2383 562 2417 Vitell.
592 2382 646 2424 17,
674 2382 817 2420 oblitus,
845 2385 884 2415 ut
910 2382 1030 2422 ceteri,
1063 2385 1249 2423 annotare,
1283 2382 1344 2416 ubi
1371 2383 1537 2424 alterum,
1577 2383 1668 2416 anti-

172 2441 337 2485 quiorem
363 2442 499 2476 scilicet
526 2446 561 2476 et
586 2442 622 2475 in
649 2453 756 2485 prosa
782 2440 968 2481 usitatum,
1005 2441 1292 2485 deprehenderit.
1344 2442 1465 2476 Unum
1492 2445 1545 2476 est
1572 2442 1667 2485 apud

171 2501 327 2535 eundem
355 2501 570 2535 Suetonium
597 2501 805 2545 exemplum
837 2500 873 2533 in
900 2499 1008 2543 Galig.
1035 2499 1080 2532 ‘252
1112 2498 1161 2542 (se
1194 2502 1421 2535 adorandum
1455 2501 1667 2534 adeuntibus

170 2559 377 2602 exhibebat),
411 2561 473 2594 sed
505 2560 554 2594 ibi
580 2564 634 2594 est
660 2560 704 2594 de
729 2571 767 2593 se
793 2558 956 2603 (corpore
982 2558 1064 2600 suo)
1089 2559 1124 2592 in
1152 2562 1385 2603 conspectum
1412 2559 1532 2593 dando
1558 2562 1593 2593 et
1619 2558 1667 2593 of-

170 2617 329 2652 ferendo.
372 2619 456 2653 Sine
481 2619 696 2663 pronomine
722 2621 776 2652 est
801 2618 898 2662 apud
924 2617 1073 2660 Quintil.
1100 2619 1176 2659 XII,
1202 2617 1235 2659 2,
1264 2619 1283 2651 7
1310 2622 1355 2656 et,
1383 2629 1492 2662 quem
1518 2618 1567 2652 ibi
1594 2618 1667 2652 lau-

171 2677 268 2719 dant,
301 2678 425 2712 lustin.
452 2679 543 2720 VIII,
569 2678 602 2717 4,
636 2678 776 2719 XXVII,
803 2677 835 2711 2.
884 2677 956 2711 Nec
993 2679 1154 2712 exhibere
1191 2679 1473 2721 benevolentiam,
1511 2678 1668 2710 liberali-

171 2741 277 2769 tatem
303 2739 381 2777 cet„
414 2748 494 2781 quae
521 2738 616 2782 apud
645 2737 894 2779 Columellam,
926 2737 1084 2771 Plinium
1110 2737 1296 2777 Minorem,
1331 2736 1545 2771 Suetonium
1571 2739 1666 2777 sunt,

171 2795 268 2838 apud
293 2796 515 2840 antiquiores
541 2797 720 2840 leguntur.
772 2794 895 2839 [Apud
927 2796 1070 2830 Livium
1095 2796 1218 2837 XXIV,
1251 2795 1307 2836 31,
1343 2795 1386 2829 15
1421 2800 1667 2839 auctoremque

170 2864 205 2887 se
231 2855 422 2889 exhibendo
449 2854 579 2889 dicitur
605 2855 674 2889 alio
699 2855 808 2889 modo
835 2850 879 2888 de
905 2865 958 2896 eo,
985 2855 1046 2899 qui
1072 2866 1110 2888 se
1128 2855 1240 2889 oculis
1266 2854 1457 2889 hominum
1481 2857 1668 2888 auctorem

1691 1372 1742 1397 487
