1915 3235
830 128 882 169 67

67 258 261 312 pecuniae
307 257 485 310 largitio,
533 257 610 298 sed
657 270 709 298 ea
754 258 861 310 ipsa,
911 270 1007 309 quae
1053 257 1096 297 in
1144 258 1263 309 equis
1305 257 1535 299 reddendis
1575 261 1651 306 est,

69 330 273 382 cuiusque
303 327 534 381 participes
564 327 674 368 fiunt
704 328 745 377 ii,
786 327 870 380 qui,
915 340 1047 380 quum
1081 340 1240 380 equum
1272 327 1515 377 habuerint,
1557 341 1653 369 cum

69 399 294 441 commodo
325 398 525 439 reddunt.
599 398 740 450 Scipio
771 399 917 450 itaque
951 397 1012 450 (id
1044 400 1121 448 est,
1163 398 1322 447 Cicero,
1364 400 1407 438 et
1439 398 1653 439 Graccha—

67 482 221 511 narum
253 469 395 522 legum
428 471 470 509 et
508 467 781 520 largitionum
823 468 867 509 in
908 468 1027 509 libris
1070 470 1273 521 provecta
1315 471 1442 509 aetate
1485 470 1653 522 scriptis

67 542 301 593 perpetuus
332 540 618 591 reprehensor
649 540 692 579 et
723 538 1032 580 coniunctionis
1064 542 1240 580 senatus
1273 542 1315 580 et
1339 539 1498 580 ordinis
1523 553 1654 592 eque-

68 611 179 660 stris,
228 623 358 663 quam
399 610 490 662 ipse
530 622 576 650 se
616 609 836 650 consulem
877 609 1135 650 stabilivisse
1174 610 1370 662 putabat,
1419 612 1654 652 vehemens

70 679 323 733 admirator)
354 682 576 721 senatores
607 679 904 732 largitionibus
935 679 1172 720 tribuniciis
1202 680 1398 721 faventes
1432 682 1654 734 significat,

68 752 140 804 qui
171 764 300 793 onere
334 751 432 803 equi
463 749 623 803 publici
655 749 827 792 liberari
858 750 1029 799 vellent,
1069 750 1277 791 reddendi
1315 753 1531 803 potestate
1564 751 1655 804 ple-

66 822 219 863 biscito
261 821 389 862 facta.
453 821 582 862 Oneri
631 821 743 862 enim
792 820 923 862 fuisse
971 833 1129 872 equum
1176 821 1409 874 publicum,
1459 823 1655 875 quamvis

67 893 217 934 honori
251 894 365 933 esset
397 891 487 944 (qui
518 894 666 932 tamen
697 891 834 932 honor
865 905 891 932 a
930 893 1128 932 senatore
1168 905 1254 933 non
1293 892 1654 945 desiderabatur),

68 962 244 1015 eiusque
277 962 498 1015 ademptio
530 962 825 1015 ignominiosa,
861 974 947 1003 non
980 975 1032 1002 ex
1063 964 1145 1003 hoc
1177 964 1315 1004 solum
1347 964 1453 1013 loco,
1496 965 1568 1016 qui
1601 965 1656 1005 ad

66 1033 110 1074 id
143 1033 529 1074 demonstrandum
554 1032 724 1082 sufficit,
759 1045 891 1085 quum
916 1035 1069 1085 aperta
1093 1034 1145 1073 sit
1171 1034 1401 1075 verborum
1428 1035 1654 1078 sententia.

68 1104 145 1145 sed
176 1104 348 1144 aliunde
381 1116 552 1156 quoque
586 1105 749 1144 certum
783 1105 861 1144 est.
910 1103 971 1143 De
1004 1105 1304 1156 antiquissimo
1338 1105 1512 1158 quidem
1545 1108 1655 1146 tem-

66 1187 170 1227 pore
202 1176 332 1227 negat
363 1174 637 1223 Niebuhrius,
673 1176 713 1214 et
747 1187 799 1214 ex
831 1175 911 1215 hoc
944 1174 1010 1214 vel
1044 1173 1277 1227 maxime1)
1311 1176 1454 1221 efficit,
1490 1177 1655 1228 equites

66 1258 152 1287 non
185 1258 237 1285 ex
269 1245 458 1286 maximo
490 1257 621 1285 censu
653 1245 834 1297 scriptos
859 1257 965 1293 esse,
1000 1246 1116 1297 quod
1139 1246 1365 1287 ridiculum
1391 1249 1431 1287 et
1456 1246 1655 1288 insanum

67 1315 231 1365 fuisset,
279 1316 315 1356 si
353 1315 506 1356 divites
546 1315 729 1356 fuissent
760 1328 910 1356 omnes
945 1316 1123 1367 equites,
1172 1317 1400 1368 pecuniam
1435 1317 1491 1358 ad
1524 1328 1655 1370 equos

69 1387 273 1428 emendos
307 1388 349 1426 et
388 1385 566 1426 alendos
607 1386 856 1427 attribuere.
925 1386 1083 1427 Verum
1123 1387 1226 1427 illud
1266 1390 1379 1428 certe
1418 1388 1553 1429 multo
1592 1389 1656 1429 in-

31 1443 34 1448 *
67 1458 213 1498 sanius
246 1457 409 1505 fuisset,
458 1457 500 1496 in
539 1456 614 1497 tali
654 1456 940 1510 descriptione
980 1457 1142 1498 militiae
1175 1457 1231 1498 ab
1263 1458 1465 1499 universo
1497 1458 1656 1511 populo

68 1541 120 1568 ex
153 1540 283 1568 censu
315 1528 376 1568 rei
407 1526 592 1580 publicae
624 1528 883 1579 praestandae
921 1529 994 1569 uni
1034 1528 1159 1569 alicui
1198 1529 1341 1581 generi
1383 1528 1656 1570 commodam

67 1598 263 1639 militiam
311 1601 353 1639 et
399 1598 613 1639 lucrosam
662 1599 934 1639 constituere.
1020 1599 1168 1651 Itaque
1217 1612 1367 1640 omnes
1416 1601 1657 1640 consentire

68 1669 240 1719 debent,
273 1669 389 1725 illam
421 1670 649 1722 pecuniam
681 1669 812 1710 talem
845 1669 990 1719 fuisse,
1024 1671 1073 1709 ut
1104 1682 1189 1710 non
1221 1669 1504 1722 locupletaret
1537 1671 1657 1723 equi-

66 1742 145 1787 tes,
179 1739 256 1780 sed
287 1742 485 1792 sumptus
518 1739 737 1780 faciendos
770 1740 952 1788 levaret;
986 1740 1114 1792 idque
1147 1741 1237 1792 ipse
1263 1741 1327 1781 vir
1351 1740 1657 1781 celeberrimus

68 1810 273 1862 sequitur,
322 1823 453 1862 quum
488 1811 653 1863 quaerit,
703 1811 774 1862 qui
805 1812 928 1851 tanta
970 1824 1141 1851 summa
1179 1824 1288 1863 opus
1329 1824 1422 1852 esse
1456 1812 1655 1863 potuerit.

67 1881 111 1921 in
143 1894 227 1933 quo
259 1881 373 1933 quod
407 1882 498 1922 eius
524 1882 778 1922 coniecturis
802 1881 974 1930 addam,
1008 1894 1094 1922 non
1119 1881 1274 1923 habeo.
1322 1882 1385 1922 Ne
1414 1882 1457 1922 id
1482 1882 1657 1934 quidem

68 1947 407 1992 consentaneum
440 1954 517 2001 est,
551 1952 714 1992 nullum
748 1952 826 1993 hos
859 1965 937 2004 pro
970 1953 1165 2004 portione
1198 1965 1305 1993 onus
1339 1952 1501 1993 militiae
1529 1954 1656 1994 susti-

67 2023 211 2063 nuisse
244 2035 331 2063 una
364 2035 460 2063 cum
494 2024 646 2063 ceteris
680 2022 857 2063 civibus.
921 2023 1070 2074 Itaque
1102 2023 1174 2064 illa
1206 2024 1389 2076 pecunia
1416 2037 1502 2064 non
1527 2024 1657 2065 aliam

68 2094 153 2133 vim
192 2092 357 2142 habuit,
407 2106 536 2145 quam
577 2096 624 2134 ut
664 2093 707 2133 id
747 2095 1060 2145 compensaret,
1110 2094 1225 2146 quod
1264 2095 1364 2148 plus
1411 2108 1537 2149 quam
1575 2108 1657 2148 pro

60 2164 252 2217 portione
278 2177 422 2205 census
454 2164 584 2216 equiti
610 2164 852 2204 necessario
877 2164 1182 2205 insumendum
1208 2167 1334 2205 esset.
1390 2164 1502 2214 Quid
1530 2166 1658 2218 igitur

67 2234 280 2286 prohibet,
329 2235 432 2287 quin
480 2236 667 2287 equitem
717 2235 769 2275 de
818 2248 895 2275 suo
943 2236 1016 2275 aut
1058 2248 1180 2287 aeque
1221 2235 1406 2276 multum
1446 2238 1519 2276 aut
1561 2236 1656 2288 plus

68 2317 197 2356 quam
230 2305 380 2357 primae
414 2306 561 2346 classis
593 2306 782 2358 peditem
815 2305 1097 2357 insumpsisse
1130 2306 1173 2346 in
1205 2306 1400 2347 militiam
1426 2308 1656 2358 putemus?

106 2479 134 2523 ¹)
162 2481 227 2515 Vel
251 2481 373 2525 potius
400 2492 443 2515 ex
469 2481 537 2515 hoc
563 2481 649 2515 solo.
707 2480 796 2514 Nam
823 2480 914 2514 Livii
940 2481 1050 2515 verba
1075 2481 1100 2521 I,
1127 2480 1190 2515 43:
1228 2483 1314 2515 Hoee
1345 2484 1467 2516 omnia
1500 2485 1535 2515 in
1570 2484 1658 2516 dites·

162 2552 185 2574 a
209 2541 436 2584 pauperibus
468 2541 641 2574 inclinata
673 2549 782 2573 onera
814 2550 895 2573 eam
928 2539 1018 2581 vim,
1052 2550 1162 2583 quam
1194 2540 1237 2574 iis
1269 2539 1395 2574 tribuit
1430 2540 1486 2582 (H.
1513 2541 1555 2574 R.
1583 2541 1597 2574 Ι
1622 2552 1655 2585 p.

161 2596 255 2641 454),
282 2609 355 2632 non
381 2610 468 2633 sane
495 2599 640 2633 habent.
690 2597 816 2641 Neque
841 2597 937 2631 enim
964 2608 1074 2632 onera
1100 2599 1176 2632 sola
1209 2598 1294 2633 dicit
1328 2599 1412 2643 equi
1447 2599 1589 2634 emendi
1622 2603 1658 2634 et

161 2657 291 2698 alendi,-
317 2668 436 2701 neque
462 2669 483 2692 a
508 2657 727 2701 pauperibus
753 2656 946 2700 equitibus.
996 2657 1119 2701 Ipsum
1147 2657 1312 2692 additum
1339 2660 1461 2692 omnia
1487 2658 1655 2698 ostendit,

162 2727 256 2757 eum,
284 2716 446 2760 exposita
463 2716 702 2760 descriptione
727 2715 851 2759 populi
877 2716 921 2749 ad
947 2715 1125 2757 militiam,
1153 2717 1197 2750 de
1223 2716 1468 2760 superioribus
1491 2717 1657 2751 universe

162 2774 239 2808 haec
271 2775 415 2809 addere.
472 2774 604 2809 Omnia
640 2774 724 2808 belli
762 2773 971 2817 militiaeque
1005 2785 1116 2808 onera
1148 2778 1389 2819 sumptusque
1423 2775 1603 2819 graviores
1637 2787 1657 2809 a

162 2833 382 2877 pauperibus
408 2833 445 2867 in
471 2833 562 2867 dites
587 2833 778 2867 inclinatos
804 2832 898 2866 dicit.
941 2833 1067 2876 Itaque
1093 2834 1216 2868 statim
1241 2834 1427 2877 subiungit
1445 2845 1517 2868 non
1535 2834 1657 2868 minus

163 2891 392 2935 generaliter:
425 2893 561 2926 Deinde
586 2898 637 2925 est
661 2894 770 2926 honos
795 2893 950 2932 additus,
978 2902 1093 2935 eaque
1119 2893 1229 2933 addit,
1257 2903 1338 2936 quae
1364 2903 1437 2926 non
1465 2893 1584 2926 minus
1612 2893 1656 2926 ad

162 2950 326 2994 peditum
353 2962 463 2995 quam
489 2951 535 2985 ad
562 2951 725 2995 equitum
752 2950 933 2984 centurias
958 2950 1173 2994 pertineant.

1333 3009 1374 3042 50

1678 1685 1710 1708 84
