1915 3235
836 143 920 185 223

84 276 199 329 quod
247 278 394 317 contra
432 273 746 327 peregrinitatis
786 273 1005 314 notionem
1052 286 1130 325 per
1177 274 1472 325 exceptionem
1522 274 1672 315 datum

84 348 209 396 esset,
243 346 469 387 ostendere
501 344 605 385 mihi
637 344 825 397 primum
857 344 1070 392 videntur,
1104 356 1200 396 quae
1233 343 1285 384 de
1311 344 1472 385 Latinis
1497 347 1539 386 et
1561 345 1673 386 Her-

83 417 188 458 nicis
221 417 410 457 subactis
443 429 469 456 a
500 407 618 456 Livio
651 415 898 456 scribuntur
930 413 1051 466 (VIII,
1096 413 1162 462 14,
1196 414 1265 463 IX,
1299 412 1386 466 43),
1437 428 1533 467 quae
1566 429 1672 468 quo-

85 487 213 529 modo
246 486 570 539 interpretanda
601 488 764 538 putem,
813 487 913 525 ante
953 484 1052 534 dixi,
1102 484 1180 525 etsi
1220 485 1361 537 ipsum
1396 485 1563 526 Livium
1595 487 1673 528 01)-

85 571 207 599 scure
239 558 429 599 locutum
462 557 515 598 de
547 569 592 597 re
624 569 779 609 parum
811 555 1027 596 intellecta
1059 551 1246 606 credo¹),
1282 555 1436 596 deinde
1469 570 1599 609 grave
1631 557 1675 598 in

85 628 160 669 tali
206 641 251 669 re
299 628 491 669 omnium
539 626 789 668 Latinorum
845 629 887 667 et
934 625 1181 667 Graecorum
1234 628 1392 678 praeter
1440 627 1674 669 Diodorum

85 699 238 740 silentii
285 699 600 747 testimonium,
650 710 702 738 ex
749 698 905 749 quibus
952 709 1100 744 nemo,
1149 709 1282 748 quum
1331 697 1675 750 frequentissime

83 783 241 811 nexum
275 769 573 810 Romanorum
617 770 659 808 et
698 767 963 809 coloniarum
1002 770 1353 816 commemorent,
1402 768 1530 809 huius
1574 781 1675 810 con-

84 840 310 881 iunctionis
343 839 605 880 mentionem
639 838 751 888 fecit,
784 851 924 890 neque
956 837 1031 878 ubi
1064 838 1261 878 universe
1295 838 1385 878 eius
1417 839 1477 879 rei
1508 840 1676 880 occasio

85 913 190 957 erat,
223 913 270 951 ut
302 910 344 951 in
376 910 576 951 omnibus
609 910 671 957 iis,
706 922 802 961 quae
835 908 888 949 de
921 908 1105 949 excitato
1137 908 1181 948 in
1213 908 1336 949 sociis
1370 909 1468 950 inde
1493 923 1518 951 0
1544 910 1676 951 Grac-

87 981 261 1022 chorum
296 983 423 1022 aetate
457 980 598 1021 studio
631 980 813 1020 civitatis
847 978 1173 1031 consequendae,
1223 979 1275 1019 de
1320 979 1529 1021 Romanis
1568 994 1676 1022 non—

85 1052 210 1093 nullis
242 1052 341 1092 huic
374 1051 515 1092 studio
548 1050 806 1099 faventibus,
857 1050 909 1090 de
950 1049 1073 1090 sociis
1115 1050 1222 1090 urbe
1264 1050 1379 1090 exire
1419 1051 1544 1091 iussis
1586 1054 1676 1092 tra-

86 1123 258 1171 duntur,
307 1124 381 1163 aut
427 1122 471 1162 in
517 1121 579 1171 iis,
631 1134 727 1174 quae
775 1121 917 1161 Livius
965 1120 1018 1160 de
1066 1119 1240 1161 coloniis
1288 1121 1449 1161 Latinis
1490 1121 1532 1161 in
1576 1121 1677 1162 belli

85 1193 234 1234 Punici
266 1192 440 1234 secundi
473 1191 652 1233 historia
685 1191 802 1241 dixit,
836 1203 976 1243 neque
1008 1190 1066 1231 ita
1100 1192 1147 1231 ut
1171 1191 1324 1243 aliquis
1352 1204 1443 1231 rem
1470 1206 1520 1233 eo
1546 1194 1678 1245 perti-

85 1267 260 1305 nentem
304 1276 406 1304 casu
449 1263 678 1315 attingeret
716 1262 759 1302 in
798 1261 976 1302 alicuius
1009 1261 1193 1302 hominis
1227 1262 1357 1302 rebus
1390 1260 1677 1315 narrandisff)

85 1334 399 1376 Firmissimum
433 1336 498 1374 est
528 1335 676 1374 tamen
716 1345 813 1373 mea
852 1331 1066 1372 sententia
1105 1335 1422 1384 argumentum.
1472 1334 1587 1385 quod
1628 1346 1679 1374 ex

85 1404 135 1446 iis
182 1405 428 1446 hominibus
477 1403 657 1449 ducitur,
707 1416 890 1455 quorum
937 1405 1074 1443 status
1123 1405 1273 1455 postea
1313 1403 1367 1443 ad
1408 1403 1676 1445 coloniarum

86 1476 337 1517 Latinarum
372 1475 666 1516 condicionem
699 1473 977 1515 similitudine
1010 1473 1153 1525 aliqua
1179 1475 1441 1526 compositus
1468 1477 1545 1516 est.
1594 1474 1679 1516 Sed

86 1547 168 1588 hoc
199 1546 328 1600 paulo
360 1545 596 1598 longiorem
629 1545 964 1598 disputationem
999 1546 1041 1585 et
1073 1544 1127 1584 ad
1160 1544 1376 1586 inferiora.
1418 1558 1549 1597 quam
1582 1559 1677 1598 quae

87 1617 229 1658 adhuc
262 1617 493 1669 attigimus,
542 1616 603 1657 rei
641 1616 824 1668 publicae
864 1616 1074 1656 Romanae
1115 1618 1312 1667 tempora
1345 1615 1679 1657 descendentem

87 1688 289 1741 postulat.
353 1687 495 1738 Quum
541 1700 690 1729 omnes
734 1690 900 1728 veteres
944 1687 1108 1727 Latinae
1149 1686 1325 1727 eoloniae
1358 1686 1449 1739 lege
1483 1687 1586 1727 Iulia
1621 1686 1677 1739 (a.

89 1756 162 1811 90)
194 1758 238 1799 in
271 1759 488 1799 civitatem
520 1758 766 1799 Romanam
800 1760 983 1810 receptae
1025 1760 1181 1807 essent,
1222 1758 1416 1810 proximo
1455 1771 1567 1798 anno
1601 1757 1676 1798 Cn.

87 1828 320 1882 Pompeius
344 1829 499 1870 Strabo
523 1829 671 1870 consul
704 1829 795 1881 lege
827 1828 914 1869 lata
947 1828 1107 1881 oppida
1140 1828 1299 1880 aliquot
1335 1828 1482 1869 Galliae
1516 1829 1679 1869 Trans-

90 1900 273 1952 padana?
307 1901 349 1940 in
382 1900 644 1941 coloniarum
676 1913 834 1940 nomen
866 1902 908 1940 et
936 1899 1001 1940 ius
1024 1899 1228 1947 traduxit,
1263 1912 1349 1940 non
1372 1900 1492 1939 novis
1521 1899 1679 1940 colonis

182 2091 429 2132 maqnitndessne
455 2090 662 2121 divitiarum
693 2098 838 2121 uxorem
864 2089 967 2120 dna-it
999 2088 1126 2121 Otacili
1151 2088 1400 2130 Maleventam',
1430 2093 1465 2121 ut
1492 2093 1566 2121 tum
1591 2089 1681 2121 diee-

182 2148 326 2190 bantnr,
351 2149 474 2190 filiam,
503 2158 540 2179 ea
570 2148 781 2189 condicione,
812 2152 857 2189 ut,
885 2148 947 2189 qui
966 2148 1111 2189 primus
1139 2151 1245 2179 ηαΐῑιε
1264 2151 1361 2188 esset,
1381 2148 1604 2189 Jffoenomine
1623 2148 1683 2179 aci

182 2209 338 2240 materni
364 2207 558 2240 aneriecs
585 2206 839 2248 appellaretur.
890 2205 1025 2239 Verum
1059 2205 1154 2248 quod
1187 2205 1267 2248 quis
1300 2216 1344 2238 ex
1375 2205 1443 2239 hac
1475 2205 1682 2239 narratione

183 2265 333 2299 forsitan
361 2265 561 2305 concludat,
601 2264 785 2305 evertitur,
825 2265 919 2307 quod
953 2267 1035 2308 post
1061 2263 1197 2297 cladem
1227 2263 1501 2298 Cremerensem
1528 2262 1573 2305 (a.
1600 2262 1682 2305 477)

184 2324 369 2368 aliquanto
395 2325 476 2368 plus
511 2334 619 2367 quam
653 2323 826 2357 saeculum
858 2322 1069 2363 intercessit,
1109 2326 1307 2366 antequam
1340 2322 1457 2356 ullum
1489 2322 1583 2356 inter
1614 2322 1682 2355 Ro-

183 2393 311 2417 manos
338 2386 373 2417 et
398 2383 669 2417 Maleventanos
701 2382 817 2416 foedus
852 2393 928 2416 esse
960 2384 1092 2425 posset,
1131 2385 1181 2422 ut,
1220 2381 1250 2415 si
1288 2381 1396 2415 modo
1434 2381 1571 2424 aliquid
1609 2380 1682 2414 veri

185 2442 320 2483 subest,
347 2442 529 2486 singulare
555 2441 692 2485 aliquid
719 2451 865 2474 necesse
892 2440 937 2474 sit
963 2441 1000 2474 in
1026 2441 1086 2474 illo
1113 2440 1263 2474 Otacilio
1291 2440 1469 2474 acciderit.

127 2497 156 2542 ²)
183 2500 261 2535 Vid.
288 2512 398 2545 supra
423 2512 457 2545 p.
483 2500 561 2534 235.
602 2500 719 2534 Possit
744 2503 868 2533 tamen
894 2499 1016 2543 aliqua
1042 2510 1125 2533 cum
1152 2499 1270 2543 specie
1297 2499 1375 2541 dici,
1402 2499 1496 2533 inter
1522 2509 1594 2540 eos,
1621 2498 1684 2542 qui

184 2559 279 2593 cives
305 2559 382 2593 sine
407 2559 577 2603 suffragio
603 2558 680 2593 fieri
707 2558 820 2592 coacti
854 2561 984 2601 essent,
1023 2561 1058 2592 et
1084 2569 1156 2600 eos,
1194 2569 1216 2592 a
1248 2558 1378 2602 quibus
1411 2557 1527 2591 avulsi
1553 2560 1683 2597 essent,

184 2618 262 2652 tolli
288 2618 511 2653 connubium
536 2618 706 2662 potuisse,
733 2620 773 2652 ut
799 2616 933 2650 sensim
952 2616 1253 2661 disiungerentur,
1281 2620 1316 2651 et
1333 2620 1457 2650 tamen
1476 2616 1572 2650 idem
1590 2615 1685 2649 inter

186 2676 281 2711 cives
307 2677 492 2711 Romanos
518 2676 730 2720 suffragium
748 2676 924 2710 habentes
942 2678 977 2709 et
995 2686 1056 2709 eos
1073 2676 1238 2720 populos,
1265 2675 1327 2720 qui
1346 2686 1429 2709 suas
1447 2686 1503 2709 res
1522 2674 1684 2719 publicas

185 2735 393 2777 retinerent,
420 2735 585 2780 relinqui.

129 2790 158 2836 ²)
183 2793 227 2828 M.
255 2794 446 2838 Antonius,
472 2795 516 2829 M.
543 2793 722 2829 triumviri
749 2796 863 2838 pater,
888 2792 1139 2833 Numitoriam,
1165 2792 1279 2826 filiam
1305 2791 1346 2834 Q.
1371 2792 1561 2826 Numitorii
1579 2791 1683 2829 Pulli,

186 2852 396 2896 Fregellani,
423 2854 485 2897 qui
510 2843 665 2897 patriam
692 2864 712 2886 a
738 2852 913 2886 Romanis
939 2851 1165 2885 deficientem
1191 2850 1359 2895 prodidit,
1386 2861 1536 2885 uxorem
1558 2849 1685 2883 habuit

186 2909 272 2953 (Cic.
299 2911 452 2956 Philipp.
481 2912 539 2953 III,
567 2912 598 2953 6,
627 2910 702 2953 17);
742 2911 804 2944 sed
830 2910 1072 2944 Numitorium
1098 2913 1180 2954 post
1205 2909 1446 2954 proditionem
1473 2909 1589 2943 civem
1615 2908 1684 2942 fac·

187 2972 266 3004 tum
293 2980 382 3011 esse,
409 2970 560 3005 dubium
586 2981 659 3004 non
686 2973 750 3004 est.

1699 1414 1749 1440 2⁷6
