1915 3235
924 107 1007 147 174

98 260 147 283 214
168 254 316 282 secure
350 240 526 289 adscita,
571 251 753 291 quorum
786 237 922 277 multa
965 237 1057 289 ipse
1098 237 1249 288 postea
1289 233 1543 287 repudiavit,
1585 235 1627 274 et
1659 233 1760 275 olim

105 1459 155 1483 ‘215

169 312 327 352 tradita
359 324 445 352 non
477 310 587 350 bene
620 304 1031 361 permiscuerunt1);
1080 307 1123 347 in
1159 306 1318 355 multis,
1358 307 1418 355 ut,
1460 305 1576 357 quod
1607 304 1759 354 sentio,

170 383 322 431 dicam,
357 380 554 421 desidero
587 379 856 420 subtiliorem
889 377 1098 418 sermonis
1130 377 1286 417 Veteris
1313 376 1598 428 cognitionem
1632 378 1675 416 et
1705 375 1762 416 ad

170 453 259 493 eius
293 452 406 504 leges
439 452 697 503 scriptorum
724 449 840 490 locos
866 450 990 489 caute
1016 447 1256 500 explicandi
1280 446 1581 498 tractandique
1608 448 1760 486 artem.

170 523 355 564 Omnino
390 524 549 565 autem.
598 533 694 573 quae
735 519 790 560 sit
826 518 987 559 utiliter
1019 519 1223 571 opinandi
1255 519 1299 559 in
1331 517 1619 569 antiquissimi
1650 518 1761 557 tem-

169 595 284 646 poris
332 593 537 633 institutis
583 592 707 640 ratio,
756 603 911 643 parum
960 589 1255 630 considerasse
1303 589 1515 629 videntur.
1589 588 1651 628 Ea
1698 589 1763 628 est

171 665 285 705 enim
318 664 493 704 demum
525 664 644 703 recta
676 661 880 714 opinatio,
915 673 1024 713 quae,
1065 660 1258 713 profecta
1291 660 1346 700 ab
1380 659 1564 700 evidenti
1600 658 1762 699 refuta-

170 737 285 777 tione
317 734 503 787 vulgaris
535 733 794 774 narrationis
828 731 1082 784 plerumque
1119 730 1205 771 iam
1239 730 1372 783 ipsius
1405 730 1688 782 discrepantis
1722 732 1764 770 et

172 805 426 847 testimoniis
471 803 690 852 convictae,
740 803 927 844 collectis
971 804 1013 843 et
1055 802 1304 855 ponderatis
1349 801 1618 851 testimoniis,
1668 814 1764 854 quae

174 880 289 917 certa
323 889 415 917 esse
458 877 500 916 et
537 874 702 927 antiqui
745 873 907 926 aliquid
954 874 1172 914 continere
1219 872 1460 921 videantur,
1510 875 1552 912 et
1599 871 1764 912 indiciis

173 947 380 988 obscuris.
422 946 609 998 primum
648 947 741 986 haec
775 947 817 986 et
850 945 1017 997 singula
1048 944 1330 997 probabiliter
1364 943 1548 996 explicat
1581 945 1623 983 et
1654 942 1766 983 inter

173 1018 460 1066 seconciliat,
496 1019 587 1057 tum
620 1016 675 1057 ab
708 1029 853 1057 rerum
886 1018 1044 1057 natura
1077 1017 1118 1056 et
1143 1016 1246 1058 eius,
1282 1015 1334 1055 de
1360 1027 1446 1066 qua
1473 1014 1624 1066 agitur,
1660 1015 1765 1054 aeta-

173 1090 225 1129 tis
258 1089 427 1141 ingenio
458 1101 544 1129 non
578 1087 764 1137 aberrat,
799 1087 954 1128 deinde
988 1086 1207 1128 subsecuti
1234 1085 1439 1138 temporis
1472 1085 1766 1126 institutorum

172 1159 415 1200 naturalem
438 1158 644 1211 originem
669 1171 721 1199 ex
743 1158 814 1199 illa
848 1161 992 1199 vetere
1026 1158 1165 1199 forma
1198 1159 1239 1198 et
1264 1169 1541 1209 progressum
1565 1155 1766 1209 vestigia-

173 1243 254 1282 que
301 1230 449 1270 relicta
497 1230 785 1279 demonstrat,
834 1232 927 1270 tum
975 1229 1034 1269 ita
1081 1229 1268 1269 universi
1315 1230 1451 1268 status
1493 1227 1657 1279 antiqui
1696 1240 1766 1268 ra-

172 1302 333 1342 tionem
381 1301 527 1349 habet,
576 1303 623 1341 ut
670 1314 756 1342 non
803 1314 939 1341 unum
986 1300 1041 1341 ab
1090 1300 1225 1340 altero
1273 1299 1499 1351 discrepet,
1548 1302 1767 1351 postremo

173 1372 373 1421 ostendit,
408 1373 480 1424 qui
512 1371 675 1412 factum
708 1372 775 1421 sit,
809 1374 856 1412 ut
890 1371 1012 1412 aliter
1045 1371 1170 1424 vulgo
1204 1371 1462 1411 traderetur.

296 1443 386 1483 Iam
419 1441 453 1483 si
487 1443 671 1496 exempli
705 1456 836 1484 causa
869 1455 954 1483 una
987 1442 1131 1494 aliqua
1170 1455 1248 1482 nec
1280 1454 1417 1494 parva
1448 1453 1549 1493 pars
1582 1438 1768 1492 antiqui-

173 1514 274 1555 tatis
312 1514 525 1555 Romanae
567 1514 832 1555 nominanda
873 1516 949 1563 est,
1000 1513 1118 1553 cuius
1159 1512 1341 1565 cognitio
1380 1511 1441 1552 ita
1479 1511 1769 1552 recentiorum

175 1585 538 1638 disputationibus
572 1585 719 1626 adiuta
752 1585 818 1633 sit,
855 1587 901 1625 ut
932 1586 1081 1625 tamen
1114 1586 1157 1624 et
1188 1585 1352 1624 restent
1374 1595 1462 1624 non
1486 1594 1625 1634 pauca
1649 1594 1768 1633 quae-

174 1656 309 1696 renda
343 1658 384 1696 et
416 1657 617 1696 universa
649 1657 711 1697 rei
745 1655 984 1708 explicatio,
1020 1655 1200 1695 sublatis
1234 1654 1495 1695 abolitarum
1519 1651 1768 1705 opinionum

174 1727 377 1780 reliquiis,
411 1727 532 1768 novis
565 1728 748 1768 inventis
782 1727 893 1768 inter
925 1739 971 1767 se
996 1725 1229 1767 conciliatis
1256 1727 1298 1766 et
1322 1724 1609 1777 amplificatis,
1645 1723 1767 1776 quasi

175 1798 474 1851 componenda
507 1798 572 1848 sit,
607 1799 791 1839 occurrit
822 1799 917 1850 ipsa
948 1797 1115 1849 imperii
1140 1796 1327 1837 Romani
1359 1795 1440 1837 sub
1472 1795 1598 1836 unius
1622 1793 1771 1847 populi

176 1869 412 1919 dominatu,
439 1871 609 1910 servato
634 1870 824 1922 partium
850 1868 1107 1917 discrimine,
1143 1867 1421 1909 coalescentis
1448 1865 1768 1918 conglutinatio,

175 1940 485 1992 hominumque
519 1942 559 1981 et
592 1940 797 1989 locorum,
833 1939 988 1992 quibus
1021 1939 1063 1979 id
1097 1938 1337 1988 constabat,
1373 1937 1546 1978 diversa
1578 1935 1769 1977 condicio

177 2014 218 2051 et
250 2011 329 2052 ius.

272 2163 372 2197 initio
399 2163 653 2206 disputationis
680 2174 754 2197 suae
782 2162 829 2207 (p.
849 2163 908 2205 26)
935 2174 1072 2204 eorum,
1100 2163 1160 2206 qui
1187 2163 1321 2195 civibus
1339 2162 1416 2195 iure
1434 2161 1632 2201 inferiores,
1659 2159 1772 2194 servis

272 2226 394 2255 tamen
422 2226 456 2256 et
476 2224 681 2266 pet-cyrini&
707 2222 911 2266 superiores
943 2225 1073 2260 essent,
1113 2222 1188 2255 haec
1222 2221 1383 2265 quinque
1415 2231 1546 2264 genera
1578 2219 1680 2264 ponit
1705 2218 1772 2252 hoc

274 2281 350 2324 ipso
377 2281 511 2322 ordine,
540 2283 751 2325 Municipes,
779 2283 941 2324 Latinos,
968 2282 1125 2323 Italicos,
1157 2282 1314 2323 Colonos,
1344 2281 1598 2314 Provinciales.
1650 2278 1772 2320 Quum

274 2340 490 2373 Ammianus
528 2340 757 2374 Marcellinus
790 2339 894 2382 (XVI,
927 2339 964 2381 ὦ)
1001 2341 1096 2384 leges
1133 2340 1197 2373 XII
1235 2340 1443 2373 tabularum
1482 2347 1772 2372 commemorans

274 2400 409 2443 aliquid
442 2400 485 2433 de
512 2400 699 2441 axonibus,
739 2400 775 2433 in
815 2399 946 2443 quibus
986 2399 1126 2443 scriptae
1159 2402 1262 2432 erant
1294 2399 1390 2442 leges
1423 2397 1575 2438 Solonis,
1615 2396 1771 2436 dixisset,

274 2458 330 2492 hic
351 2459 526 2501 populum
553 2461 735 2493 Assonum
761 2458 879 2493 effecit
906 2460 952 2502 (p.
981 2457 1073 2500 105).
1125 2457 1263 2491 Similia
1289 2461 1418 2491 cetera.
1457 2456 1535 2490 Non
1562 2455 1772 2499 attigissem,

275 2518 342 2551 nisi
369 2518 465 2550 hunc
498 2518 631 2551 librum
658 2518 868 2555 Heerenius,
908 2518 947 2551 V.
976 2518 1036 2558 CL,
1075 2517 1207 2561 scripta
1239 2516 1450 2561 praefatione
1483 2514 1774 2549 commendasset

275 2581 309 2610 et
337 2577 395 2610 alii
423 2577 494 2610 iam
522 2577 683 2615 citarent,
711 2581 751 2610 ut
777 2577 898 2621 plures
924 2577 969 2610 ad
996 2580 1140 2620 tempus
1166 2576 1202 2609 in
1229 2587 1270 2610 eo
1297 2576 1448 2619 legendo
1474 2575 1531 2608 vel
1553 2574 1661 2608 etiam
1680 2572 1773 2607 refu-

276 2637 385 2670 tando
412 2636 639 2679 perdendum
666 2636 809 2669 invitari
836 2636 1038 2669 videantur.

219 2694 247 2736 1)
273 2696 327 2729 Fit
354 2696 389 2728 id
415 2706 509 2738 saepe
536 2695 572 2728 in
599 2706 640 2728 eo
666 2695 768 2735 libro,
808 2706 917 2738 quem
951 2695 987 2728 in
1020 2697 1213 2728 comment.
1241 2693 1284 2727 de
1311 2693 1387 2726 loco
1414 2692 1594 2726 Ciceronis
1620 2691 1657 2724 in
1683 2690 1773 2724 libro

278 2755 323 2788 IV
355 2755 398 2788 de
425 2754 467 2788 R.
495 2754 531 2787 P.
560 2754 842 2788 commemoravi
876 2765 985 2798 supra
1016 2766 1048 2797 p.
1079 2753 1132 2787 73.
1191 2750 1284 2795 [Non
1317 2752 1439 2785 deerat
1471 2751 1539 2784 hoc
1570 2751 1648 2784 loco
1680 2760 1773 2783 nova

277 2813 451 2857 querendi
478 2813 657 2853 materies,
685 2813 793 2847 etiam
821 2814 864 2846 de
892 2813 943 2853 iis,
972 2813 1033 2856 qui
1059 2824 1079 2846 a
1100 2811 1294 2845 Niebuhrio
1321 2810 1573 2844 dissentientes
1599 2809 1677 2843 aliis
1697 2819 1773 2842 rem

278 2873 393 2906 modis
420 2871 574 2916 aggressi
601 2875 702 2909 sunm
729 2872 791 2905 sed
819 2883 861 2905 ea
887 2883 984 2905 nunc
1010 2883 1083 2905 non
1109 2875 1200 2905 utor.
1252 2867 1370 2911 1834]
