1915 3235
849 100 950 142 501*

100 233 213 275 Usus
246 236 310 273 est
342 233 488 273 autem
519 231 600 272 hoc
642 230 733 271 loco
778 233 820 271 et
862 230 988 271 simul
1031 229 1127 279 alio,
1177 229 1219 270 in
1261 242 1346 282 quo
1389 232 1454 270 est
1496 234 1687 283 expetunt

94 304 255 358 perisse
302 302 373 355 (de
415 315 513 357 quo!
541 306 640 342 ante
681 298 797 353 dixi),
848 305 935 341 tum
985 299 1137 350 Ovidii,
1185 299 1229 340 in
1275 312 1360 352 quo
1408 302 1473 341 est
1518 300 1687 352 poetica

100 374 246 415 aoristi
277 372 459 414 imitatio
493 370 760 424 (quanquam
792 373 885 412 tum
911 370 1132 411 Walchius
1164 383 1218 411 ne
1250 370 1365 411 hunc
1392 369 1580 422 quidem,
1614 370 1687 423 qui

101 446 178 494 est,
226 444 433 484 aoristum
465 441 609 483 vocari
641 440 846 494 volebat),
895 441 951 482 ad
983 440 1303 482 defendendum
1335 441 1476 481 locum
1510 453 1686 493 corrup—

100 516 191 555 tum
224 514 267 554 in
299 512 491 554 eiusdem
526 512 631 552 Livii
662 511 735 552 lib.
760 512 795 552 II
828 525 863 553 c.
889 512 965 552 24:
998 525 1070 552 nee
1093 525 1227 565 posse,
1260 524 1385 566 quum
1408 511 1540 552 hostes
1553 524 1687 565 prope

105 584 330 638 adportas
362 587 503 635 essent,
552 581 652 622 bello
682 583 948 635 praevertisse
989 584 1221 637 quiequam,
1269 595 1352 630 nee,
1400 582 1438 622 si
1475 582 1529 622 sit
1567 582 1686 623 laxa-

102 655 229 696 menti
275 653 450 708 aliquid,
500 657 572 694 aut
609 652 724 706 plebi
769 652 982 693 honestum
1021 666 1116 705 esse,
1159 653 1243 693 nisi
1280 652 1465 692 mercede
1505 657 1685 706 accepta,

102 738 225 766 (erma
247 738 331 779 pro
354 725 507 778 patria
538 736 620 764 non
651 724 815 776 cepisse,
855 736 982 777 neque
1006 723 1205 777 patribus
1242 723 1345 763 satis
1377 722 1570 764 decorum
1603 725 1683 764 cet.

98 796 274 837 Frustra
306 794 528 836 Walchius
560 794 629 834 hic
661 793 850 846 confugit
888 793 944 834 ad
980 793 1043 834 rei
1075 793 1284 834 absolutae
1317 792 1685 846 significationem,

100 879 196 919 quae
227 866 272 907 in
302 866 416 907 hunc
448 865 589 906 locum
621 864 739 905 nullo
771 864 901 905 modo
934 864 1060 915 cadit,
1094 865 1168 905 ubi
1189 877 1276 905 non
1299 862 1686 917 (quemadmodum

98 937 140 978 in
165 936 349 978 Cornelii
373 936 564 977 Eumene
588 937 631 976 et
654 935 742 976 Liv.
761 935 967 985 XXXVII,
1004 934 1088 987 19),
1123 934 1296 987 quando
1321 934 1424 986 quid
1447 934 1686 987 perfectum

99 1020 192 1048 esse
227 1007 375 1059 possit,
425 1005 575 1059 agitur,
624 1005 701 1047 sed
740 1006 842 1058 quid
880 1018 996 1046 nunc
1026 1005 1215 1058 primum
1248 1005 1493 1046 faciendum
1526 1005 1581 1046 sit
1612 1008 1688 1046 aut

99 1077 238 1119 fuerit.
308 1077 472 1118 Deinde
517 1077 633 1118 aliud
676 1079 740 1117 est
782 1076 987 1117 orationis
1027 1076 1198 1124 vitium3
1245 1088 1346 1116 nam
1395 1078 1438 1116 et
1485 1080 1686 1117 constans

99 1148 203 1189 Livii
235 1162 328 1189 mos
361 1148 404 1189 in
435 1147 655 1189 reddendo
688 1146 877 1199 longiore
909 1149 1058 1187 tenore
1091 1147 1241 1187 alienae
1284 1147 1490 1187 orationis
1531 1145 1609 1199 (ita
1640 1148 1688 1187 ut

98 1219 312 1260 sententia
342 1232 429 1260 non
460 1218 654 1271 proxime
693 1217 882 1270 pendeat
924 1230 949 1257 a
991 1218 1124 1258 verbo
1166 1216 1303 1269 finito)
1353 1219 1394 1257 et
1435 1216 1562 1258 huius
1606 1216 1686 1258 loci

100 1290 238 1331 forma
271 1288 400 1343 (curse
433 1303 515 1330 esse
540 1287 737 1342 pambus
769 1287 957 1340 ostendit,
998 1293 1041 1328 ut
1073 1288 1314 1329 consulatur
1353 1290 1394 1328 et
1431 1300 1552 1328 mox:
1600 1301 1685 1340 nee,

97 1362 134 1401 si
171 1362 225 1402 sii
267 1361 496 1402 laxamenti
543 1357 722 1414 aliquid)
764 1358 1033 1411 postulabat,
1082 1361 1130 1399 ut
1171 1358 1431 1399 scriberetur
1473 1361 1567 1399 aut:
1616 1372 1687 1399 nee

92 1445 210 1485 posse
254 1429 417 1484 (nunc),
457 1445 582 1486 quum
614 1430 745 1470 hostes
769 1443 902 1483 prope
935 1429 992 1469 ad
1016 1434 1167 1483 portas
1205 1430 1331 1479 sini,
1371 1431 1447 1470 aut
1479 1428 1550 1482 (de
1585 1441 1685 1470 con-

98 1502 190 1544 silio
223 1505 363 1555 capto,
404 1515 538 1555 quum
575 1503 716 1542 metus
750 1500 819 1542 ille
853 1501 976 1542 alteri
1009 1499 1308 1542 deliberationi
1346 1498 1685 1552 intervenisset):

100 1587 171 1614 nee
195 1574 393 1627 potuisse,
433 1586 559 1628 quum
592 1595 647 1600 —-
680 1577 821 1613 essent.
884 1572 1034 1624 Itaque
1067 1574 1108 1612 et
1139 1571 1345 1612 mendum
1380 1583 1475 1611 esse
1507 1572 1611 1622 puto
1645 1573 1687 1611 et

99 1645 188 1685 eius
221 1644 369 1685 sedem
402 1657 489 1685 non
520 1643 563 1684 in
587 1644 866 1697 prcerertisse,
901 1643 1017 1695 quod
1048 1655 1175 1683 nemo
1198 1655 1276 1694 pro
1291 1641 1495 1695 prcezterti
1526 1653 1686 1693 suppo-

97 1716 256 1757 siturus
291 1718 395 1765 erat,
436 1715 519 1755 sed·
549 1714 592 1754 in
617 1727 738 1767 posse
769 1713 918 1754 teneri.
982 1713 1042 1754 Eo
1075 1713 1246 1753 sublato
1280 1712 1390 1753 effici
1422 1711 1515 1752 haec
1547 1711 1687 1752 forma

98 1789 287 1839 poterat:
320 1791 472 1827 *metum
496 1798 579 1839 pro
614 1785 807 1825 universa
834 1798 877 1825 re
892 1798 939 1838 p.
967 1784 1230 1824 interemisse
1238 1798 1255 1835 ,-
1288 1796 1372 1834 nee,
1406 1796 1531 1837 quemn
1555 1782 1686 1822 hostes

94 1871 226 1911 prope
267 1857 324 1897 cccl
355 1861 505 1911 portas
545 1860 686 1907 esseni,
728 1855 827 1895 bello
859 1855 1125 1908 prcerertisse
1164 1854 1399 1909 quicquam,
1440 1866 1524 1905 nee,
1564 1853 1602 1893 si
1632 1853 1686 1893 sit

99 1930 178 1969 cet.
241 1927 327 1968 Sed
358 1940 438 1968 nec
469 1927 711 1968 subiectum
745 1923 924 1979 (patres)
957 1924 1080 1966 facile
1115 1937 1137 1965 e
1161 1924 1453 1977 superioribus
1481 1920 1686 1976 petiturl)

98 2011 177 2040 nec
206 1998 353 2039 mendi
397 1998 514 2051 origo
553 1999 747 2050 apparet.
809 1996 958 2048 Itaque
1007 1995 1142 2052 multo
1189 1995 1282 2036 haec
1320 1996 1499 2047 praestat
1539 2006 1687 2034 emen-

103 2069 241 2110 datio:
274 2083 346 2109 vnec
378 2083 514 2120 coss„
548 2081 673 2123 quemn
706 2071 848 2119 esseni,
883 2065 917 2106 b.
943 2079 990 2119 χ).
1024 2082 1074 2120 <lu
1116 2080 1187 2107 nee
1221 2069 1299 2106 cet.
1361 2065 1555 2105 Primum
1588 2064 1686 2105 Ser-

98 2140 234 2182 vilius,
269 2139 370 2192 quid
402 2140 493 2192 ipse
527 2142 569 2180 et
601 2138 775 2190 collega,
809 2137 967 2190 publici
1001 2137 1163 2178 consilii
1194 2136 1502 2185 moderatores,
1535 2148 1686 2176 neces-

99 2210 210 2251 sario
243 2210 433 2260 fecerint,
468 2210 589 2258 dicit;
623 2208 790 2257 deinde,
826 2207 994 2249 etiamsi
1027 2208 1226 2260 exiguum
1260 2220 1285 2248 a
1318 2207 1417 2248 belli
1442 2220 1544 2248 cura
1568 2207 1685 2248 laxa-

98 2280 231 2321 menti
264 2281 330 2329 sit,
364 2293 504 2334 neque
536 2280 651 2333 plebi
682 2292 823 2331 neque
855 2278 1050 2330 patribus
1073 2280 1303 2319 honestum
1327 2290 1432 2328 esse,
1466 2290 1580 2318 nunc
1602 2277 1686 2319 alia

99 2347 225 2404 agi.‘2)
303 2349 384 2403 [De
442 2350 702 2393 correctione
760 2350 883 2390 aliter
938 2362 1051 2390 nunc
1097 2348 1251 2390 iudico.
1328 2348 1422 2389 Vid.
1463 2348 1555 2389 Em.
1596 2347 1685 2389 Liv.

99 2436 139 2474 p.
175 2421 263 2475 72]

139 2573 163 2613 ¹)
190 2574 301 2608 Video
328 2575 495 2616 dubitari,
529 2585 575 2608 an
602 2573 805 2608 subiectum
833 2571 879 2605 sit
904 2573 1104 2615 quiequam.
1156 2571 1225 2605 Sed
1256 2582 1314 2605 res
1332 2573 1520 2614 prcevertit
1544 2572 1599 2604 rei
1623 2570 1687 2604 La—

193 2633 310 2667 tinum
337 2644 409 2667 non
444 2637 507 2667 est.
558 2633 609 2666 Ex
641 2632 782 2666 duobus
819 2630 937 2665 Plauti
974 2630 1071 2671 locis,
1110 2641 1200 2674 quos
1239 2630 1441 2664 Schellerus
1478 2630 1612 2670 laudat,
1650 2629 1687 2663 in

194 2692 306 2726 altero
339 2691 533 2736 (Amphitr.
561 2692 601 2732 V,
629 2691 659 2731 1,
694 2689 764 2731 H),
802 2689 865 2723 ubi
903 2689 1045 2722 dativus
1083 2699 1155 2722 non
1193 2692 1257 2730 est,
1288 2691 1476 2732 prcevertit
1512 2687 1688 2732 significat

188 2753 371 2795 prm-alet,
404 2753 509 2785 vincit
535 2749 610 2792 (cfr.
639 2749 768 2783 Schell.
795 2748 815 2780 2
843 2759 861 2781 θ
888 2751 923 2781 θῖ
949 2747 1017 2782 Cic.
1045 2747 1112 2782 Off.
1140 2748 1188 2781 III
1214 2746 1234 2790 ξ
1261 2746 1355 2788 102),
1387 2747 1541 2781 alterum
1569 2745 1687 2780 Schel-

193 2810 289 2843 lerus
314 2809 391 2854 ipse
416 2809 545 2844 melius
572 2807 764 2853 expedivit.

138 2866 165 2909 ²)
191 2868 232 2902 In
257 2872 467 2903 transcursu
492 2869 601 2902 velim
627 2868 664 2901 in
689 2866 780 2900 Livii
805 2866 883 2900 loco
909 2865 1047 2899 attendi
1080 2866 1123 2899 ad
1157 2865 1416 2905 anacoluthon;
1455 2874 1542 2898 nam
1573 2873 1686 2907 quum

194 2927 388 2961 dicendum
414 2930 524 2961 esset:
565 2937 673 2970 neque
705 2930 782 2959 (cut
809 2925 907 2968 plebi
931 2926 1113 2959 honestum
1139 2935 1211 2958 esse
1236 2942 1279 2946 ——
1308 2929 1383 2957 aut
1402 2923 1573 2966 patribus
1597 2922 1688 2955 satis

1707 735 1757 759 127
