1915 3235
812 108 896 149 319

61 241 224 281 lacunae
257 239 361 280 nihil
401 239 609 279 extricare
647 238 852 290 potuisse.
916 234 1083 289 (Neque
1123 235 1474 288 supplementum
1514 235 1652 274 totum

61 311 250 364 spatium
296 310 340 350 in
386 308 617 351 Parisiensi
665 307 809 349 codice
865 307 1058 360 explere,
1114 306 1352 358 Krarupius
1410 304 1653 352 annotavit;

60 382 214 422 vellem
248 381 368 429 scire,
403 381 615 432 quantum
647 378 728 419 hoc
760 376 847 430 sit.)
895 377 1006 418 Nam
1038 389 1198 418 nomen
1230 375 1454 417 hominum
1489 377 1530 416 et
1553 387 1653 427 pro-

61 465 221 493 nomen
252 451 480 492 relativum
519 449 563 490 in
602 449 903 501 supplemento
950 461 1037 489 non
1084 449 1196 496 sunt,
1247 446 1538 498 confiteorque
1586 457 1654 486 me

60 522 238 572 nescire,
273 521 388 562 unde
420 521 550 561 homo
582 519 908 568 audacissimus,
943 517 1016 570 qui
1047 517 1221 558 ineunte
1255 517 1412 558 saeculo
1440 516 1534 557 XVI
1558 519 1655 569 post

62 594 223 646 primas
257 592 465 633 editiones
499 604 596 631 cum
637 590 761 631 codd.
802 589 1097 642 conspirantes
1137 588 1229 629 haec
1268 588 1328 628 ita
1367 586 1656 639 interpolavit,

62 667 110 705 ut
141 664 268 714 vulgo
302 663 500 711 eduntur,
544 662 744 715 Coponios
775 660 867 701 illos
900 659 1032 700 fuisse
1063 658 1268 708 rescierit,
1317 658 1370 699 de
1403 671 1488 710 quo
1520 657 1657 697 nemi-

62 747 162 775 nem
194 735 480 786 interpretum
511 745 565 773 ne
599 732 733 773 verbo
777 731 951 784 quidem
985 730 1219 771 admonere
1252 729 1390 770 video.
1455 728 1658 769 Edendus

64 807 128 846 est
170 804 297 857 igitur
343 803 586 845 necessario
634 803 751 844 locus
799 802 880 842 hoc
927 800 1038 841 tristi
1086 803 1288 853 aspectu:
1344 799 1464 840 Titus
1514 799 1659 839 Caius-

64 889 139 930 (sae
169 874 191 898 *
225 874 246 898 *
279 875 307 927 †
341 876 453 915 omni
485 887 576 914 cam
609 873 801 914 doctrina
840 872 958 912 homo
1002 871 1452 926 atqaehumaiiiiatis.
1516 871 1562 910 In
1595 870 1658 917 iis,

64 959 159 998 quae
192 948 290 998 post
322 945 562 986 Weiskium
603 943 786 985 Orellius
824 944 976 991 tentat,
1025 942 1431 994 reprehendendum
1472 941 1661 981 maxime

64 1020 141 1067 est,
176 1017 293 1069 quod
323 1016 454 1057 teneri
485 1015 746 1055 humanitate
777 1027 855 1067 pro
881 1026 944 1062 eo,
979 1012 1095 1065 quod
1119 1014 1184 1053 est
1208 1012 1485 1053 humanitatis
1510 1011 1659 1061 studio,

65 1090 107 1128 et
154 1087 287 1128 teneri
325 1087 532 1127 communi
570 1085 762 1126 doctrina
802 1084 855 1125 de
887 1084 951 1133 iis,
1001 1083 1073 1135 qui
1121 1084 1407 1124 communiter
1456 1083 1661 1124 doctrinae

65 1158 281 1207 studeant,
317 1157 403 1198 dici
435 1156 580 1206 voluit,
617 1158 765 1197 contra
798 1168 924 1196 usum
958 1156 1168 1195 sermonis
1201 1154 1355 1195 Latini.

184 1229 228 1270 C.
266 1229 332 1278 13,
366 1229 422 1269 3⁶2
455 1228 533 1269 etsi
566 1229 731 1268 rectum
765 1228 843 1275 est,
885 1225 1001 1277 quod
1033 1225 1193 1266 editur:
1244 1224 1332 1278 Sin,
1377 1226 1457 1265 ista
1491 1225 1664 1265 muliere

66 1304 237 1350 remota,
285 1312 414 1354 neque
453 1300 610 1339 crimen
641 1299 777 1339 ullam
806 1311 877 1338 nec
909 1288 1003 1350 opes
1036 1296 1093 1336 ad
1125 1295 1455 1350 oppatqnandam.
1491 1295 1661 1336 Ccelimn

65 1370 151 1410 illis
197 1370 504 1425 relinquemur,
557 1372 706 1410 tamen
764 1368 1066 1409 auctoritatem
1120 1367 1320 1420 exiguam
1373 1366 1528 1415 habet,
1586 1378 1665 1406 nec

66 1440 225 1482 mutari
257 1441 418 1490 debuit,
469 1440 583 1493 quod
615 1441 658 1480 in
700 1439 931 1481 Parisiensi
970 1439 1114 1480 codice
1153 1438 1320 1491 legitur,
1377 1438 1666 1492 relinquontw·
1704 1450 1735 1474 ει

67 1510 409 1566 (relinquamur),
444 1512 558 1552 unde
591 1512 852 1564 reliquorum
887 1511 1123 1563 scripturas
1158 1508 1291 1561 (velut
1316 1508 1545 1549 Bernensis
1579 1507 1665 1560 pri—

67 1584 152 1623 oris
185 1585 228 1623 et
260 1583 345 1624 Erf.
380 1580 689 1637 relinquantm)
729 1585 846 1623 ortas
886 1594 981 1622 esse
1022 1583 1154 1633 patet.
1218 1580 1305 1620 Iam
1351 1592 1437 1620 non
1477 1581 1566 1619 tam
1614 1578 1666 1619 de

69 1656 225 1694 eventu
258 1654 520 1695 defensionis
555 1667 685 1706 quam
720 1654 772 1694 de
805 1655 921 1694 statu
956 1665 1098 1693 causae
1133 1650 1246 1702 dicit,
1288 1653 1335 1690 ut
1368 1651 1668 1704 relinquuntur

67 1724 171 1765 nihil
205 1725 293 1766 fere
325 1725 443 1766 aliud
475 1725 529 1779 sit
561 1738 691 1776 quam
718 1729 929 1777 praterea
961 1727 1069 1763 sunt.

187 1795 470 1836 Levissimum
504 1798 580 1839 est,
631 1795 927 1835 annotandum
963 1796 1122 1842 tamen,
1172 1792 1375 1845 quoniam
1421 1792 1476 1832 ad
1520 1805 1665 1832 veram

69 1866 273 1908 orationis
308 1866 490 1908 formam
526 1866 724 1919 pertinet,
774 1878 809 1905 c.
847 1865 910 1912 14,
957 1864 1011 1904 33
1057 1876 1107 1904 ex
1151 1863 1273 1903 codd.
1317 1861 1465 1915 (etiam
1500 1861 1666 1913 Paris),

69 1937 201 1978 immo
235 1937 364 1978 etiam
399 1951 450 1978 ex
490 1937 587 1978 edd.
621 1939 724 1977 vett.
758 1935 1033 1976 scribendum
1075 1947 1189 1975 esse:
1238 1934 1408 1974 remiss-e
1448 1938 1483 1974 et
1523 1934 1669 1973 leniter

70 2013 105 2048 et
137 2007 309 2057 arbane,
345 2012 390 2049 ut
423 2008 559 2049 simile
593 2009 647 2049 sit
679 2006 969 2059 superiorum:
1003 2018 1139 2045 severe
1172 2009 1207 2045 et
1236 2005 1425 2058 graviter
1458 2009 1494 2043 et
1514 2005 1667 2057 μνέων.

70 2079 157 2119 Nec
196 2092 274 2131 per
312 2092 357 2120 se
395 2081 510 2120 recte
551 2093 599 2119 ac
637 2078 707 2119 illo
746 2078 838 2117 loco
878 2077 1133 2128 ponebatur,
1185 2075 1350 2116 variata
1397 2075 1488 2115 sine
1539 2088 1669 2115 causa

71 2150 367 2191 membrorum
404 2150 717 2191 coniunctione.

189 2220 336 2270 Venio,
387 2210 502 2273 quod
550 2220 714 2261 dudum
763 2218 1005 2270 cupiebam,
1056 2217 1111 2257 ad
1152 2216 1498 2257 emendationem
1541 2217 1670 2268 paulo

71 2290 311 2342 graviorem
357 2291 437 2332 loci
480 2289 735 2343 perturbati.
805 2289 914 2329 Nam
950 2301 984 2328 e.
1022 2288 1087 2336 15,
1138 2288 1192 2327 36
1240 2288 1333 2328 haec
1382 2287 1589 2339 leguntur
1629 2287 1672 2327 in

73 2360 311 2411 codicibus,
360 2362 517 2414 quibus
564 2361 707 2402 verbis
754 2360 928 2412 fingitur
975 2358 1148 2400 Clodius
1197 2358 1353 2399 sororis
1400 2357 1581 2398 nimium
1630 2358 1672 2398 in

74 2430 202 2473 Caelio
235 2433 441 2474 sectando
475 2431 666 2473 studium
699 2426 959 2483 improbare,
994 2442 1135 2471 mores
1161 2428 1562 2481 impudicitiamque
1586 2441 1673 2469 non

73 2501 343 2554 improbans:
387 2503 580 2543 Vicimmi
613 2502 961 2543 adolescentulum
994 2500 1243 2554 adspexisti:
1283 2499 1443 2540 candor
1481 2499 1606 2539 haias
1638 2503 1673 2538 te

76 2577 112 2613 et
135 2575 385 2627 proceritas,
427 2574 562 2614 vultus
594 2573 779 2627 oculique
803 2572 1083 2626 pepuleranw
1126 2571 1280 2624 scepius
1312 2569 1453 2610 videre
1486 2569 1672 2609 voluisti:

73 2642 197 2696 fuisti
228 2658 527 2699 nonnunquam
561 2645 601 2684 2'72
643 2643 789 2684 iisdem
834 2643 966 2683 hortis
1008 2642 1098 2682 visa
1141 2640 1290 2681 nobilis
1332 2641 1506 2680 mulier:
1554 2640 1670 2679 illum

73 2713 405 2767 filiumfamilias
429 2720 555 2770 patre
586 2728 720 2769 pareo
761 2728 809 2753 ac
847 2714 982 2753 tenaci
1023 2712 1174 2753 habere
1215 2712 1298 2752 tais
1341 2711 1468 2764 copiis
1512 2710 1673 2750 (lez-inc-

77 2789 163 2824 tum
194 2798 276 2825 aon
300 2791 442 2839 pote3;
474 2786 678 2837 calcitrat,
715 2784 884 2838 respuit,
918 2797 1000 2824 non
1025 2787 1151 2837 putat
1182 2787 1255 2823 tua
1289 2782 1403 2823 dona
1437 2796 1518 2822 esse
1552 2782 1672 2822 tanti.

77 2855 124 2896 In
156 2856 221 2897 his
254 2856 357 2897 illud
387 2856 511 2909 fai-sti
545 2878 597 2882 —
636 2856 735 2904 nisa,
769 2854 858 2895 sive
891 2854 1106 2907 seiungas,
1141 2854 1244 2903 visa,
1279 2854 1530 2905 corruptum
1565 2865 1672 2899 esse,

78 2927 350 2979 perspicuum
388 2929 451 2968 est
484 2925 588 2978 [vid.
622 2925 732 2966 infra
766 2925 799 2966 ΙΙ
833 2938 874 2977 p.
909 2925 993 2966 218
1028 2923 1163 2977 sqq.];
1211 2937 1360 2964 verum
1405 2923 1487 2964 alia
1528 2922 1675 2975 gravia
