1915 3235
99 2087 149 2113 335

922 103 1006 144 668

167 235 424 281 censuerunt,
466 231 535 272 alii
570 231 755 284 denique
788 230 1043 284 voluermzt);
1084 232 1151 281 III,
1187 232 1239 273 21
1276 231 1329 285 (et
1362 246 1409 273 ea
1442 246 1469 272 a
1493 232 1677 286 perditis
1707 233 1764 273 oi-

167 301 284 342 vibus
314 304 496 354 uterque
530 302 678 352 codeX,
720 303 875 344 similia
908 303 999 351 alii;
1040 315 1187 343 veram
1222 303 1501 356 scripturam:
1543 308 1579 344 et
1610 317 1657 343 ea
1684 315 1764 357 per

167 373 272 425 cipes
303 374 479 413 tuentur
512 372 680 414 codices
713 373 880 423 Mureti,
923 374 1086 423 Goion„
1126 373 1309 423 Fabric.,
1350 374 1518 424 Salisb.,
1560 373 1631 415 alii
1669 374 1764 426 qui-

167 442 289 492 dam3
332 443 545 484 nonnulli:
591 457 639 484 ea
663 457 745 497 per
785 445 890 485 cives
921 445 983 484 vel
1021 443 1178 485 civibus
1208 443 1429 498 perditis);
1473 445 1539 493 IV,
1573 445 1601 485 4
1640 443 1763 498 (Teg.

167 515 206 553 et
241 513 311 554 alii
344 514 415 554 sed
447 518 639 554 tenentur
670 515 717 567 ii,
751 516 834 568 qui,
875 515 1016 555 Rhen.
1051 516 1093 555 et
1125 515 1223 556 Par.
1262 528 1372 556 unus
1412 520 1602 556 tenentur
1641 516 1763 568 enim,

167 585 237 638 qui
268 597 346 637 pro
379 589 569 625 tenentur
601 586 647 637 ii,
681 586 773 640 qm}
808 586 850 626 in
883 586 976 627 aliis
1009 588 1094 626 est:
1127 591 1318 627 tenentur
1349 599 1443 627 vero
1477 587 1521 639 ii,
1555 585 1662 640 ιμιί);
1696 586 1762 635 IV,

171 656 222 695 13
256 654 379 708 (Teg.
414 656 482 696 ille
515 670 617 698 arus
650 656 822 698 Lentuli
854 658 979 698 etiam
1012 670 1112 709 pro:
1155 657 1226 697 ille
1258 657 1382 698 etiam
1416 658 1459 697 et
1490 657 1604 698 idem
1636 656 1766 709 paulo

166 727 284 778 post:
332 726 399 766 hie
432 726 634 768 Lentulus
664 741 742 781 pro
775 726 872 780 hic).
936 727 1043 768 Haec
1075 728 1147 780 qui
1180 727 1527 778 consideraverit,
1576 741 1630 768 ne
1661 727 1766 769 illud

167 796 341 848 quidem
375 797 605 848 dubitabit,
647 798 750 851 quin
784 799 828 840 in
860 801 968 840 orat.
1002 799 1018 839 I
1051 797 1074 850 ἓ
1108 798 1134 839 5
1167 798 1315 840 Cicero
1348 798 1579 852 scripserit,
1619 801 1667 840 ut
1699 801 1766 841 est

167 867 207 907 in
243 867 398 909 Salisb.
433 870 475 909 et
508 869 752 910 Coloniensi
786 869 1042 922 duobusque
1076 871 1288 921 praeterea
1329 868 1488 923 (Graev.
1522 871 1561 920 2,
1597 870 1689 911 cod.
1723 869 1767 911 S.

168 938 416 980 Einmerani
450 940 567 992 apud
600 939 967 992 Steinmetzium):
1009 940 1115 981 Tum
1149 940 1325 995 denique
1357 940 1618 994 interficiere,
1652 940 1768 993 quod

168 1011 315 1050 autem
347 1010 391 1050 in
424 1011 576 1052 ceteris
610 1012 776 1064 legitur,
812 1011 1042 1052 crudeliter
1075 1013 1117 1051 et
1148 1011 1444 1053 inhumaniter
1475 1011 1638 1053 dictum
1669 1013 1769 1053 tan-

169 1094 299 1132 quam
334 1094 359 1121 a
393 1082 612 1123 carnifice:
650 1082 900 1135 interficiam
934 1087 983 1131 te,
1018 1095 1043 1122 a
1075 1081 1252 1123 librario
1284 1082 1568 1124 substitutum
1601 1083 1668 1131 sit,
1702 1083 1770 1124 cui

168 1154 267 1204 post
298 1153 522 1205 superiora
555 1153 646 1194 illa:
689 1167 758 1208 690
794 1176 845 1180 ——-
881 1152 1062 1193 noudum
1106 1152 1308 1205 adducor,
1348 1158 1393 1194 ut
1422 1153 1586 1206 faciam
1618 1155 1771 1207 aperta

169 1224 211 1263 et
245 1222 406 1264 directa
440 1224 577 1265 oratio
611 1224 748 1277 magis
781 1224 991 1276 placuerit
1025 1237 1155 1275 quam
1190 1225 1342 1265 cautus
1376 1224 1591 1266 Ciceronis
1618 1225 1769 1266 flexus.

169 1292 442 1346 Omninoque
481 1295 754 1348 intelligetur,
795 1295 1084 1348 principatum
1129 1294 1171 1335 in
1213 1295 1278 1335 his
1321 1296 1588 1337 orationibus
1627 1295 1771 1349 potius

169 1365 225 1405 ad
273 1364 647 1418 Salisburgensem
704 1369 746 1407 et
802 1365 1101 1407 Coloniensem
1159 1366 1293 1407 videri
1348 1366 1630 1407 deferendum
1678 1379 1772 1407 esse

170 1448 301 1487 quam
334 1436 391 1476 ad
422 1436 516 1478 illos
559 1437 681 1478 duos.
746 1437 831 1478 Sed
871 1437 943 1489 qui
983 1450 1130 1477 rursus
1171 1437 1539 1487 animadverterit,
1587 1437 1632 1478 in
1663 1439 1771 1478 orat.

170 1506 223 1546 IV
256 1504 278 1558 ξ
315 1506 368 1547 15
401 1507 732 1548 insulsissimum
775 1509 1213 1560 interpretamentum
1254 1507 1305 1548 ab
1347 1521 1488 1549 amore
1527 1507 1674 1549 debitae
1698 1521 1773 1561 pe-

169 1578 303 1618 σηπία),
336 1580 436 1618 ante
476 1579 611 1619 verba
655 1578 706 1619 ab
751 1580 1048 1632 exspectatione
1092 1579 1215 1619 sortis
1258 1578 1300 1618 in
1343 1578 1488 1619 codice
1531 1577 1774 1620 Coloniensi

170 1647 234 1701 (ut
266 1648 309 1689 in
341 1649 490 1701 paucis
522 1648 752 1702 praeterea)
785 1649 1087 1702 interpositum
1122 1661 1215 1689 esse
1239 1647 1522 1701 (quanquam,
1556 1649 1600 1689 in
1620 1648 1771 1701 ipsone

170 1719 320 1760 ordine
358 1719 586 1761 verborum
620 1719 909 1772 perscriptum
951 1720 1092 1768 fuerit,
1142 1732 1229 1760 non
1268 1732 1446 1772 prorsus
1488 1717 1688 1772 constat),
1736 1719 1772 1760 is

170 1790 222 1831 de
256 1791 457 1832 omnibus
491 1791 710 1831 codicibus
743 1790 799 1840 id,
834 1790 949 1843 quod
983 1803 1115 1842 supra
1148 1790 1247 1839 dixi,
1281 1803 1432 1830 verum
1466 1803 1561 1831 esse
1594 1789 1771 1831 confite-

169 1861 306 1910 bitum
339 1862 541 1914 idemque
574 1861 780 1902 iudicium
814 1860 1141 1902 confirmabitur
1173 1861 1217 1901 in
1249 1863 1358 1902 orat.
1384 1861 1400 1901 I
1433 1859 1456 1913 ἓ
1492 1861 1558 1910 19,
1592 1860 1666 1901 ubi
1693 1873 1772 1913 pro

170 1932 226 1972 ad
259 1931 335 1972 Μ’.
370 1931 591 1986 Lepidum,
641 1932 757 1985 quod
798 1933 928 1973 trium
973 1932 1355 1984 grammaticorum
1394 1930 1641 1973 testimonio
1681 1944 1774 1972 Ser-

170 2004 317 2043 vatum
352 2006 428 2051 est,
463 2003 521 2043 illi
553 2004 719 2044 habent
751 2002 867 2057 apud
890 2002 967 2043 Μ’.
992 2002 1200 2056 Lepidum
1233 2002 1353 2056 (nam
1388 2003 1442 2043 de
1473 2002 1631 2043 Mureti
1657 2001 1775 2042 codi—

171 2073 290 2114 cibus
324 2073 488 2114 incerta
519 2087 588 2115 res
622 2073 724 2126 est);
757 2076 851 2115 tum
884 2073 1022 2126 magis
1056 2073 1186 2114 etiam
1210 2071 1291 2125 1Ιὲ
1315 2074 1384 2123 20,
1418 2074 1493 2114 ubi
1516 2073 1582 2114 his
1606 2072 1774 2113 verbis:

170 2160 218 2184 ea:
250 2144 304 2185 iis
335 2145 519 2198 coloniis,
568 2159 672 2200 quas
711 2144 832 2185 Sulla
872 2145 1082 2186 constituit
1120 2145 1164 2186 in
1203 2144 1404 2186 omnibus
1438 2144 1657 2185 codicibus
1691 2142 1768 2184 ad-

169 2214 370 2255 scribitur
402 2215 779 2267 perversissimum
812 2215 1249 2268 interpretamentum
1283 2214 1460 2256 Fesulas
1494 2213 1616 2269 (quas
1643 2212 1769 2254 Feszc-

169 2286 234 2325 las·
266 2284 418 2337 Sulla),
468 2286 549 2327 nisi
589 2286 705 2338 quod
742 2286 786 2326 in
824 2287 974 2339 paucis
1016 2286 1279 2339 quibusdam
1311 2285 1470 2326 nullius
1504 2283 1770 2326 auctoritatis

171 2357 389 2397 codicibus
422 2357 706 2398 substitutum
739 2359 806 2398 est
841 2353 1064 2409 Fesulis.¹)
1112 2357 1264 2409 Itaque
1295 2356 1361 2397 his
1393 2355 1497 2397 locis
1524 2355 1772 2397 admonitus

207 2495 234 2536 ¹)
261 2497 393 2531 Tenuit
432 2498 607 2532 mendum
646 2497 816 2531 Klotzius.
880 2496 1059 2541 Quicquid
1099 2497 1143 2531 de
1181 2499 1270 2531 orat.
1297 2496 1345 2530 III
1379 2494 1469 2538 §14
1508 2494 1701 2535 statuitur,
1740 2494 1774 2528 id

264 2555 412 2600 quidem
440 2556 676 2590 manifestum
703 2559 768 2594 est,
808 2556 875 2590 hoc
908 2556 987 2590 loco
1020 2556 1056 2590 in
1096 2556 1202 2590 tertio
1228 2566 1359 2600 genere
1385 2554 1659 2589 coniuratorum
1685 2552 1776 2587 Cati-

263 2615 346 2649 linae
374 2626 447 2649 non
474 2615 670 2649 Fesulanos
696 2615 854 2655 colonos,
893 2615 955 2649 sed
983 2615 1152 2648 Sullanos
1184 2614 1335 2649 omnino
1369 2612 1660 2654 commemorari,
1699 2622 1776 2653 nec,

265 2675 408 2709 etiamsi
440 2674 568 2708 Latine
602 2674 760 2708 dicatur:
799 2675 893 2707 duas
931 2675 1087 2708 colonias
1125 2675 1278 2708 Fesuzas
1316 2674 1526 2707 constitutas
1567 2682 1650 2710 esse,
1689 2670 1777 2704 item

265 2734 353 2768 dici:
387 2745 431 2767 ear:
462 2735 509 2767 iis
534 2735 690 2776 coloniis,
717 2744 808 2776 quas
833 2734 986 2766 Fesulas
1015 2733 1118 2767 Sulla
1143 2734 1375 2766 constituerit.
1430 2730 1554 2765 Orellii
1579 2730 1616 2764 in
1643 2728 1776 2763 talibus

262 2792 350 2826 locis
378 2792 667 2836 suspiciunculas
693 2792 737 2825 de
757 2791 888 2826 Tirone
909 2791 1006 2835 piget
1030 2801 1329 2831 commemorare,
1358 2789 1424 2824 etsi
1444 2789 1620 2833 attingam
1640 2790 1776 2832 postea.

264 2851 315 2884 De
341 2850 405 2885 illo
433 2854 555 2885 autem
583 2850 696 2884 tertiae
722 2849 894 2884 orationis
923 2850 1002 2883 loco
1029 2849 1080 2883 sic
1107 2849 1319 2883 habendum
1345 2851 1409 2889 est,
1437 2847 1579 2882 etiamsi
1601 2846 1701 2881 Sulla
1719 2845 1775 2879 bis

265 2909 441 2944 coloniam
491 2909 639 2943 Fesulas
684 2908 890 2942 deduxisset
936 2907 1048 2952 (quod
1093 2919 1222 2953 parum
1266 2907 1414 2942 omnino
1464 2904 1701 2951 probabiliter
1739 2902 1777 2937 in

264 2969 395 3013 oppido
439 2979 511 3002 non
549 2978 680 3011 magno
718 2965 897 3010 fingitur),
943 2970 1065 3001 tamen
1115 2966 1318 3001 necessario
1355 2968 1549 3008 utramque
1586 2963 1623 2997 in
1663 2972 1775 2996 unam
