1915 3235
104 1651 155 1677 355

933 96 1020 137 684

184 224 430 278 Te—-flevit;
479 224 596 274 illud,
645 228 805 278 praeter
837 225 1163 276 Buttmannum,
1212 239 1299 268 non
1330 227 1568 270 admodum
1601 242 1774 272 curasse

178 296 394 346 videntur,
443 308 680 349 quamnam
723 296 1025 337 admirabilem
1065 297 1290 338 sententiae
1328 301 1371 339 et
1403 298 1654 341 elocutionis
1687 301 1773 342 vim

177 366 312 408 verba
343 366 415 408 illa
448 366 682 416 haberent3
716 368 833 420 quod
864 370 1011 409 autem
1043 367 1232 409 maxime
1264 368 1484 411 offendere
1511 370 1714 421 debebat,
1748 385 1774 414 a

175 437 294 479 nullo
326 437 452 479 video
485 440 762 487 annotatum;
811 451 908 491 quae
942 440 1007 480 est
1039 438 1151 479 enim
1184 438 1278 480 haec
1310 440 1525 482 scribendi
1561 441 1699 483 forma
1733 445 1775 484 et

175 507 326 561 figura,
375 512 435 559 ut,
484 522 619 562 quum
666 508 956 559 Quintilianus
1003 509 1089 550 vim
1137 509 1310 562 grandis
1353 513 1536 553 oratoris
1576 513 1774 555 universe

176 578 398 632 significet,
449 582 567 621 certa
600 579 803 632 quaedam
837 580 941 621 certi
973 579 1154 621 oratoris
1187 580 1322 622 verba
1354 581 1410 622 ab
1444 595 1494 624 eo
1528 583 1693 625 dictum
1724 583 1775 624 iri

174 652 353 692 narret?
400 650 512 692 Nam
545 651 588 692 in
622 650 916 704 superioribus
950 664 1000 692 ea
1032 664 1135 692 usus
1168 654 1261 693 erat
1291 652 1472 703 ratione,
1508 655 1554 694 ut
1585 653 1774 706 primum

175 721 374 762 universe
408 721 581 773 diceret,
617 722 720 775 quid
752 722 820 763 hic
853 725 998 764 orator
1025 735 1210 764 ausurus
1235 714 1361 773 e'sset,
1396 723 1551 765 deinde
1577 724 1774 778 exempla

176 794 293 833 certa
315 792 509 843 adderet,
543 795 592 834 ut
613 793 829 846 proxime:
862 793 929 834 hic
963 816 1015 820 —
1049 792 1233 844 deducet,
1266 796 1361 835 tum
1383 794 1629 848 exemplum
1654 795 1775 848 ponit

175 863 519 905 Ciceronianum.
583 864 810 906 Postremo
842 864 885 905 in
917 863 980 914 iis,
1025 877 1120 917 quae
1154 864 1253 906 huic
1285 865 1378 906 loco
1409 866 1606 918 proxime
1639 866 1773 908 subii-

176 935 358 985 ciuntur,
400 937 516 976 recte
556 935 813 988 interpretes
853 934 1102 976 desiderant
1134 934 1374 976 subiectum
1409 937 1530 978 verbi
1562 942 1772 992 sequetnr;

179 1006 327 1059 itaque
359 1005 603 1048 Obrechtus
638 1005 805 1047 addidit
838 1005 1028 1055 auditam
1076 1005 1364 1057 Burmannus,
1414 1007 1518 1060 quid
1560 1008 1788 1049 sententia-

174 1077 427 1130 postularet,
478 1079 716 1126 assecutus,
764 1076 919 1118 iudicis
955 1089 1114 1118 nomen
1146 1076 1360 1130 interponi
1392 1077 1580 1119 volebat.
1648 1078 1772 1120 Criti-

175 1161 323 1189 corum
356 1149 729 1202 interpretumque
762 1147 1078 1189 dubitationem
1109 1158 1197 1188 non
1228 1161 1387 1189 vanam
1428 1162 1533 1199 esse,
1577 1149 1772 1191 codicum

175 1219 363 1261 ostendit
395 1219 626 1269 dissensus,
677 1219 749 1272 qui
786 1221 935 1260 tamen
973 1219 1032 1260 ita
1072 1218 1332 1272 discrepant,
1380 1222 1428 1260 ut
1459 1220 1772 1262 vetustissimos

174 1291 395 1344 sequendo
429 1291 485 1332 ad
515 1304 666 1332 veram
698 1290 956 1343 scripturam
988 1289 1203 1343 perveniri
1234 1289 1383 1343 possit.
1447 1290 1621 1333 Ceteros
1646 1292 1773 1345 igitur

175 1362 440 1413 omittamus,
482 1362 729 1403 Turicensis
761 1362 854 1403 haec
886 1361 1039 1403 habet:
1078 1361 1118 1402 72.
1153 1359 1243 1414 (sie,
1283 1374 1370 1402 una
1402 1361 1563 1415 littera)
1603 1362 1706 1404 dicit
1737 1368 1772 1404 te

173 1433 290 1474 iudet
322 1434 548 1488 appellavit
581 1438 616 1474 et
646 1433 759 1486 flevit
799 1437 835 1474 et
868 1446 946 1486 per
987 1446 1125 1473 omnes
1158 1432 1329 1485 affectus
1360 1437 1565 1474 tractatus
1596 1433 1663 1474 hie
1693 1434 1771 1474 ita-

175 1519 251 1560 que
297 1505 398 1546 illae
443 1509 635 1559 sequetur
673 1518 801 1559 neque
840 1503 979 1544 doceri
1018 1501 1294 1551 desiderabit3
1342 1502 1577 1545 Florentini
1625 1506 1771 1546 autem

174 1577 269 1617 haec
302 1578 367 1617 est
399 1575 632 1629 scriptura:
673 1575 740 1616 hie
779 1575 923 1615 (licant
955 1580 991 1615 te
1022 1574 1133 1615 videt
1165 1574 1392 1627 appellavit
1423 1578 1459 1615 et
1487 1574 1601 1627 flevit
1632 1580 1668 1616 et
1690 1590 1772 1630 per

175 1661 313 1688 omnes
353 1646 525 1700 affectus
564 1650 774 1686 tractatui·
813 1646 880 1687 bie
918 1647 1057 1701 itaque
1095 1645 1195 1686 illice
1234 1650 1424 1699 sequetur
1464 1648 1543 1687 cet.
1607 1646 1669 1687 Ex
1707 1647 1772 1688 his

174 1718 268 1759 haec
302 1717 485 1758 efficitur
518 1717 683 1770 optima
717 1716 942 1769 scriptura,
976 1716 1057 1757 nisi
1090 1715 1205 1769 quod
1228 1715 1281 1756 de
1306 1729 1389 1757 uno
1411 1716 1624 1759 vocabulo
1648 1717 1773 1758 dubi-

174 1789 281 1830 tatio
313 1791 481 1829 manet:
518 1788 610 1829 Hoc
641 1787 799 1828 (licente
831 1787 958 1827 iudex
991 1786 1089 1840 (hoc
1111 1786 1372 1828 vocabulum
1393 1786 1462 1828 hic
1484 1787 1620 1829 latere
1643 1787 1773 1830 etiam

174 1859 465 1901 Buttmannus
498 1859 631 1900 sensit
662 1859 706 1899 in
744 1860 847 1899 nota
881 1855 1117 1910 exegetica)
1151 1855 1286 1910 [deos]
1327 1857 1553 1911 appellabit
1592 1863 1628 1900 et
1663 1859 1776 1912 flebit

175 1936 211 1972 et
245 1945 327 1985 per
369 1944 508 1971 omnes
551 1929 725 1983 affectus
768 1933 927 1970 tractus
968 1928 1047 1968 huc
1091 1932 1212 1982 atque
1253 1928 1353 1969 illae
1383 1934 1587 1983 sequetur.
1651 1929 1775 1983 (Haec

177 2004 371 2043 extrema
403 2001 619 2043 vocabula
660 2000 815 2041 eadem
854 1999 1020 2041 ratione
1059 2012 1085 2040 a
1124 1999 1373 2040 Burmanno
1413 2001 1616 2042 restituta
1655 2001 1775 2043 Butt-

176 2086 362 2114 mannus
395 2069 631 2125 probavit.)
697 2070 854 2112 Omnia
896 2072 983 2111 iam
1016 2072 1135 2111 recta
1174 2072 1217 2111 et
1255 2083 1307 2111 ex
1346 2070 1585 2123 perspicuis
1618 2071 1775 2125 depra-

175 2147 288 2185 vatae
343 2143 568 2196 scripturae
622 2142 813 2195 vestigiis
868 2144 1003 2183 eruta.
1089 2140 1273 2182 Grandis
1327 2140 1438 2182 illius
1499 2141 1680 2183 oratoris
1734 2142 1776 2183 vi

178 2213 466 2264 Quintilianus
521 2213 674 2255 iudicis
729 2214 924 2254 animum
979 2213 1022 2254 in
1076 2224 1250 2253 omnem
1304 2211 1505 2252 habitum
1552 2212 1654 2266 fingi
1702 2213 1774 2254 ait.

178 2285 307 2326 Error
339 2288 457 2326 ortus
491 2287 556 2326 est
588 2284 748 2337 partim
780 2297 833 2325 ex
866 2297 928 2333 eo,
963 2283 1091 2336 quod,
1125 2295 1258 2336 quum
1291 2282 1356 2322 hie
1389 2281 1622 2336 quinquies
1656 2283 1775 2325 initio

176 2355 492 2397 sententiarum
524 2355 716 2408 positum
749 2357 876 2404 esset,
911 2355 1096 2395 eundem
1119 2353 1385 2407 pronominis
1408 2366 1557 2394 casum
1579 2354 1661 2395 hoc
1682 2354 1775 2395 loco

176 2426 377 2468 librarius
410 2426 592 2480 scripsit,
637 2427 696 2467 ita
740 2428 889 2467 tamen
931 2427 979 2466 ut
1021 2424 1199 2466 ablativi
1241 2424 1420 2477 vestigia
1463 2426 1691 2466 manerent
1733 2424 1775 2465 in

179 2496 323 2538 dicmzt
354 2502 390 2538 te
423 2500 465 2538 et
498 2497 601 2538 (licit
633 2502 681 2545 te,
716 2496 873 2550 partim
909 2509 961 2536 ex
993 2495 1330 2537 commutatione
1364 2495 1606 2536 litterarum
1630 2495 1651 2536 b
1674 2497 1773 2545 etv,

179 2568 546 2621 quemadmodum
582 2570 624 2609 et
664 2568 708 2608 in
746 2566 991 2608 Florentino
1032 2568 1074 2607 et
1105 2566 1148 2607 in
1181 2566 1406 2608 Turicensi
1437 2579 1517 2619 pro
1550 2566 1777 2621 inspirabit

178 2640 386 2692 scriptum
419 2640 484 2680 est
515 2639 756 2692 inspiravit.
819 2637 945 2687 Quod
977 2636 1073 2678 deos
1105 2637 1264 2688 addidi,
1306 2637 1386 2678 etsi
1417 2649 1505 2678 non
1539 2636 1774 2678 admodum

179 2710 363 2760 affirmo,
411 2722 562 2750 verum
605 2711 750 2750 tamen
796 2720 865 2748 me
909 2707 1066 2748 vidisse
1106 2710 1230 2760 puto:
1279 2710 1354 2748 aut
1394 2707 1507 2748 enim
1552 2705 1777 2760 appellabit

179 2780 337 2822 mutari
370 2781 412 2821 in
445 2779 563 2821 aliud
594 2780 775 2820 verbum
811 2778 953 2828 debet,
988 2777 1031 2818 in
1063 2791 1148 2830 quo
1181 2778 1348 2819 codices
1372 2776 1647 2819 consentiunt
1678 2775 1776 2829 (nisi

180 2852 296 2905 quod
319 2851 545 2905 appellavit
572 2848 804 2901 scribitur),
837 2862 916 2890 nec
949 2849 1036 2890 ulla
1068 2849 1213 2890 mendi
1246 2848 1363 2902 origo
1396 2850 1472 2890 aut
1496 2860 1627 2888 causa
1650 2846 1775 2888 intel-

180 2922 251 2975 ligi
283 2924 438 2975 potest,
473 2924 547 2962 aut
582 2920 831 2962 addendum
862 2920 966 2961 illud
999 2919 1257 2961 vocabulum
1292 2921 1368 2969 est,
1402 2917 1616 2960 sententia
1645 2917 1773 2958 etiam

1908 2623 1915 2773 ——1--2<,e;22.
1910 2608 1911 2612 Α
1914 2583 1915 2587 Α
1912 2552 1915 2566 Α.
1913 2535 1915 2540 .
1913 2480 1915 2483 .
