1915 3235
811 80 894 121 401

177 208 380 249 Extremo
413 207 554 259 capite
587 220 639 248 ex
670 208 783 258 Par„
817 208 957 259 Rern„
998 210 1085 250 Erf.
1119 211 1395 253 scribendum
1429 217 1514 254 est:
1554 229 1653 268 qra-

61 280 143 320 tias
173 277 248 318 tibi
280 291 402 332 aqere
433 277 568 330 debeO,
617 278 726 332 qaod
763 292 826 318 me
860 292 909 319 ex
937 278 1267 331 fortissimorum
1299 284 1447 324 eiciam
1482 299 1654 326 numero

60 347 359 403 selunyemlum
390 362 472 388 non
495 349 672 402 putasti.
737 348 879 398 Quum
911 350 1119 392 mendose
1151 353 1359 406 scriptum
1392 360 1506 396 esset
1522 361 1654 409 putas

61 419 126 473 (ut
156 420 201 460 in
232 419 420 472 quinque
453 418 653 471 Oxonn.)‚
702 433 838 472 pravo
881 420 1002 461 verbi
1044 426 1240 475 tempore
1283 424 1472 465 offensus
1518 426 1656 468 editor

61 489 213 543 aliquis
252 489 425 543 putaris
472 490 668 530 correxit.
746 490 1014 532 Coniunctivi
1061 505 1192 534 causa
1238 495 1355 535 nulla
1404 498 1482 537 est.
1556 497 1655 538 Mox

60 561 237 602 meliore
269 560 417 601 ordine
449 560 493 600 in
524 560 623 600 Par.
657 563 700 601 et
732 561 818 601 Erf.
852 567 917 602 est
949 566 1044 603 tuus
1075 564 1144 604 ille
1176 569 1316 606 tantas
1347 579 1425 618 pro
1458 567 1528 607 ille
1560 572 1655 608 tuus

61 637 201 673 tantus
234 630 457 684 (sequente
491 631 784 681 substantivo3
819 632 941 674 aliter
973 633 1251 675 iudicandum
1284 638 1377 677 erat
1399 650 1530 690 supra
1554 651 1589 679 c.
1615 641 1653 688 1,

64 704 101 752 1,
133 700 438 756 praecedente).
1616 749 1619 752 ,

179 773 224 814 C.
261 774 327 823 11,
361 772 415 813 26
449 771 646 822 ofellius,
692 772 972 814 Garatonium
1005 787 1203 826 sequens,
1254 777 1400 827 edidit,
1450 780 1655 819 revocata

61 844 196 885 Iuntae
230 846 272 884 et
302 843 401 884 Aldi
434 843 666 895 scriptura:
706 845 1062 898 promulyarisne)
1112 846 1393 899 impurissime
1436 853 1472 889 et
1506 849 1655 902 perdi-

61 915 216 956 tissime
247 913 386 966 hostis,
419 914 683 968 quoestlonem
715 914 765 954 cle
797 919 852 955 tot
884 916 1153 968 amplissimis
1186 922 1221 957 el
1252 917 1405 959 talibas
1437 919 1554 971 viris,
1593 920 1655 960 in-

63 985 147 1026 diez·
202 984 332 1025 Vettio
370 985 555 1038 prcemia
603 986 878 1038 amplissima.
947 986 1033 1027 Sed
1080 988 1122 1028 in
1170 988 1370 1030 omnibus
1420 989 1654 1040 codicibus,

61 1069 244 1109 quorum
277 1055 420 1108 aliqua
461 1057 526 1096 est
570 1056 803 1097 auctoritas
852 1056 981 1110 (Pan,
1031 1058 1072 1098 S.
1106 1058 1227 1108 Vict.‚
1276 1058 1396 1112 Erf.)‚
1447 1063 1511 1101 est
1543 1061 1655 1101 mdc?-

60 1128 181 1177 ez'um,
215 1139 268 1167 ex
300 1139 384 1179 quo
416 1128 559 1167 ortum
592 1128 658 1166 est
690 1128 820 1167 etiam
854 1128 1190 1180 depravatorum
1216 1130 1423 1171 mendum
1449 1131 1655 1172 incllelmn

57 1199 133 1238 ani
173 1197 315 1238 Vettio.
379 1196 430 1237 Et
462 1196 595 1237 mdia·
626 1210 801 1249 prorsus
835 1211 1205 1250 supervacaneum
1247 1203 1323 1250 est,
1366 1204 1424 1252 ut,
1466 1202 1536 1244 illo
1576 1216 1654 1255 po-

58 1269 152 1318 sito,
195 1280 354 1309 nomen
386 1267 621 1319 proprium,
664 1268 779 1320 quod
812 1272 926 1310 certe
958 1269 1152 1321 praeponi
1185 1270 1387 1322 debebat,
1436 1272 1480 1313 in
1512 1273 1654 1326 suspi-

60 1338 225 1379 cionem
273 1337 429 1379 adduci
475 1339 624 1390 possit.
693 1339 889 1380 Alteram
935 1340 1196 1392 scripturam
1244 1341 1504 1384 Garatonius
1553 1343 1655 1384 ferri

59 1422 185 1461 posse
231 1411 372 1461 negat,
422 1409 550 1461 quod,
599 1408 754 1450 indicio
801 1410 887 1450 iam
936 1414 1114 1463 accepto
1155 1415 1197 1452 et
1236 1413 1331 1464 ipsa
1363 1413 1521 1455 Vatinii
1562 1415 1654 1467 lege

60 1480 353 1532 comprobato,
403 1479 506 1520 data
545 1480 677 1520 etiam
710 1482 810 1521 ante
844 1494 867 1521 a
901 1484 1056 1522 senatu
1087 1481 1172 1522 fide
1204 1483 1378 1535 publica
1412 1484 1564 1537 (Epist.
1600 1486 1656 1526 ad

59 1551 188 1592 Attic.
221 1551 269 1600 ΙΙ,
304 1549 390 1602 24),
430 1563 517 1590 non
548 1551 736 1602 potuerit
767 1564 881 1592 nunc
915 1552 1089 1592 demum
1123 1552 1194 1593 illa
1226 1553 1319 1606 lege
1352 1554 1571 1605 indicium,
1614 1557 1658 1597 id

60 1623 136 1671 est,
184 1620 401 1662 indicandi
439 1623 634 1672 potestas
675 1621 860 1662 decerni.
924 1623 1083 1664 Verum
1123 1625 1312 1676 primuni
1346 1626 1451 1667 illud
1485 1626 1537 1667 de
1572 1626 1657 1667 fide

59 1691 232 1744 publica
264 1692 367 1732 data
399 1692 555 1732 falsum
589 1694 666 1732 est.
729 1692 841 1733 Nam
884 1693 926 1733 in
969 1693 1040 1734 illa
1086 1695 1280 1747 epistola,
1329 1697 1364 1738 si
1405 1710 1554 1738 veram
1587 1710 1656 1738 se-

60 1762 231 1814 quimur
263 1762 419 1803 codicis
452 1762 631 1803 Medicei
664 1762 935 1815 scripturam,
978 1768 1135 1817 negata
1177 1766 1331 1807 dicitur
1365 1768 1402 1808 ei
1434 1767 1542 1809 fides
1575 1781 1656 1820 pu-

59 1832 171 1873 blica
203 1831 493 1885 (reclamatum
532 1837 608 1881 est3
657 1832 801 1885 inepte
846 1834 1061 1876 diceretur
1103 1836 1220 1877 haud
1261 1839 1534 1879 reclamatum
1580 1851 1658 1891 pro

60 1904 163 1944 (lata
195 1902 282 1955 est).
346 1904 399 1944 Et
429 1906 577 1944 tamen
610 1904 754 1944 onmia
786 1905 999 1954 narravit;
1049 1911 1141 1948 erat
1182 1907 1295 1948 enim
1338 1908 1394 1948 ad
1433 1921 1531 1949 eain
1564 1921 1658 1948 reni

59 1974 242 2027 pecunia
275 1978 317 2015 et
347 1975 570 2027 promissis
612 1975 861 2016 conductus.
924 1977 1088 2018 Deinde
1128 1979 1244 2031 apud
1283 1979 1507 2020 Romanos
1549 1992 1657 2019 non-

61 2045 165 2086 dum
196 2044 400 2091 iudiciaria
432 2045 638 2095 habebat,
684 2046 756 2097 qui
788 2051 1055 2098 narraverat,
1097 2062 1366 2102 quaecunque
1399 2052 1538 2099 norat,
1581 2049 1658 2090 sed

60 2116 95 2156 is
129 2116 317 2166 demum,
359 2116 478 2157 cuius
518 2117 708 2157 narratio
741 2120 788 2157 ut
819 2117 990 2169 publice
1023 2119 1312 2172 susciperetur
1345 2121 1469 2172 eique
1503 2133 1555 2160 ea
1587 2133 1655 2161 res

60 2187 174 2227 bono
208 2189 322 2228 esset
353 2189 395 2228 et
429 2187 484 2227 ad
516 2200 692 2240 poenam
724 2187 946 2229 vitandam
981 2192 1022 2229 et
1055 2190 1111 2230 ad
1131 2191 1313 2242 praemia
1336 2190 1653 2243 consequenda,

61 2257 280 2298 decretum
313 2260 417 2298 erat.
466 2258 513 2298 Id
545 2259 589 2298 in
620 2258 761 2299 Vettio
795 2260 958 2300 factum
990 2247 1182 2301 nondum
1217 2264 1321 2310 erat.
1357 2262 1477 2302 cuius
1500 2274 1653 2302 narra-

58 2328 220 2369 tionem
268 2331 445 2370 senatus
493 2331 540 2369 ut
586 2329 730 2369 fictam
781 2329 1004 2371 deriserat.
1067 2332 1218 2383 Itaque
1260 2333 1304 2372 in
1348 2331 1442 2384 ipsa
1484 2331 1557 2372 illa
1600 2331 1656 2371 ad

58 2399 249 2440 Atticum
297 2399 478 2452 epistola
521 2400 686 2440 Vettius
735 2400 900 2450 dicitur,
950 2402 985 2442 si
1033 2401 1264 2443 damnatus
1312 2401 1452 2451 fuerit,
1502 2407 1654 2454 postea

152 2552 280 2594 forma,
306 2564 370 2596 pro
397 2564 452 2594 eo,
479 2553 576 2597 quod
603 2556 657 2586 est
683 2552 720 2585 in
746 2551 845 2585 libris
864 2552 1004 2596 scriptis
1023 2557 1058 2586 et
1076 2554 1167 2594 edd..
1194 2555 1380 2597 obtinebat,
1409 2566 1510 2598 quem
1528 2556 1657 2594 viram,

152 2611 328 2645 invitante
363 2612 408 2645 ad
441 2611 688 2645 coniecturam
723 2611 922 2644 earundem
957 2611 1160 2646 litterarum
1198 2612 1394 2654 vicinitate,
1435 2613 1659 2647 monendum

153 2673 216 2710 est,
243 2670 395 2704 alteram
422 2681 567 2714 quoque
595 2670 695 2703 iliani
723 2670 878 2703 formam
897 2681 969 2703 non
988 2670 1257 2714 infrequentem
1276 2682 1353 2704 esse
1369 2684 1375 2711 ;
1406 2672 1474 2705 vid.
1494 2672 1539 2705 ad
1559 2671 1657 2705 Fam.

152 2728 210 2770 IX,
237 2727 300 2762 20:
335 2730 504 2762 Verrium
531 2735 631 2762 tiliam
657 2733 688 2762 et
719 2729 911 2771 Caecilium,
938 2741 1010 2772 qua
1036 2730 1214 2762 »mandaria
1231 2731 1399 2773 homines,
1428 2742 1497 2774 qua
1526 2731 1660 2773 eleyan-

154 2789 227 2821 tia!
249 2791 284 2821 et
309 2788 354 2821 ad
381 2787 422 2830 Q.
449 2787 563 2821 Fratr.
590 2787 616 2829 I,
643 2786 664 2819 2
691 2798 719 2820 c.
747 2786 768 2818 2
794 2786 815 2829 ἓ
841 2787 879 2821 6;
911 2789 1029 2829 Quid?
1052 2789 1095 2821 L.
1126 2788 1307 2821 Caeeslaeffuvm
1333 2800 1452 2823 nonne
1479 2790 1576 2822 omni
1600 2800 1661 2821 ra-

153 2848 245 2880 tione
269 2848 441 2890 placavi?
477 2858 579 2890 quem
610 2847 809 2879 hominem!
843 2858 914 2889 qua
951 2848 1032 2880 ira!
1072 2858 1140 2890 (μισ
1172 2849 1330 2890 spirita!
1378 2845 1484 2889 [Add.
1513 2847 1551 2880 N.
1579 2847 1619 2880 D.
1647 2847 1661 2879 I

153 2903 174 2946 ἓ
201 2903 254 2945 U,
282 2905 325 2939 de
351 2905 429 2939 Div.
456 2905 471 2939 Ι
498 2904 519 2947 ξ
545 2904 601 2945 52,
629 2905 672 2938 de
699 2905 802 2949 Legg.
830 2905 878 2939 III
903 2904 924 2947 ξ
950 2905 1006 2948 20,
1035 2917 1099 2950 pro
1132 2906 1202 2939 Mil.
1230 2905 1250 2948 ξ
1280 2904 1352 2948 Ta]

1327 2964 1374 2997 ⁵26

1673 227 1725 251 517

1677 2277 1730 2302 518
