1915 3235
816 131 903 172 433
945 157 949 160 ›

65 263 172 303 tione
204 261 260 314 [et
291 259 612 313 consecratione]
645 261 747 314 Zeyz’s
775 265 847 301 scut
862 274 1005 314 poema,
1040 273 1165 314 (sumn
1189 265 1313 313 caput
1336 260 1436 313 eins,
1469 261 1540 315 qui
1564 273 1655 300 con-

64 338 133 373 tra
162 332 322 385 fecerit,
355 335 632 372 consecratur.
681 331 798 372 Duas
830 343 957 372 voces
990 333 1106 372 recte
1138 330 1209 372 alii
1240 332 1467 379 notarunt;
1501 330 1654 371 deinde

64 404 168 444 satis
215 404 348 455 patet,
396 401 611 442 infinitum
651 400 815 455 (ywere
857 400 960 455 ipso)
1008 414 1095 442 non
1141 403 1257 442 recte
1304 401 1420 453 iungi
1469 400 1653 441 definitis

64 472 357 526 (obsecratione
404 472 504 526 Zeyis
552 476 625 512 aut
663 470 809 525 poema)
857 475 1066 524 tanquam
1113 472 1303 512 tertium.
1382 471 1652 521 Garatonius⁷

64 542 205 583 deleto
237 542 378 595 priore
412 547 496 592 caut,
545 543 743 583 universe
789 543 871 583 dici
918 543 1010 583 vult
1048 555 1197 596 {senei-e
1237 543 1336 595 ipso,
1385 555 1480 594 quae
1520 542 1655 582 Verba

62 613 121 654 sic
152 613 268 654 nude
298 613 440 665 posita
472 613 633 653 nullam
668 613 869 654 ridentur
900 613 1063 654 habere
1096 615 1259 654 certam
1284 613 1653 666 significationem.

61 683 165 724 Mihi
197 683 381 724 alterum
426 688 499 724 aut
540 696 592 724 ex
631 689 751 738 atque
789 684 952 725 factum
995 684 1176 733 ridetur7
1225 683 1440 736 frequenti
1482 683 1652 732 mendo.

64 756 112 795 ut
143 754 419 795 scribendum
454 755 527 795 sit:
577 759 651 794 aut
689 768 837 808 {seuere
871 756 956 808 ipso
998 759 1118 809 (etque
1156 754 1418 795 obtestatione
1450 755 1551 808 leye‘s
1583 758 1655 794 (tut

55 838 198 878 poena.
262 823 459 877 (Codices
502 838 653 866 omnes
700 825 865 866 habent
905 839 1041 878 poma?
1089 827 1129 865 et
1177 838 1255 878 pro
1301 824 1449 877 fecerit>
1495 826 1653 878 partim

59 895 178 948 facit,
210 896 370 948 partim
399 895 512 948 feeit,
545 898 593 936 ut
626 896 750 936 facile
781 895 943 945 Videas,
978 909 1109 949 quam
1142 895 1226 936 sint
1259 896 1403 937 omnia
1435 896 1502 937 hic
1536 909 1654 937 men-

61 966 212 1008 dorum
245 963 451 1019 plena.)1)

177 1037 363 1078 Ventum
412 1039 477 1077 est
516 1037 605 1078 fere
645 1037 701 1078 ad
740 1039 996 1078 extremum.
1059 1038 1170 1079 Nam
1219 1039 1262 1078 in
1308 1037 1514 1090 proximis
1561 1037 1654 1078 haec
1675 1053 1708 1077 35

62 1107 215 1148 verba:
255 1121 382 1162 neque
415 1108 541 1161 legyem
575 1122 702 1162 neque
726 1122 897 1161 poenam
931 1109 1061 1149 latam
1094 1123 1189 1159 esse,
1230 1122 1326 1161 quae
1360 1108 1403 1148 in
1436 1099 1653 1149 codicibus

62 1178 217 1219 mediae
275 1179 458 1219 orationi
512 1179 827 1219 interseruntur
876 1178 943 1231 (de
990 1180 1136 1234 quibus
1182 1180 1332 1233 «suitur.
1381 1180 1544 1219 etiamsi
1589 1180 1654 1219 Ια-

59 1253 146 1289 tum
179 1254 277 1290 esset
310 1263 436 1304 neque.
459 1264 632 1303 poemcm
663 1264 790 1305 neque
825 1251 951 1305 Zeqem
986 1251 1117 1291 latam
1152 1265 1247 1303 esse)
1288 1264 1336 1291 ne
1380 1264 1496 1304 (secem,
1528 1250 1651 1290 cen-em

62 1320 346 1373 reciperenms,
388 1325 525 1360 tamen
562 1321 609 1360 id
641 1327 740 1362 esset
772 1320 883 1374 cet.),
933 1335 957 1362 a
991 1321 1216 1363 Schuetzio
1250 1323 1409 1371 autem,
1458 1321 1653 1362 Ernestio

62 1392 250 1439 auctore,
283 1390 327 1430 in
361 1391 491 1431 alium
524 1392 664 1433 locum
688 1393 952 1445 transposita
975 1395 1087 1442 sunt,
1122 1393 1208 1433 iam
1232 1392 1495 1433 damnarunt
1518 1391 1653 1432 Gara-

59 1461 201 1501 tonius
235 1462 277 1505 et
310 1460 507 1512 Orellius‚
542 1476 725 1515 quorum
759 1463 963 1504 iudicium
998 1463 1224 1504 confirmat
1256 1476 1369 1503 nunc
1404 1461 1537 1503 codex
1569 1462 1653 1503 Pa-

58 1531 261 1573 risiensis,
317 1532 402 1573 Sed
434 1534 475 1574 in
499 1533 722 1574 Addendis
755 1534 837 1575 vol.
861 1534 915 1575 IV
947 1548 988 1587 p.
1013 1534 1038 1574 2
1071 1548 1112 1586 p.
1137 1533 1220 1574 599
1255 1533 1451 1583 Orellius,
1485 1535 1654 1573 mutata

59 1603 201 1655 priore
233 1604 447 1645 sententia
478 1605 749 1657 probataque
782 1605 1131 1657 transpositione,
1181 1604 1309 1645 scribi
1351 1604 1454 1654 vult,
1503 1606 1550 1644 ut
1590 1606 1655 1644 est

59 1674 103 1714 in
134 1687 219 1715 uno
253 1674 398 1716 codice
431 1674 676 1725 Oxoniensi⁷
728 1680 864 1716 ratam
907 1689 1007 1724 esse;
1057 1674 1160 1727 (duo
1199 1675 1269 1716 alii
1309 1688 1404 1715 cum
1446 1675 1652 1715 Bernensi

60 1746 242 1797 utroque
277 1747 319 1786 et
350 1745 437 1786 Erf.
469 1744 670 1799 ysaiam).
732 1746 893 1787 Verum
935 1746 1039 1786 nihil
1071 1746 1305 1798 proficitur.
1369 1746 1478 1786 Nam
1512 1758 1651 1797 neque

59 1815 127 1857 lex
161 1818 203 1857 et
233 1829 376 1869 poena,
412 1829 508 1868 quae
542 1819 607 1857 est
639 1817 680 1857 in
714 1817 819 1870 lege.
855 1817 1081 1858 contraria-3
1114 1817 1215 1869 poni
1247 1819 1441 1868 possunt,
1476 1818 1518 1856 et
1551 1815 1653 1869 quid

59 1886 140 1928 hoc
173 1889 238 1927 est
270 1900 455 1939 quamve
488 1887 623 1928 habet
655 1887 929 1937 sententiam,
963 1887 1101 1940 legem
1136 1900 1233 1927 eam
1264 1900 1351 1927 non
1380 1899 1473 1927 esse
1499 1891 1651 1937 ratam,

60 1969 191 2009 quam
225 1957 372 1998 Cicero
404 1960 533 2010 negat
564 1971 755 2009 unquam
800 1958 961 1999 latam?
1009 1958 1181 1998 Poenam
1222 1971 1299 1997 non
1343 1963 1481 1998 ratam
1521 1970 1652 2010 quam

59 2026 123 2068 vir
155 2027 306 2069 doctus
338 2028 440 2069 velit
479 2041 585 2076 esse.
634 2028 794 2069 nemini
837 2028 1098 2080 impositam,
1148 2041 1199 2068 ex
1241 2028 1346 2081 lege,
1396 2042 1491 2081 quae
1534 2028 1651 2084 nulla

60 2097 200 2148 fuerit,
248 2112 424 2151 prorsus
468 2100 626 2140 nescio.
689 2100 800 2140 Nam
842 2112 974 2152 poena
1014 2101 1110 2140 rata
1150 2100 1184 2139 si
1217 2099 1298 2139 dici
1331 2101 1490 2151 posset,
1540 2102 1652 2140 esset

64 2181 127 2218 ea,
168 2182 264 2222 quae
296 2169 457 2211 inflicta
490 2170 615 2210 alicui
645 2183 732 2211 non
763 2172 1017 2211 mutaretur.
1066 2170 1109 2210 Si
1131 2183 1329 2222 usquam,
1363 2169 1431 2210 hic
1454 2174 1651 2210 tenemus

59 2241 228 2291 partem
262 2242 551 2282 annotationis
584 2241 846 2293 marginalis,
882 2253 1013 2293 quam
1035 2240 1299 2292 adscriptam
1333 2239 1466 2280 codici
1499 2240 1650 2281 arche-

60 2312 163 2363 typo
195 2311 376 2364 scriptor
410 2312 566 2352 codicis
598 2311 852 2352 Parisiensis
885 2314 1000 2352 recte
1033 2311 1188 2359 omisit,
1222 2310 1262 2360 ii,
1305 2311 1376 2363 qui
1410 2313 1651 2351 ceterorum

61 2380 255 2422 codicum
287 2384 484 2424 auctores
517 2382 702 2431 fuerunt,
739 2395 835 2423 cum
859 2381 1074 2423 Ciceronis
1107 2381 1250 2422 verbis
1273 2378 1650 2433 descripserunt.‘-')

99 2543 126 2588 ¹)
152 2546 193 2580 In
218 2547 245 2580 E
271 2550 307 2581 et
324 2546 356 2580 A
382 2546 492 2580 etiam
518 2557 620 2590 quem
645 2551 771 2580 eontra
794 2547 887 2588 fecit.
927 2544 969 2588 [P
996 2545 1114 2589 prima
1139 2555 1252 2579 manu
1277 2555 1479 2589 pronomen
1505 2556 1652 2589 prorsus

155 2605 300 2647 omittit,
325 2607 407 2648 fecit
433 2616 559 2639 omnes
586 2605 725 2639 codices
751 2603 1001 2649 antiquiores]

98 2660 126 2705 ²)
152 2662 220 2707 [De
246 2664 368 2699 codice
392 2664 586 2698 Parisiensi
617 2664 774 2708 graviter
806 2663 939 2698 erravit
964 2663 1173 2708 Krarupius
1224 2664 1353 2704 Verba,
1393 2674 1473 2707 quae
1506 2662 1534 2696 is
1568 2674 1649 2696 cum

156 2723 283 2758 ceteris
306 2714 438 2765 servat,
466 2724 656 2768 emendavi
683 2723 774 2757 Adv.
802 2723 885 2756 Crit.
911 2722 961 2756 III
987 2734 1020 2766 p.
1040 2722 1109 2755 145
1127 2733 1216 2766 sqq,
1242 2723 1304 2756 ubi
1331 2722 1441 2756 etiam
1465 2721 1652 2765 superiora

157 2792 200 2816 ex
224 2786 327 2826 parte
359 2783 480 2826 aliqua
511 2780 639 2826 attigi]
689 2782 802 2816 Paulo
834 2785 918 2815 ante
951 2782 993 2815 A.
1026 2781 1270 2825 Augustinum
1304 2781 1595 2825 praepositionem
1628 2792 1650 2813 a

156 2844 252 2875 recte
289 2841 463 2875 delevisse
500 2842 647 2885 putabo,
687 2842 801 2875 donec
834 2840 901 2875 erit
931 2840 1111 2881 inventus,
1150 2840 1212 2884 qui
1244 2841 1465 2884 argumentis
1498 2843 1532 2874 et
1558 2839 1650 2883 aptis

157 2900 331 2944 exemplis
357 2900 534 2941 ostendat,
566 2904 663 2934 recte
689 2899 758 2934 dici
783 2904 1052 2933 sacrosanctum
1077 2910 1149 2934 esse
1175 2911 1197 2932 α
1223 2901 1352 2942 eapitis
1378 2900 1648 2933 consecratione.

158 2956 211 3001 [C.
237 2957 292 2999 15,
325 2958 370 2992 34
397 2970 607 3003 quanquam
632 2958 834 2999 Parisiensi,
874 2958 934 3001 qui
966 2958 1076 2992 habet
1105 2959 1223 3001 foedus
1253 2960 1388 3000 fecisse,
1427 2968 1500 2991 non
1531 2957 1648 2990 solum

1321 3015 1367 3050 28
