1915 3235
225 239 309 262 cum
329 228 439 273 plena
456 227 601 262 civitate
619 226 687 260 ‘234
707 231 800 269 not.;
827 232 922 272 post-

225 298 265 321 ea
308 298 381 321 non
423 287 579 320 dabatur
613 285 694 320 244.
759 287 923 323 Civitatis

224 357 357 389 genera
394 357 415 380 a
457 345 642 379 veteribus
688 346 923 390 scriptoribus

224 416 297 439 non
331 405 500 439 distincta
531 403 600 438 233
631 408 705 439 not.
756 405 923 449 Appella-

224 464 331 498 tionis
354 464 598 498 inconstantia
621 463 690 496 238
711 467 784 498 not.
801 463 833 505 2,
854 464 921 497 241

223 528 297 558 not.
324 523 356 557 2.
399 523 502 558 Cives
528 524 606 557 sine
632 523 803 567 suffragio
829 535 923 558 seor-

223 594 304 617 sum
330 583 521 617 merebant
546 582 625 616 244.

176 642 309 676 Civitas
349 642 433 676 data
471 642 517 675 ab
561 642 843 686 imperatoribus
888 645 924 676 et

223 700 448 734 coloniarum
475 701 732 735 deductoribus
758 700 827 734 252
845 712 922 745 sqq.

174 759 398 803 Cognomina
445 759 613 794 Romana
658 771 679 794 a
722 760 810 794 locis
853 759 920 792 251

223 822 297 853 not.
325 818 357 853 2.

175 878 328 913 Collatia
353 878 495 912 colonia
521 877 589 911 243
616 889 705 922 sqq..
733 878 813 911 251.

174 937 333 972 Coloniae
366 938 542 971 Romanae
581 938 715 971 civium
753 940 841 971 ortae
879 948 921 971 ex

222 996 397 1041 praesidiis
419 996 635 1030 militaribus
656 995 741 1038 224;
768 996 868 1030 notio
889 999 925 1030 et

223 1055 452 1089 definitiones
478 1054 557 1090 225.
597 1056 701 1090 Cives
726 1056 763 1089 in
790 1067 851 1089 eas
871 1056 922 1089 ire

223 1116 300 1159 cogi
346 1118 515 1159 poterant
558 1114 638 1149 245.
710 1115 922 1159 Antiquitus

223 1186 296 1208 non
323 1186 367 1208 ex
386 1175 472 1208 faece
490 1175 614 1219 populi
633 1173 702 1207 245
721 1185 798 1218 sqq.
837 1174 922 1218 Agri

223 1235 264 1268 iis
291 1234 365 1268 dati
392 1235 523 1268 modus
548 1233 618 1267 225
643 1237 717 1267 not.
738 1233 776 1275 2;
804 1233 923 1267 inferi-

223 1305 285 1327 ore
311 1297 417 1327 aetate
443 1292 522 1327 287.
574 1293 764 1327 Missorum
798 1304 923 1327 nume-

223 1364 285 1387 rus
322 1352 402 1393 226,
441 1352 521 1392 285,
559 1352 638 1386 287.
702 1352 924 1386 Retinebant

223 1412 368 1456 plenam
409 1412 593 1446 civitatem
634 1410 704 1444 228
729 1423 818 1456 sqq„
855 1411 921 1445 231

224 1483 313 1516 sqq.7
342 1470 541 1505 245-255.
581 1471 794 1514 Antiquitus
821 1482 922 1505 vaca-

224 1532 361 1565 tionem
388 1531 526 1565 militiae
544 1530 729 1564 habehant
747 1529 826 1564 266.
866 1530 923 1564 Di-

223 1590 458 1634 stinguuntur
500 1602 520 1624 a
554 1590 738 1624 veteribus
776 1590 923 1633 oppido-

225 1661 317 1690 rum,
350 1649 481 1693 quibus
514 1648 664 1683 coloniae
688 1649 924 1692 imponeban-

226 1713 299 1749 tur.
345 1709 472 1743 incolis
509 1707 594 1749 226,
633 1707 713 1742 231.
782 1707 923 1742 Horum

224 1768 387 1802 condicio
414 1767 482 1801 226
509 1779 585 1811 sqq.
625 1767 729 1801 Cives
755 1767 833 1801 sine
852 1767 923 1801 suf-

225 1828 337 1871 fragio
364 1831 468 1861 erant
493 1826 562 1859 243
589 1831 624 1861 et
651 1826 731 1860 244.
774 1826 831 1860 Ad
857 1827 923 1860 hos

224 1887 407 1930 pertinent
441 1886 662 1920 defectiones
698 1885 923 1920 coloniarum

224 1945 303 1979 227.

177 2004 334 2038 Coloniae
366 2004 500 2038 civium
532 2005 724 2038 maritimae
750 2003 818 2037 264
845 2015 922 2048 sqq.

224 2063 358 2097 Earum
392 2063 532 2097 vacatio
564 2062 644 2097 264.
702 2063 810 2097 Novae
843 2066 924 2107 post

224 2122 306 2156 bell.
333 2121 457 2156 Punic.
485 2133 553 2156 sec.
581 2121 660 2156 285.

178 2181 334 2215 Coloniae
372 2181 506 2215 civium
545 2182 639 2215 mitti
681 2182 804 2216 desitae
842 2180 922 2215 263.

225 2240 420 2274 Dubitatur
459 2241 503 2274 de
540 2241 743 2281 nonnullis,
789 2240 923 2274 civium

226 2310 272 2332 an
316 2299 453 2333 Latinae
497 2300 632 2334 fuerint
670 2298 749 2333 264.
814 2299 923 2333 Novae

226 2361 307 2402 post
332 2358 415 2392 bell.
433 2358 612 2392 Punicum
639 2370 708 2393 sec.
736 2358 815 2399 285,
842 2357 922 2392 286.

180 2417 336 2450 Coloniae
385 2417 605 2452 Gracchanae
653 2417 733 2458 289,
790 2417 923 2451 civium

227 2474 306 2509 290.

179 2533 336 2568 Coloniae
370 2534 545 2568 militares
582 2535 714 2569 civium
749 2534 817 2568 291
845 2546 922 2579 sqq.

227 2593 261 2627 in
289 2593 482 2637 provinciis
508 2592 586 2627 292.

180 2652 336 2686 Coloniae
361 2652 499 2686 Latinae
524 2655 689 2686 veterum
710 2653 923 2687 Latinorum

228 2710 296 2744 256
322 2721 400 2755 sqq.
462 2711 714 2745 Romanorum
740 2711 818 2752 258,
854 2711 921 2745 261

228 2780 305 2813 sqq.
364 2769 539 2803 Romanae
576 2770 806 2813 appellantur
842 2770 922 2805 269.

229 2828 296 2862 Per
322 2839 382 2862 eas
405 2828 509 2862 Italia
534 2828 688 2862 coercita
713 2828 792 2862 262.
831 2829 922 2863 Prae-

229 2887 342 2930 cipuae
376 2887 546 2921 inferiore
580 2890 743 2930 tempore
779 2891 814 2922 et
848 2888 922 2922 fere

230 2945 314 2978 solae
351 2943 418 2978 267
457 2956 533 2989 sqq.
602 2945 704 2980 Cives
742 2946 846 2980 Rom.
886 2947 921 2980 in

936 99 1022 142 760

1081 240 1141 263 eas
1186 229 1338 273 profecti
1381 228 1461 264 263.
1526 230 1777 265 Constituendi

1081 289 1210 322 modus
1236 287 1306 322 270
1331 300 1408 332 sqq.
1457 289 1638 324 Numerus
1663 290 1778 324 homi-

1080 358 1170 381 num
1196 347 1266 381 270
1290 359 1368 392 sqq.
1418 348 1504 382 Post
1535 349 1618 383 bell.
1651 349 1775 384 Punic.

1080 417 1149 440 sec.
1177 405 1247 439 285
1272 417 1349 450 sqq.

1033 465 1190 499 Coloniae
1210 465 1348 499 Latinae
1373 466 1570 511 improprie
1595 467 1777 511 appellan-

1080 527 1139 558 tur
1165 524 1298 568 oppida
1329 524 1416 558 iuris
1442 525 1562 559 Latini
1593 525 1630 560 in
1663 526 1778 560 Gallia

1080 583 1262 627 Cisalpina
1298 587 1333 618 et
1367 584 1560 628 provinciis
1595 584 1664 618 277
1698 596 1775 629 sqq.

1079 642 1157 676 Vid.
1184 644 1321 677 Latini.
1567 683 1571 686 .

1033 701 1266 736 Coloniarum
1292 702 1483 737 duodecim
1515 703 1698 747 singulare
1722 703 1778 737 ius

1080 760 1148 794 282
1175 772 1252 805 sqq.

1032 819 1266 854 Coloniarum
1280 821 1420 855 Roman
1427 833 1530 856 arum
1544 822 1651 856 index
1662 820 1777 855 295-

1079 878 1159 913 303.

1032 938 1248 972 Commercii
1282 939 1382 972 notio
1417 940 1454 973 in
1489 940 1567 974 iure
1601 940 1707 973 Rom.
1743 943 1778 974 et

1080 998 1170 1032 Italo
1196 997 1265 1031 219
1291 1009 1381 1042 sqq„
1408 998 1487 1032 272.
1539 999 1779 1043 Reciprocum

1081 1060 1158 1090 erat
1184 1056 1262 1091 282.

1037 1116 1243 1150 Communis
1269 1117 1373 1150 Mars
1399 1117 1487 1158 belli,
1520 1127 1593 1151 non
1627 1128 1779 1152 commeo-

1079 1177 1138 1209 πίε
1163 1176 1268 1209 Mars
1293 1175 1373 1209 443.

1033 1235 1187 1269 Comum
1213 1235 1355 1269 Novum
1382 1234 1461 1269 291.

1038 1294 1215 1328 Com-ludo
1242 1295 1408 1328 absolute
1434 1294 1514 1329 361.

1034 1353 1298 1387 Condicionalis
1313 1354 1502 1388 sententiae
1524 1354 1685 1398 syntaxis
1705 1365 1779 1388 non

1081 1416 1225 1447 servata
1251 1424 1272 1446 a
1307 1413 1436 1447 Plauto
1471 1414 1512 1453 ΙΙ,
1546 1413 1600 1446 69.
1652 1413 1779 1447 Condi·

1082 1471 1232 1506 cionalis
1258 1472 1431 1506 orationis
1463 1473 1582 1506 forma
1611 1474 1780 1515 facturus

1079 1532 1138 1574 fui
1174 1534 1210 1565 et
1245 1532 1413 1574 facturus
1449 1534 1584 1575 fuerim
1621 1531 1671 1572 ΙΙ,
1710 1530 1778 1564 227

1081 1601 1158 1634 sqq.
1229 1589 1399 1624 Condicio
1445 1591 1496 1625 rei
1542 1591 1780 1634 assequendae

1082 1649 1264 1693 quomodo
1300 1650 1521 1693 significetur
1551 1649 1600 1690 (si
1627 1651 1780 1692 futurus

1081 1707 1174 1749 sum)
1212 1708 1255 1749 ΙΙ,
1294 1707 1373 1742 281.
1433 1708 1659 1743 Condicionis
1697 1708 1780 1742 sirn-

1080 1767 1163 1812 plex
1190 1767 1307 1801 forma
1334 1768 1564 1802 conjunctivo
1582 1768 1780 1812 depravata

1082 1827 1125 1868 ΙΙ,
1152 1826 1232 1861 304.

1034 1886 1366 1920 Confoederationes
1385 1885 1543 1929 antiquae
1563 1886 1676 1919 Italiae
1698 1884 1777 1926 218,

1080 1944 1142 1977 221
1168 1948 1242 1979 not.
1262 1945 1293 1985 1,
1321 1944 1389 1977 256
1415 1956 1492 1989 sqq.

1034 2003 1248 2038 Coniunctio
1292 2004 1488 2037 verborum
1532 2004 1569 2038 in
1614 2003 1777 2038 versibus

1080 2066 1178 2097 recte
1204 2063 1428 2097 instituenda
1453 2062 1604 2097 56-63.

1034 2122 1293 2156 Coniunctivus
1330 2133 1403 2156 non
1441 2123 1552 2156 habet
1592 2122 1779 2156 notionem

1081 2181 1209 2215 incerti
1240 2180 1324 2221 522;
1364 2193 1428 2226 pro
1461 2181 1655 2215 indicativo
1688 2192 1709 2214 a
1740 2181 1779 2215 li-

1080 2240 1208 2275 brariis
1233 2241 1372 2285 positus
1399 2240 1463 2274 161
1499 2240 1549 2283 (et
1574 2240 1681 2282 not.);
1713 2251 1779 2284 pro

1080 2299 1275 2334 indicativo
1326 2299 1481 2344 scriptus
1529 2299 1566 2333 in
1611 2299 1779 2333 secundae

1083 2359 1345 2403 coniugationis
1389 2358 1515 2392 formis
1559 2358 1778 2402 quibusdam

1080 2419 1124 2459 ΙΙ,
1162 2417 1223 2458 24;
1250 2421 1332 2462 post
1357 2428 1558 2462 pronomen
1584 2418 1779 2451 relativum

1080 2478 1118 2512 in
1143 2477 1394 2521 restringendo
1420 2475 1593 2518 (maxime
1613 2479 1695 2520 post
1714 2477 1777 2520 qui

1081 2534 1236 2580 quidem)
1265 2535 1349 2573 504;
1384 2536 1534 2570 vitiosus
1569 2538 1651 2579 post
1685 2540 1774 2576 uter,

1081 2601 1298 2639 uter-cunque
1315 2594 1402 2631 481;
1429 2594 1680 2628 coniunctivus
1699 2605 1777 2637 per-

1081 2654 1163 2689 fecti
1191 2657 1254 2688 aut
1285 2655 1351 2688 fut.
1385 2654 1500 2687 exacti
1532 2664 1665 2697 pravus
1695 2656 1778 2697 post

1080 2715 1122 2757 si,
1155 2725 1265 2757 quum
1297 2713 1340 2753 ΙΙ,
1376 2711 1443 2744 112
1469 2715 1554 2753 not.,
1587 2711 1654 2745 281
1681 2721 1776 2756 sqq.;

1080 2771 1231 2806 vitiosus
1258 2771 1294 2805 in
1331 2771 1568 2805 condicionali
1594 2782 1663 2805 usu
1695 2781 1777 2804 con-

1079 2831 1272 2874 iugationis
1327 2830 1596 2874 periphrasticae
1650 2829 1777 2863 activae

1081 2889 1159 2923 199.
1210 2889 1468 2923 Coniunctivus
1499 2888 1668 2923 secundae
1698 2899 1776 2932 per-

1079 2958 1178 2982 sonae
1220 2948 1257 2981 in
1301 2947 1458 2982 iubendo
1495 2947 1543 2985 11.
1593 2946 1661 2980 105
1699 2950 1772 2981 not.
