1915 3235
832 131 912 172 199

77 275 216 315 neque
250 267 395 302 tamen
426 262 537 302 inter
561 261 698 302 socios
723 260 930 301 militasse
957 254 1218 310 dicamus²);
1252 271 1382 311 quam
1407 259 1664 298 sententiam

78 338 119 373 et
150 332 302 373 Festus
335 332 495 384 apertis
527 332 670 372 verbis
702 333 847 371 tuetur
880 333 922 371 et
954 330 1276 382 Campanorum
1310 328 1568 380 exemplum.

193 402 283 443 Iam
317 403 432 454 quod
471 402 527 443 ad
565 403 676 443 hanc
716 402 1025 450 condicionem,
1074 413 1169 452 quae
1210 412 1342 452 quam
1381 401 1472 439 tota
1510 398 1665 438 subac-

76 476 218 514 torum
250 473 363 513 bello
397 475 590 525 cognatae
622 460 766 525 stirpis
799 471 1059 524 populorum
1092 471 1232 519 fuerit,
1265 470 1334 510 vel
1366 482 1417 510 ex
1449 482 1500 510 eo
1532 471 1665 521 patet,

77 543 192 594 quod
222 546 373 595 postea
405 556 628 596 nunquam
662 543 764 584 data
802 542 898 583 ullis
939 541 1186 583 hominibus
1227 541 1391 593 legitur,
1433 541 1545 581 cives
1577 540 1666 581 Ro-

77 626 241 663 manos,
291 613 363 665 qui
409 613 609 654 firmandi
648 614 816 666 imperii
864 625 996 653 causa
1042 613 1087 652 in
1134 612 1321 653 colonias
1368 612 1665 659 mittebantur,

76 683 274 724 detrusos
307 696 401 724 esse
434 683 632 724 dixerunt
666 684 812 737 eisque
845 684 971 736 longe
998 683 1201 735 praelatos
1226 683 1477 736 permultos,
1512 683 1666 734 quibus

76 766 129 794 ex
175 754 479 806 peregrinitate
526 755 570 794 in
617 755 835 795 civitatem
891 754 1073 806 receptis
1122 754 1270 794 civitas
1319 766 1415 794 cum
1464 753 1668 805 suffragio

78 825 277 875 dabatur,
322 838 453 877 quam
493 827 606 866 esset
646 825 688 866 id
721 838 798 877 per
829 837 875 865 se
909 825 1078 873 mirum,
1119 837 1172 864 ne
1206 824 1298 865 illos
1331 824 1505 877 quidem
1537 825 1666 877 ipsos,

77 896 148 948 qui
180 896 224 936 id
255 895 541 944 affirmarunt,
591 895 739 936 fallere
779 891 978 948 potuit.2)
1040 895 1204 948 Itaque,
1253 898 1300 936 ut
1338 896 1551 936 rationem
1591 895 1668 936 ali-

76 979 207 1018 quam
239 966 481 1015 redderent,
516 966 663 1007 faecem
699 966 847 1018 populi
879 967 922 1006 in
955 979 1029 1006 eas
1062 966 1320 1007 exhaustam
1354 979 1668 1007 commemora—

75 1033 234 1089 1‘unt3),
267 1036 400 1085 obliti,
440 1036 590 1077 faecem
623 1037 770 1089 populi
803 1037 905 1077 iuris
938 1037 1169 1077 amissione
1202 1037 1413 1077 offensam
1445 1050 1531 1078 non
1563 1050 1667 1078 sane

74 1107 235 1148 bonam
284 1107 465 1148 aliorum
512 1107 835 1159 tranquillitatis
877 1107 1100 1148 custodem
1140 1108 1330 1148 futuram
1374 1108 1519 1148 fuisse.
1583 1107 1670 1148 Sed

74 1180 213 1218 totum
244 1179 325 1218 hoc
358 1178 414 1218 ad
457 1191 507 1218 ea
546 1180 757 1230 tempora,
808 1178 963 1230 quibus
1008 1178 1273 1219 coloniarum
1316 1178 1667 1219 deducendarum

74 1249 183 1289 ratio
231 1251 325 1289 orta
374 1251 416 1289 et
455 1249 688 1289 constituta
728 1252 804 1298 est,
855 1249 909 1289 ab
958 1250 1008 1289 iis
1059 1249 1323 1301 temporibus
1370 1249 1668 1298 traduxerunt,

74 1319 229 1370 quibus
264 1319 328 1359 Ti.
365 1322 407 1360 et
448 1319 492 1360 C.
528 1319 708 1360 Gracchi
748 1319 936 1361 colonias
982 1320 1239 1361 condebant.
1313 1319 1572 1372 Quanquam
1615 1334 1669 1360 ne

73 1389 117 1429 hi
150 1390 323 1442 quidem
363 1391 423 1430 ita
464 1390 580 1442 plebi
619 1390 777 1431 infimae
817 1391 1039 1431 consulere
1079 1394 1325 1443 potuerunt,
1375 1393 1422 1431 ut
1462 1396 1669 1443 tanquam

75 1460 226 1500 faecem
259 1463 506 1501 contentam
541 1474 635 1502 esse
668 1462 895 1502 commodo
930 1462 1054 1514 agelli
1088 1474 1183 1502 cum
1210 1462 1509 1503 imminutione
1533 1462 1669 1515 digni-

78 1532 175 1572 tatis
200 1531 412 1573 iuberent.
462 1532 713 1584 Antiquitus
737 1545 952 1584 pauperes
970 1532 1238 1585 plerumque,
1273 1532 1349 1573 sed
1373 1533 1474 1573 boni
1499 1533 1668 1582 milites,

75 1615 150 1654 spe
184 1603 282 1643 vitae
316 1602 481 1643 facilius
515 1603 823 1652 sustentandae,
873 1604 953 1643 etsi
996 1616 1093 1643 cum
1133 1603 1282 1644 labore
1321 1602 1441 1656 (nam
1483 1616 1535 1644 ex
1568 1617 1670 1656 agro

74 1687 160 1714 non
208 1675 267 1715 ita
314 1687 473 1727 magno
513 1674 691 1714 colendo
732 1674 869 1714 victus
911 1673 1219 1726 quaerebatur),
1268 1675 1575 1722 invitabantur,
1625 1678 1671 1715 ut

75 1746 291 1786 communi
323 1746 384 1786 rei
416 1744 600 1797 publicae
633 1744 735 1785 sede
759 1744 907 1784 relicta
934 1745 1046 1785 inter
1071 1745 1251 1786 aliorum
1280 1758 1446 1786 morum
1473 1745 1669 1786 homines

75 1815 314 1868 infidosque
346 1816 614 1864 habitarent,
654 1817 943 1868 poterantque
984 1815 1109 1868 deligi
1142 1815 1313 1868 publice
1347 1816 1401 1856 ad
1433 1815 1476 1856 id
1509 1816 1670 1857 militiae

75 1899 210 1938 genus
241 1887 301 1926 rei
334 1887 518 1939 publicae
551 1883 909 1939 praestanduin.4)
958 1887 1045 1927 Nec
1080 1890 1248 1927 tantum
1282 1886 1384 1927 illud
1408 1887 1567 1927 mirum
1592 1890 1668 1929 est.
1691 1897 1706 1920 2

169 2062 458 2101 admitterentur,
491 2062 527 2095 in
564 2073 689 2095 eorum
724 2073 854 2105 corpus
887 2063 1070 2096 transisse.
1122 2063 1191 2096 Sed
1218 2066 1293 2097 tota
1319 2074 1375 2097 res
1402 2063 1437 2096 in
1464 2063 1670 2097 coniectura

169 2120 286 2164 posita
312 2125 375 2154 est.
429 2118 548 2162 1834]

111 2177 139 2221 ¹)
166 2179 242 2213 Vid.
270 2191 304 2224 p.
331 2179 399 2212 242
426 2183 498 2213 not.
526 2180 558 2213 2.

112 2236 140 2280 ²)
166 2237 327 2272 Fuerunt
359 2242 493 2280 tamen,
533 2250 598 2272 nec
632 2238 766 2272 indocti
799 2239 961 2282 alioquin
995 2239 1172 2280 homines,
1212 2251 1302 2284 quos
1336 2240 1385 2273 ita
1418 2239 1506 2273 nihil
1540 2240 1670 2273 horum

168 2297 343 2338 turbaret,
383 2301 422 2331 ut
458 2298 578 2338 etiam,
618 2308 731 2341 quum
764 2297 841 2340 lege
874 2297 966 2331 Iulia
992 2298 1118 2332 civitas
1145 2300 1292 2333 daretur
1317 2299 1421 2333 sociis
1454 2302 1489 2332 et
1522 2298 1669 2337 Latinis,

169 2356 263 2389 solas
290 2356 447 2390 colonias
475 2356 607 2390 civium
635 2356 798 2390 exclusas
824 2360 1005 2400 putarent,
1033 2359 1129 2401 quod
1156 2359 1252 2402 apud
1270 2359 1462 2402 scriptores
1481 2369 1607 2391 earum
1635 2358 1671 2391 in

170 2415 231 2448 illa
256 2426 295 2449 re
327 2416 427 2449 nulla
458 2415 560 2449 fieret
592 2415 728 2449 mentio
764 2414 847 2456 <hoc
880 2415 1026 2459 quidem
1059 2427 1186 2450 verum
1214 2421 1284 2454 est3
1324 2416 1401 2450 dari
1427 2417 1535 2457 enim,
1575 2417 1671 2460 quod

170 2473 365 2514 habebant,
392 2485 483 2518 opus
509 2485 581 2508 non
608 2472 715 2516 erat);
743 2474 813 2508 vid.
841 2474 961 2508 Garat.
988 2475 1033 2508 ad
1060 2475 1130 2509 Cic.
1158 2487 1222 2519 pro
1245 2476 1326 2510 Cael.
1353 2476 1431 2509 loco
1457 2476 1565 2519 paulo
1587 2480 1671 2510 ante

170 2532 289 2566 citato.

115 2588 144 2632 ³)
169 2591 277 2625 Velut
302 2592 457 2626 Rothius
483 2592 527 2626 de
553 2603 591 2626 re
618 2603 717 2626 mun.
745 2604 778 2636 p.
806 2592 828 2625 5
854 2596 940 2634 1101.,
974 2593 1263 2637 Hopfensackius
1296 2606 1329 2638 p.
1358 2594 1401 2627 13
1433 2598 1506 2628 not.
1558 2595 1670 2628 Utun-

170 2653 230 2684 tur
255 2650 291 2684 in
318 2662 360 2684 ea
385 2662 423 2685 re
449 2651 613 2685 nonnulli
639 2651 730 2685 Livii
756 2651 842 2685 locis
868 2651 927 2692 III,
955 2651 986 2692 1,
1014 2652 1053 2692 V,
1087 2650 1143 2693 24,
1178 2653 1240 2686 ubi
1267 2664 1312 2687 ne
1338 2653 1373 2687 id
1400 2653 1485 2687 dicit
1512 2653 1669 2697 quidem.

171 2706 301 2750 [Iidem
332 2709 533 2751 interdum,
573 2714 612 2743 ut
644 2710 792 2751 Walter,
831 2710 887 2744 sui
919 2710 1037 2751 obliti,
1077 2722 1120 2744 ex
1152 2711 1266 2745 firmis
1298 2712 1478 2746 veteranis
1513 2712 1670 2746 colonias

171 2768 385 2802 constitutas
410 2772 571 2802 narrant.
623 2767 741 2811 1834]

113 2823 142 2868 ⁴²)
169 2825 291 2868 Quum
329 2827 481 2861 Velitras
520 2826 725 2871 pestilentia
763 2832 922 2862 vastatas
963 2829 1080 2862 coloni
1119 2829 1241 2873 scripti
1279 2841 1310 2863 a.
1337 2829 1405 2862 492
1438 2830 1488 2863 ire
1521 2829 1669 2869 nollent,

172 2884 357 2920 decretum
391 2890 460 2927 est,
499 2890 540 2920 ut
572 2890 668 2920 sorte
703 2898 746 2920 ex
780 2886 949 2921 universo
981 2888 1115 2932 populo
1148 2888 1265 2922 coloni
1298 2888 1533 2928 ducerentur,
1572 2888 1671 2931 gravi

1687 551 1738 575 245
