<?xml version="1.0" encoding="UTF-8"?>
<!DOCTYPE html PUBLIC "-//W3C//DTD XHTML 1.0 Transitional//EN"
    "http://www.w3.org/TR/xhtml1/DTD/xhtml1-transitional.dtd">
<html xmlns="http://www.w3.org/1999/xhtml" xml:lang="en" lang="en">
 <head>
  <title>
</title>
<meta http-equiv="Content-Type" content="text/html;charset=utf-8" />
  <meta name='ocr-system' content='tesseract 3.04.00' />
  <meta name='ocr-capabilities' content='ocr_page ocr_carea ocr_par ocr_line ocrx_word'/>
</head>
<body>
  <div class='ocr_page' id='page_1' title='image "./ionicolaimadvigi00madvuoft_0546.png"; bbox 0 0 1915 3235; ppageno 0'>
   <div class='ocr_carea' id='block_1_1' title="bbox 91 840 140 865">
    <p class='ocr_par' dir='ltr' id='par_1_1' title="bbox 91 840 140 865">
     <span class='ocr_line' id='line_1_1' title="bbox 91 840 140 865; baseline 0.02 -1"><span class='ocrx_word' id='word_1_1' title='bbox 91 840 140 865; x_wconf 86' lang='lat'>153</span> 
     </span>
    </p>
   </div>
   <div class='ocr_carea' id='block_1_2' title="bbox 909 131 994 172">
    <p class='ocr_par' dir='ltr' id='par_1_2' title="bbox 909 131 994 172">
     <span class='ocr_line' id='line_1_2' title="bbox 909 131 994 172; baseline -0.012 0"><span class='ocrx_word' id='word_1_2' title='bbox 909 131 994 172; x_wconf 79' lang='lat'>522</span> 
     </span>
    </p>
   </div>
   <div class='ocr_carea' id='block_1_3' title="bbox 157 258 1770 2671">
    <p class='ocr_par' dir='ltr' id='par_1_3' title="bbox 157 258 1756 598">
     <span class='ocr_line' id='line_1_3' title="bbox 157 258 1754 314; baseline 0.001 -10"><span class='ocrx_word' id='word_1_3' title='bbox 157 263 188 304; x_wconf 84' lang='lat' dir='ltr'>si</span> <span class='ocrx_word' id='word_1_4' title='bbox 223 263 283 303; x_wconf 90' lang='lat' dir='ltr'>ita</span> <span class='ocrx_word' id='word_1_5' title='bbox 315 263 428 311; x_wconf 82' lang='lat' dir='ltr'>sunt⁷</span> <span class='ocrx_word' id='word_1_6' title='bbox 477 261 618 301; x_wconf 62' lang='lat' dir='ltr'>onznia</span> <span class='ocrx_word' id='word_1_7' title='bbox 664 260 763 301; x_wconf 86' lang='lat' dir='ltr'>ferri</span> <span class='ocrx_word' id='word_1_8' title='bbox 806 273 893 301; x_wconf 89' lang='lat' dir='ltr'>non</span> <span class='ocrx_word' id='word_1_9' title='bbox 937 263 1093 314; x_wconf 90' lang='lat' dir='ltr'>potest.</span> <span class='ocrx_word' id='word_1_10' title='bbox 1108 258 1141 313; x_wconf 91' lang='lat'>1)</span> <span class='ocrx_word' id='word_1_11' title='bbox 1205 261 1290 302; x_wconf 83' lang='lat' dir='ltr'>Sed</span> <span class='ocrx_word' id='word_1_12' title='bbox 1333 264 1408 303; x_wconf 87' lang='lat' dir='ltr'>aut</span> <span class='ocrx_word' id='word_1_13' title='bbox 1448 262 1572 305; x_wconf 88' lang='lat' dir='ltr'>fallor</span> <span class='ocrx_word' id='word_1_14' title='bbox 1605 266 1681 305; x_wconf 88' lang='lat' dir='ltr'>aut</span> <span class='ocrx_word' id='word_1_15' title='bbox 1711 264 1754 305; x_wconf 90' lang='lat' dir='ltr'>in</span> 
     </span>
     <span class='ocr_line' id='line_1_4' title="bbox 158 331 1754 385; baseline 0.001 -12"><span class='ocrx_word' id='word_1_16' title='bbox 158 347 206 375; x_wconf 66' lang='lat' dir='ltr'>co</span> <span class='ocrx_word' id='word_1_17' title='bbox 240 334 351 374; x_wconf 90' lang='lat' dir='ltr'>inest</span> <span class='ocrx_word' id='word_1_18' title='bbox 383 332 487 372; x_wconf 88' lang='lat' dir='ltr'>illud</span> <span class='ocrx_word' id='word_1_19' title='bbox 519 332 675 384; x_wconf 74' lang='lat' dir='ltr'>ipsum,</span> <span class='ocrx_word' id='word_1_20' title='bbox 711 331 827 384; x_wconf 83' lang='lat' dir='ltr'>quod</span> <span class='ocrx_word' id='word_1_21' title='bbox 856 331 1220 385; x_wconf 72' lang='lat' dir='ltr'>wyttenbachius</span> <span class='ocrx_word' id='word_1_22' title='bbox 1254 332 1545 385; x_wconf 75' lang='lat' dir='ltr'>desiderabat,</span> <span class='ocrx_word' id='word_1_23' title='bbox 1579 334 1754 375; x_wconf 74' lang='lat' dir='ltr'>homini-</span> 
     </span>
     <span class='ocr_line' id='line_1_5' title="bbox 158 401 1754 459; baseline 0.001 -15"><span class='ocrx_word' id='word_1_24' title='bbox 158 404 243 454; x_wconf 73' lang='lat' dir='ltr'>bus,</span> <span class='ocrx_word' id='word_1_25' title='bbox 293 403 408 456; x_wconf 81' lang='lat' dir='ltr'>quod</span> <span class='ocrx_word' id='word_1_26' title='bbox 441 402 554 443; x_wconf 89' lang='lat' dir='ltr'>male</span> <span class='ocrx_word' id='word_1_27' title='bbox 598 401 836 443; x_wconf 87' lang='lat' dir='ltr'>diiunctum</span> <span class='ocrx_word' id='word_1_28' title='bbox 869 416 894 444; x_wconf 89' lang='lat' dir='ltr'>a</span> <span class='ocrx_word' id='word_1_29' title='bbox 927 402 1221 456; x_wconf 84' lang='lat' dir='ltr'>superioribus</span> <span class='ocrx_word' id='word_1_30' title='bbox 1255 406 1297 444; x_wconf 92' lang='lat' dir='ltr'>et</span> <span class='ocrx_word' id='word_1_31' title='bbox 1331 404 1587 457; x_wconf 88' lang='lat' dir='ltr'>compendio</span> <span class='ocrx_word' id='word_1_32' title='bbox 1620 406 1754 459; x_wconf 88' lang='lat' dir='ltr'>scrip-</span> 
     </span>
     <span class='ocr_line' id='line_1_6' title="bbox 157 473 1756 517; baseline 0.001 -1"><span class='ocrx_word' id='word_1_33' title='bbox 157 478 249 516; x_wconf 91' lang='lat' dir='ltr'>tum</span> <span class='ocrx_word' id='word_1_34' title='bbox 292 475 335 515; x_wconf 90' lang='lat' dir='ltr'>in</span> <span class='ocrx_word' id='word_1_35' title='bbox 376 473 489 515; x_wconf 84' lang='lat' dir='ltr'>hanc</span> <span class='ocrx_word' id='word_1_36' title='bbox 532 473 718 515; x_wconf 84' lang='lat' dir='ltr'>formam</span> <span class='ocrx_word' id='word_1_37' title='bbox 761 474 943 514; x_wconf 84' lang='lat' dir='ltr'>transiit.</span> <span class='ocrx_word' id='word_1_38' title='bbox 1008 474 1091 515; x_wconf 84' lang='lat' dir='ltr'>Pro</span> <span class='ocrx_word' id='word_1_39' title='bbox 1140 475 1280 515; x_wconf 71' lang='lat' dir='ltr'>(mimo</span> <span class='ocrx_word' id='word_1_40' title='bbox 1327 475 1524 516; x_wconf 73' lang='lat' dir='ltr'>Davisius</span> <span class='ocrx_word' id='word_1_41' title='bbox 1574 477 1689 517; x_wconf 83' lang='lat' dir='ltr'>recte</span> <span class='ocrx_word' id='word_1_42' title='bbox 1734 490 1756 517; x_wconf 94' lang='lat' dir='ltr'>e</span> 
     </span>
     <span class='ocr_line' id='line_1_7' title="bbox 159 542 1538 598; baseline 0 -11"><span class='ocrx_word' id='word_1_43' title='bbox 159 546 354 588; x_wconf 80' lang='lat' dir='ltr'>codicum</span> <span class='ocrx_word' id='word_1_44' title='bbox 388 545 575 598; x_wconf 76' lang='lat' dir='ltr'>vestigiis</span> <span class='ocrx_word' id='word_1_45' title='bbox 609 542 811 597; x_wconf 77' lang='lat' dir='ltr'>(animus)</span> <span class='ocrx_word' id='word_1_46' title='bbox 846 545 1000 585; x_wconf 66' lang='lat' dir='ltr'>cmimesss</span> <span class='ocrx_word' id='word_1_47' title='bbox 1032 545 1310 587; x_wconf 84' lang='lat' dir='ltr'>scribendum</span> <span class='ocrx_word' id='word_1_48' title='bbox 1344 546 1538 588; x_wconf 88' lang='lat' dir='ltr'>coniecit.</span> 
     </span>
    </p>

    <p class='ocr_par' dir='ltr' id='par_1_4' title="bbox 160 614 1764 1301">
     <span class='ocr_line' id='line_1_8' title="bbox 277 614 1755 672; baseline 0.001 -15"><span class='ocrx_word' id='word_1_49' title='bbox 277 616 440 657; x_wconf 89' lang='lat' dir='ltr'>Eodem</span> <span class='ocrx_word' id='word_1_50' title='bbox 474 616 613 668; x_wconf 84' lang='lat' dir='ltr'>capite</span> <span class='ocrx_word' id='word_1_51' title='bbox 647 614 670 667; x_wconf 65' lang='grc' dir='ltr'><strong>ἓ</strong></span> <span class='ocrx_word' id='word_1_52' title='bbox 702 615 760 656; x_wconf 76' lang='grc'>44</span> <span class='ocrx_word' id='word_1_53' title='bbox 791 615 892 657; x_wconf 89' lang='lat' dir='ltr'>olim</span> <span class='ocrx_word' id='word_1_54' title='bbox 927 615 1138 657; x_wconf 77' lang='lat' dir='ltr'>edebatur</span> <span class='ocrx_word' id='word_1_55' title='bbox 1171 630 1194 658; x_wconf 92' lang='lat' dir='ltr'>e</span> <span class='ocrx_word' id='word_1_56' title='bbox 1227 617 1466 658; x_wconf 81' lang='lat' dir='ltr'>codicibus:</span> <span class='ocrx_word' id='word_1_57' title='bbox 1508 618 1755 672; x_wconf 75' lang='lat' dir='ltr'>Reprimam</span> 
     </span>
     <span class='ocr_line' id='line_1_9' title="bbox 162 687 1758 742; baseline 0.001 -13"><span class='ocrx_word' id='word_1_58' title='bbox 162 690 259 738; x_wconf 68' lang='lat' dir='ltr'>icmz,</span> <span class='ocrx_word' id='word_1_59' title='bbox 301 692 336 728; x_wconf 87' lang='lat' dir='ltr'>et</span> <span class='ocrx_word' id='word_1_60' title='bbox 368 701 450 728; x_wconf 49' lang='lat' dir='ltr'>«nou</span> <span class='ocrx_word' id='word_1_61' title='bbox 483 688 680 742; x_wconf 66' lang='lat' dir='ltr'>insequar</span> <span class='ocrx_word' id='word_1_62' title='bbox 712 687 894 741; x_wconf 65' lang='lat' dir='ltr'>longliztsg</span> <span class='ocrx_word' id='word_1_63' title='bbox 934 700 1048 728; x_wconf 90' lang='lat' dir='ltr'>nunc</span> <span class='ocrx_word' id='word_1_64' title='bbox 1082 687 1223 728; x_wconf 88' lang='lat' dir='ltr'>editur</span> <span class='ocrx_word' id='word_1_65' title='bbox 1255 689 1341 728; x_wconf 78' lang='lat' dir='ltr'>iam</span> <span class='ocrx_word' id='word_1_66' title='bbox 1373 702 1448 739; x_wconf 77' lang='lat' dir='ltr'>me,</span> <span class='ocrx_word' id='word_1_67' title='bbox 1492 689 1608 741; x_wconf 82' lang='lat' dir='ltr'>quod</span> <span class='ocrx_word' id='word_1_68' title='bbox 1641 690 1758 742; x_wconf 92' lang='lat' dir='ltr'>apud</span> 
     </span>
     <span class='ocr_line' id='line_1_10' title="bbox 161 758 1756 813; baseline 0 -12"><span class='ocrx_word' id='word_1_69' title='bbox 161 760 347 813; x_wconf 86' lang='lat' dir='ltr'>primum</span> <span class='ocrx_word' id='word_1_70' title='bbox 382 761 446 799; x_wconf 90' lang='lat' dir='ltr'>est</span> <span class='ocrx_word' id='word_1_71' title='bbox 479 758 763 811; x_wconf 84' lang='lat' dir='ltr'>Stephanum,</span> <span class='ocrx_word' id='word_1_72' title='bbox 797 759 1042 800; x_wconf 86' lang='lat' dir='ltr'>necessaria</span> <span class='ocrx_word' id='word_1_73' title='bbox 1075 772 1178 800; x_wconf 86' lang='lat' dir='ltr'>sane</span> <span class='ocrx_word' id='word_1_74' title='bbox 1212 759 1471 809; x_wconf 83' lang='lat' dir='ltr'>adiectione3</span> <span class='ocrx_word' id='word_1_75' title='bbox 1505 760 1582 801; x_wconf 88' lang='lat' dir='ltr'>sed</span> <span class='ocrx_word' id='word_1_76' title='bbox 1615 765 1650 801; x_wconf 84' lang='lat' dir='ltr'>et</span> <span class='ocrx_word' id='word_1_77' title='bbox 1674 774 1756 801; x_wconf 76' lang='lat' dir='ltr'>non</span> 
     </span>
     <span class='ocr_line' id='line_1_11' title="bbox 160 829 1759 883; baseline 0.001 -11"><span class='ocrx_word' id='word_1_78' title='bbox 160 831 241 872; x_wconf 90' lang='lat' dir='ltr'>hoc</span> <span class='ocrx_word' id='word_1_79' title='bbox 273 831 366 872; x_wconf 88' lang='lat' dir='ltr'>loco</span> <span class='ocrx_word' id='word_1_80' title='bbox 410 829 637 870; x_wconf 86' lang='lat' dir='ltr'>ferendum</span> <span class='ocrx_word' id='word_1_81' title='bbox 681 843 767 870; x_wconf 90' lang='lat' dir='ltr'>non</span> <span class='ocrx_word' id='word_1_82' title='bbox 811 831 888 870; x_wconf 82' lang='lat' dir='ltr'>est.</span> <span class='ocrx_word' id='word_1_83' title='bbox 952 829 1094 870; x_wconf 89' lang='lat' dir='ltr'>Unam</span> <span class='ocrx_word' id='word_1_84' title='bbox 1138 829 1327 871; x_wconf 75' lang='lat' dir='ltr'>litteram</span> <span class='ocrx_word' id='word_1_85' title='bbox 1370 832 1647 883; x_wconf 81' lang='lat' dir='ltr'>geminatam,</span> <span class='ocrx_word' id='word_1_86' title='bbox 1697 831 1759 873; x_wconf 86' lang='lat' dir='ltr'>al-</span> 
     </span>
     <span class='ocr_line' id='line_1_12' title="bbox 162 897 1759 957; baseline 0.001 -15"><span class='ocrx_word' id='word_1_87' title='bbox 162 904 301 943; x_wconf 87' lang='lat' dir='ltr'>teram</span> <span class='ocrx_word' id='word_1_88' title='bbox 348 901 567 942; x_wconf 78' lang='lat' dir='ltr'>sublatam</span> <span class='ocrx_word' id='word_1_89' title='bbox 611 901 820 953; x_wconf 87' lang='lat' dir='ltr'>oportuit:</span> <span class='ocrx_word' id='word_1_90' title='bbox 870 900 1117 954; x_wconf 63' lang='lat' dir='ltr'>Reprimam</span> <span class='ocrx_word' id='word_1_91' title='bbox 1164 901 1252 941; x_wconf 70' lang='lat' dir='ltr'>iam</span> <span class='ocrx_word' id='word_1_92' title='bbox 1298 915 1386 954; x_wconf 76' lang='lat' dir='ltr'>me;</span> <span class='ocrx_word' id='word_1_93' title='bbox 1432 915 1514 942; x_wconf 47' lang='lat' dir='ltr'>&#39;non</span> <span class='ocrx_word' id='word_1_94' title='bbox 1561 897 1759 957; x_wconf 67' lang='lat' dir='ltr'>insequar</span> 
     </span>
     <span class='ocr_line' id='line_1_13' title="bbox 163 971 1758 1027; baseline 0.001 -15"><span class='ocrx_word' id='word_1_95' title='bbox 163 973 337 1027; x_wconf 69' lang='lat' dir='ltr'>longsius.</span> <span class='ocrx_word' id='word_1_96' title='bbox 387 971 513 1022; x_wconf 82' lang='lat' dir='ltr'>Quod</span> <span class='ocrx_word' id='word_1_97' title='bbox 544 971 613 1012; x_wconf 87' lang='lat' dir='ltr'>hic</span> <span class='ocrx_word' id='word_1_98' title='bbox 646 971 915 1021; x_wconf 79' lang='lat' dir='ltr'>abundabat,</span> <span class='ocrx_word' id='word_1_99' title='bbox 950 973 993 1012; x_wconf 91' lang='lat' dir='ltr'>in</span> <span class='ocrx_word' id='word_1_100' title='bbox 1025 972 1232 1024; x_wconf 77' lang='lat' dir='ltr'>proximis</span> <span class='ocrx_word' id='word_1_101' title='bbox 1265 972 1559 1025; x_wconf 89' lang='lat' dir='ltr'>superioribus</span> <span class='ocrx_word' id='word_1_102' title='bbox 1594 973 1758 1023; x_wconf 76' lang='lat' dir='ltr'>deesse,</span> 
     </span>
     <span class='ocr_line' id='line_1_14' title="bbox 164 1043 1760 1091; baseline 0 -6"><span class='ocrx_word' id='word_1_103' title='bbox 164 1046 278 1085; x_wconf 89' lang='lat' dir='ltr'>recte</span> <span class='ocrx_word' id='word_1_104' title='bbox 311 1043 548 1084; x_wconf 82' lang='lat' dir='ltr'>Lambinus</span> <span class='ocrx_word' id='word_1_105' title='bbox 581 1043 734 1091; x_wconf 81' lang='lat' dir='ltr'>sensit;</span> <span class='ocrx_word' id='word_1_106' title='bbox 768 1043 845 1084; x_wconf 89' lang='lat' dir='ltr'>sed</span> <span class='ocrx_word' id='word_1_107' title='bbox 877 1043 1088 1084; x_wconf 84' lang='lat' dir='ltr'>mutanda</span> <span class='ocrx_word' id='word_1_108' title='bbox 1116 1043 1243 1084; x_wconf 88' lang='lat' dir='ltr'>simul</span> <span class='ocrx_word' id='word_1_109' title='bbox 1268 1043 1484 1085; x_wconf 88' lang='lat' dir='ltr'>distinctio</span> <span class='ocrx_word' id='word_1_110' title='bbox 1509 1043 1760 1085; x_wconf 82' lang='lat' dir='ltr'>verborum:</span> 
     </span>
     <span class='ocr_line' id='line_1_15' title="bbox 165 1114 1759 1168; baseline 0 -13"><span class='ocrx_word' id='word_1_111' title='bbox 165 1115 324 1156; x_wconf 67' lang='lat' dir='ltr'>indicia</span> <span class='ocrx_word' id='word_1_112' title='bbox 348 1119 559 1168; x_wconf 67' lang='lat' dir='ltr'>perrupta</span> <span class='ocrx_word' id='word_1_113' title='bbox 593 1114 644 1154; x_wconf 75' lang='lat' dir='ltr'>ab</span> <span class='ocrx_word' id='word_1_114' title='bbox 678 1114 824 1155; x_wconf 71' lang='lat' dir='ltr'>iisdem</span> <span class='ocrx_word' id='word_1_115' title='bbox 859 1119 895 1154; x_wconf 86' lang='lat' dir='ltr'>et</span> <span class='ocrx_word' id='word_1_116' title='bbox 927 1119 1125 1167; x_wconf 71' lang='lat' dir='ltr'>corrupta</span> <span class='ocrx_word' id='word_1_117' title='bbox 1133 1129 1151 1167; x_wconf 81' lang='lat'><em>;</em></span> <span class='ocrx_word' id='word_1_118' title='bbox 1193 1114 1420 1167; x_wconf 53' lang='lat' dir='ltr'>hominum)</span> <span class='ocrx_word' id='word_1_119' title='bbox 1462 1128 1544 1155; x_wconf 75' lang='lat' dir='ltr'>non</span> <span class='ocrx_word' id='word_1_120' title='bbox 1576 1114 1759 1156; x_wconf 79' lang='lat' dir='ltr'>deorum.</span> 
     </span>
     <span class='ocr_line' id='line_1_16' title="bbox 165 1185 1764 1239; baseline -0.001 -10"><span class='ocrx_word' id='word_1_121' title='bbox 165 1189 233 1229; x_wconf 80' lang='lat' dir='ltr'>Sic</span> <span class='ocrx_word' id='word_1_122' title='bbox 265 1187 358 1227; x_wconf 89' lang='lat' dir='ltr'>haec</span> <span class='ocrx_word' id='word_1_123' title='bbox 393 1186 560 1226; x_wconf 87' lang='lat' dir='ltr'>adiecta</span> <span class='ocrx_word' id='word_1_124' title='bbox 594 1185 777 1226; x_wconf 87' lang='lat' dir='ltr'>eandem</span> <span class='ocrx_word' id='word_1_125' title='bbox 811 1187 898 1226; x_wconf 76' lang='lat' dir='ltr'>vim</span> <span class='ocrx_word' id='word_1_126' title='bbox 931 1186 1110 1236; x_wconf 79' lang='lat' dir='ltr'>habent,</span> <span class='ocrx_word' id='word_1_127' title='bbox 1146 1199 1277 1239; x_wconf 80' lang='lat' dir='ltr'>quam</span> <span class='ocrx_word' id='word_1_128' title='bbox 1312 1186 1560 1227; x_wconf 83' lang='lat' dir='ltr'>Goerenzius</span> <span class='ocrx_word' id='word_1_129' title='bbox 1594 1185 1764 1227; x_wconf 87' lang='lat' dir='ltr'>efficere</span> 
     </span>
     <span class='ocr_line' id='line_1_17' title="bbox 165 1257 641 1301; baseline -0.011 0"><span class='ocrx_word' id='word_1_130' title='bbox 165 1259 371 1301; x_wconf 82' lang='lat' dir='ltr'>studebat</span> <span class='ocrx_word' id='word_1_131' title='bbox 404 1257 551 1298; x_wconf 89' lang='lat' dir='ltr'>addito</span> <span class='ocrx_word' id='word_1_132' title='bbox 585 1261 641 1297; x_wconf 80' lang='lat' dir='ltr'>at.</span> 
     </span>
    </p>

    <p class='ocr_par' dir='ltr' id='par_1_5' title="bbox 167 1327 1770 2671">
     <span class='ocr_line' id='line_1_18' title="bbox 284 1327 1766 1383; baseline -0.002 -11"><span class='ocrx_word' id='word_1_133' title='bbox 284 1329 350 1383; x_wconf 89' lang='lat' dir='ltr'>[C.</span> <span class='ocrx_word' id='word_1_134' title='bbox 388 1331 452 1380; x_wconf 61' lang='lat'>18,</span> <span class='ocrx_word' id='word_1_135' title='bbox 494 1328 564 1378; x_wconf 75' lang='lat'>45,</span> <span class='ocrx_word' id='word_1_136' title='bbox 605 1327 680 1369; x_wconf 91' lang='lat' dir='ltr'>ubi</span> <span class='ocrx_word' id='word_1_137' title='bbox 721 1328 961 1380; x_wconf 66' lang='lat' dir='ltr'>exponitur,</span> <span class='ocrx_word' id='word_1_138' title='bbox 1011 1341 1107 1380; x_wconf 77' lang='lat' dir='ltr'>quae</span> <span class='ocrx_word' id='word_1_139' title='bbox 1154 1341 1299 1368; x_wconf 85' lang='lat' dir='ltr'>rerum</span> <span class='ocrx_word' id='word_1_140' title='bbox 1347 1341 1505 1381; x_wconf 80' lang='lat' dir='ltr'>genera</span> <span class='ocrx_word' id='word_1_141' title='bbox 1551 1328 1676 1369; x_wconf 89' lang='lat' dir='ltr'>Plato</span> <span class='ocrx_word' id='word_1_142' title='bbox 1724 1331 1766 1369; x_wconf 88' lang='lat' dir='ltr'>et</span> 
     </span>
     <span class='ocr_line' id='line_1_19' title="bbox 167 1399 1765 1455; baseline -0.002 -12"><span class='ocrx_word' id='word_1_143' title='bbox 167 1403 256 1455; x_wconf 84' lang='lat' dir='ltr'>ipse</span> <span class='ocrx_word' id='word_1_144' title='bbox 304 1401 452 1443; x_wconf 86' lang='lat' dir='ltr'>Cicero</span> <span class='ocrx_word' id='word_1_145' title='bbox 493 1400 556 1440; x_wconf 91' lang='lat' dir='ltr'>dis</span> <span class='ocrx_word' id='word_1_146' title='bbox 601 1399 841 1441; x_wconf 86' lang='lat' dir='ltr'>consecrari</span> <span class='ocrx_word' id='word_1_147' title='bbox 884 1412 1009 1452; x_wconf 88' lang='lat' dir='ltr'>posse</span> <span class='ocrx_word' id='word_1_148' title='bbox 1056 1399 1207 1449; x_wconf 70' lang='lat' dir='ltr'>velint,</span> <span class='ocrx_word' id='word_1_149' title='bbox 1258 1399 1426 1440; x_wconf 87' lang='lat' dir='ltr'>codices</span> <span class='ocrx_word' id='word_1_150' title='bbox 1470 1401 1512 1439; x_wconf 89' lang='lat' dir='ltr'>et</span> <span class='ocrx_word' id='word_1_151' title='bbox 1557 1399 1765 1440; x_wconf 87' lang='lat' dir='ltr'>editiones</span> 
     </span>
     <span class='ocr_line' id='line_1_20' title="bbox 168 1469 1765 1524; baseline -0.002 -11"><span class='ocrx_word' id='word_1_152' title='bbox 168 1472 441 1514; x_wconf 83' lang='lat' dir='ltr'>consentiunt</span> <span class='ocrx_word' id='word_1_153' title='bbox 472 1472 515 1512; x_wconf 91' lang='lat' dir='ltr'>in</span> <span class='ocrx_word' id='word_1_154' title='bbox 547 1471 629 1512; x_wconf 87' lang='lat' dir='ltr'>hac</span> <span class='ocrx_word' id='word_1_155' title='bbox 668 1471 900 1523; x_wconf 87' lang='lat' dir='ltr'>scriptura:</span> <span class='ocrx_word' id='word_1_156' title='bbox 950 1470 1055 1511; x_wconf 77' lang='lat' dir='ltr'>Hoee</span> <span class='ocrx_word' id='word_1_157' title='bbox 1094 1470 1159 1510; x_wconf 62' lang='lat' dir='ltr'>illi</span> <span class='ocrx_word' id='word_1_158' title='bbox 1199 1469 1402 1523; x_wconf 86' lang='lat' dir='ltr'>(Platoni)</span> <span class='ocrx_word' id='word_1_159' title='bbox 1437 1471 1620 1524; x_wconf 66' lang='lat' dir='ltr'>placent.</span> <span class='ocrx_word' id='word_1_160' title='bbox 1684 1469 1765 1510; x_wconf 81' lang='lat' dir='ltr'>Sed</span> 
     </span>
     <span class='ocr_line' id='line_1_21' title="bbox 168 1540 1766 1598; baseline -0.002 -14"><span class='ocrx_word' id='word_1_161' title='bbox 168 1557 237 1598; x_wconf 68' lang='lat' dir='ltr'>eye</span> <span class='ocrx_word' id='word_1_162' title='bbox 285 1547 420 1583; x_wconf 68' lang='lat' dir='ltr'>cetera</span> <span class='ocrx_word' id='word_1_163' title='bbox 458 1556 540 1583; x_wconf 76' lang='lat' dir='ltr'>non</span> <span class='ocrx_word' id='word_1_164' title='bbox 578 1547 664 1583; x_wconf 73' lang='lat' dir='ltr'>tam</span> <span class='ocrx_word' id='word_1_165' title='bbox 704 1542 886 1582; x_wconf 66' lang='lat' dir='ltr'>restricte</span> <span class='ocrx_word' id='word_1_166' title='bbox 920 1540 1131 1594; x_wconf 68' lang='lat' dir='ltr'>prcefi&#39;nio,</span> <span class='ocrx_word' id='word_1_167' title='bbox 1180 1542 1241 1581; x_wconf 72' lang='lat' dir='ltr'>vet</span> <span class='ocrx_word' id='word_1_168' title='bbox 1287 1540 1499 1581; x_wconf 69' lang='lat' dir='ltr'>homimmz</span> <span class='ocrx_word' id='word_1_169' title='bbox 1551 1541 1660 1581; x_wconf 67' lang='lat' dir='ltr'>vitiis</span> <span class='ocrx_word' id='word_1_170' title='bbox 1705 1541 1766 1581; x_wconf 76' lang='lat' dir='ltr'>vel</span> 
     </span>
     <span class='ocr_line' id='line_1_22' title="bbox 168 1612 1767 1667; baseline -0.001 -13"><span class='ocrx_word' id='word_1_171' title='bbox 168 1613 368 1655; x_wconf 66' lang='lat' dir='ltr'>subsidiis</span> <span class='ocrx_word' id='word_1_172' title='bbox 414 1618 642 1667; x_wconf 73' lang='lat' dir='ltr'>temporum</span> <span class='ocrx_word' id='word_1_173' title='bbox 693 1614 832 1654; x_wconf 67' lang='lat' dir='ltr'>vietus.</span> <span class='ocrx_word' id='word_1_174' title='bbox 912 1612 1056 1653; x_wconf 54' lang='grc' dir='ltr'>Τεννα)Υ</span> <span class='ocrx_word' id='word_1_175' title='bbox 1103 1613 1257 1652; x_wconf 72' lang='lat' dir='ltr'>cultum</span> <span class='ocrx_word' id='word_1_176' title='bbox 1303 1613 1534 1667; x_wconf 66' lang='lat' dir='ltr'>sequiorem</span> <span class='ocrx_word' id='word_1_177' title='bbox 1580 1612 1767 1665; x_wconf 71' lang='lat' dir='ltr'>suspicor</span> 
     </span>
     <span class='ocr_line' id='line_1_23' title="bbox 167 1683 1767 1739; baseline -0.001 -14"><span class='ocrx_word' id='word_1_178' title='bbox 167 1685 273 1737; x_wconf 55' lang='lat' dir='ltr'>fore)</span> <span class='ocrx_word' id='word_1_179' title='bbox 322 1685 358 1725; x_wconf 78' lang='lat' dir='ltr'>si</span> <span class='ocrx_word' id='word_1_180' title='bbox 406 1684 462 1724; x_wconf 74' lang='lat' dir='ltr'>(td</span> <span class='ocrx_word' id='word_1_181' title='bbox 510 1699 600 1725; x_wconf 75' lang='lat' dir='ltr'>eam</span> <span class='ocrx_word' id='word_1_182' title='bbox 648 1684 845 1725; x_wconf 73' lang='lat' dir='ltr'>utendam</span> <span class='ocrx_word' id='word_1_183' title='bbox 882 1684 1079 1739; x_wconf 75' lang='lat' dir='ltr'>ferroque</span> <span class='ocrx_word' id='word_1_184' title='bbox 1117 1683 1419 1724; x_wconf 64' lang='lat' dir='ltr'>subiiciendmn</span> <span class='ocrx_word' id='word_1_185' title='bbox 1462 1683 1767 1737; x_wconf 71' lang='lat' dir='ltr'>superstitionis</span> 
     </span>
     <span class='ocr_line' id='line_1_24' title="bbox 172 1752 1765 1812; baseline -0.003 -15"><span class='ocrx_word' id='word_1_186' title='bbox 172 1756 334 1812; x_wconf 53' lang='lat' dir='ltr'>«taujaid</span> <span class='ocrx_word' id='word_1_187' title='bbox 377 1757 604 1798; x_wconf 69' lang='lat' dir='ltr'>accesserit.</span> <span class='ocrx_word' id='word_1_188' title='bbox 678 1756 763 1798; x_wconf 83' lang='lat' dir='ltr'>Sed</span> <span class='ocrx_word' id='word_1_189' title='bbox 804 1768 894 1808; x_wconf 64' lang='lat' dir='ltr'>ego,</span> <span class='ocrx_word' id='word_1_190' title='bbox 945 1768 1039 1808; x_wconf 80' lang='lat' dir='ltr'>quae</span> <span class='ocrx_word' id='word_1_191' title='bbox 1088 1754 1156 1796; x_wconf 90' lang='lat' dir='ltr'>hic</span> <span class='ocrx_word' id='word_1_192' title='bbox 1203 1754 1393 1795; x_wconf 62' lang='lat' dir='ltr'>subsidia</span> <span class='ocrx_word' id='word_1_193' title='bbox 1432 1758 1662 1807; x_wconf 76' lang='lat' dir='ltr'>temporum</span> <span class='ocrx_word' id='word_1_194' title='bbox 1701 1752 1765 1793; x_wconf 89' lang='lat' dir='ltr'>di-</span> 
     </span>
     <span class='ocr_line' id='line_1_25' title="bbox 173 1823 1765 1881; baseline -0.003 -12"><span class='ocrx_word' id='word_1_195' title='bbox 173 1831 336 1878; x_wconf 79' lang='lat' dir='ltr'>cantur,</span> <span class='ocrx_word' id='word_1_196' title='bbox 371 1842 545 1881; x_wconf 86' lang='lat' dir='ltr'>prorsus</span> <span class='ocrx_word' id='word_1_197' title='bbox 578 1841 665 1869; x_wconf 92' lang='lat' dir='ltr'>non</span> <span class='ocrx_word' id='word_1_198' title='bbox 697 1827 905 1880; x_wconf 80' lang='lat' dir='ltr'>intelligo;</span> <span class='ocrx_word' id='word_1_199' title='bbox 939 1827 1139 1867; x_wconf 78' lang='lat' dir='ltr'>Videntur</span> <span class='ocrx_word' id='word_1_200' title='bbox 1172 1826 1286 1866; x_wconf 89' lang='lat' dir='ltr'>enim</span> <span class='ocrx_word' id='word_1_201' title='bbox 1319 1838 1370 1866; x_wconf 85' lang='lat' dir='ltr'>ea</span> <span class='ocrx_word' id='word_1_202' title='bbox 1394 1837 1487 1866; x_wconf 87' lang='lat' dir='ltr'>esse</span> <span class='ocrx_word' id='word_1_203' title='bbox 1513 1826 1587 1865; x_wconf 89' lang='lat' dir='ltr'>aut</span> <span class='ocrx_word' id='word_1_204' title='bbox 1609 1823 1765 1877; x_wconf 87' lang='lat' dir='ltr'>quibus</span> 
     </span>
     <span class='ocr_line' id='line_1_26' title="bbox 172 1895 1766 1952; baseline -0.003 -12"><span class='ocrx_word' id='word_1_205' title='bbox 172 1900 385 1940; x_wconf 73' lang='lat' dir='ltr'>sublevati</span> <span class='ocrx_word' id='word_1_206' title='bbox 418 1900 565 1952; x_wconf 70' lang='lat' dir='ltr'>gravia</span> <span class='ocrx_word' id='word_1_207' title='bbox 598 1901 641 1939; x_wconf 91' lang='lat' dir='ltr'>et</span> <span class='ocrx_word' id='word_1_208' title='bbox 672 1898 915 1951; x_wconf 87' lang='lat' dir='ltr'>periculosa</span> <span class='ocrx_word' id='word_1_209' title='bbox 950 1900 1146 1950; x_wconf 86' lang='lat' dir='ltr'>tempora</span> <span class='ocrx_word' id='word_1_210' title='bbox 1179 1896 1383 1945; x_wconf 73' lang='lat' dir='ltr'>feramus,</span> <span class='ocrx_word' id='word_1_211' title='bbox 1434 1895 1549 1948; x_wconf 83' lang='lat' dir='ltr'>quod</span> <span class='ocrx_word' id='word_1_212' title='bbox 1589 1895 1644 1935; x_wconf 92' lang='lat' dir='ltr'>ab</span> <span class='ocrx_word' id='word_1_213' title='bbox 1684 1895 1766 1935; x_wconf 88' lang='lat' dir='ltr'>hoc</span> 
     </span>
     <span class='ocr_line' id='line_1_27' title="bbox 172 1966 1767 2021; baseline -0.004 -10"><span class='ocrx_word' id='word_1_214' title='bbox 172 1972 264 2012; x_wconf 85' lang='lat' dir='ltr'>loco</span> <span class='ocrx_word' id='word_1_215' title='bbox 298 1970 607 2011; x_wconf 90' lang='lat' dir='ltr'>alienissimum</span> <span class='ocrx_word' id='word_1_216' title='bbox 641 1972 718 2019; x_wconf 79' lang='lat' dir='ltr'>est,</span> <span class='ocrx_word' id='word_1_217' title='bbox 767 1971 844 2010; x_wconf 84' lang='lat' dir='ltr'>aut</span> <span class='ocrx_word' id='word_1_218' title='bbox 883 1968 1038 2021; x_wconf 82' lang='lat' dir='ltr'>quibus</span> <span class='ocrx_word' id='word_1_219' title='bbox 1077 1971 1323 2020; x_wconf 87' lang='lat' dir='ltr'>temporum</span> <span class='ocrx_word' id='word_1_220' title='bbox 1357 1966 1656 2019; x_wconf 80' lang='lat' dir='ltr'>opportunitas</span> <span class='ocrx_word' id='word_1_221' title='bbox 1689 1979 1767 2006; x_wconf 91' lang='lat' dir='ltr'>nos</span> 
     </span>
     <span class='ocr_line' id='line_1_28' title="bbox 174 2036 1769 2095; baseline -0.004 -12"><span class='ocrx_word' id='word_1_222' title='bbox 174 2043 229 2083; x_wconf 81' lang='lat' dir='ltr'>ad</span> <span class='ocrx_word' id='word_1_223' title='bbox 272 2042 433 2095; x_wconf 84' lang='lat' dir='ltr'>aliquid</span> <span class='ocrx_word' id='word_1_224' title='bbox 476 2041 749 2082; x_wconf 83' lang='lat' dir='ltr'>efficiendum</span> <span class='ocrx_word' id='word_1_225' title='bbox 794 2040 989 2089; x_wconf 78' lang='lat' dir='ltr'>adiuvet;</span> <span class='ocrx_word' id='word_1_226' title='bbox 1039 2052 1288 2092; x_wconf 85' lang='lat' dir='ltr'>quanquam</span> <span class='ocrx_word' id='word_1_227' title='bbox 1332 2051 1436 2078; x_wconf 88' lang='lat' dir='ltr'>num</span> <span class='ocrx_word' id='word_1_228' title='bbox 1480 2037 1539 2078; x_wconf 92' lang='lat' dir='ltr'>sic</span> <span class='ocrx_word' id='word_1_229' title='bbox 1580 2036 1769 2077; x_wconf 68' lang='lat' dir='ltr'>subsidia</span> 
     </span>
     <span class='ocr_line' id='line_1_29' title="bbox 173 2107 1767 2167; baseline -0.004 -13"><span class='ocrx_word' id='word_1_230' title='bbox 173 2128 250 2167; x_wconf 78' lang='lat' dir='ltr'>pro</span> <span class='ocrx_word' id='word_1_231' title='bbox 283 2113 493 2166; x_wconf 73' lang='lat' dir='ltr'>praesidiis</span> <span class='ocrx_word' id='word_1_232' title='bbox 536 2115 577 2153; x_wconf 90' lang='lat' dir='ltr'>et</span> <span class='ocrx_word' id='word_1_233' title='bbox 616 2117 800 2165; x_wconf 73' lang='lat' dir='ltr'>tempora</span> <span class='ocrx_word' id='word_1_234' title='bbox 850 2112 902 2152; x_wconf 91' lang='lat' dir='ltr'>de</span> <span class='ocrx_word' id='word_1_235' title='bbox 951 2110 1273 2163; x_wconf 83' lang='lat' dir='ltr'>opportunitate</span> <span class='ocrx_word' id='word_1_236' title='bbox 1322 2111 1365 2150; x_wconf 91' lang='lat' dir='ltr'>et</span> <span class='ocrx_word' id='word_1_237' title='bbox 1411 2109 1522 2149; x_wconf 86' lang='lat' dir='ltr'>felici</span> <span class='ocrx_word' id='word_1_238' title='bbox 1562 2107 1767 2160; x_wconf 88' lang='lat' dir='ltr'>temporis</span> 
     </span>
     <span class='ocr_line' id='line_1_30' title="bbox 176 2178 1767 2234; baseline -0.005 -8"><span class='ocrx_word' id='word_1_239' title='bbox 176 2185 423 2227; x_wconf 82' lang='lat' dir='ltr'>condicione</span> <span class='ocrx_word' id='word_1_240' title='bbox 457 2185 666 2232; x_wconf 76' lang='lat' dir='ltr'>dicantur,</span> <span class='ocrx_word' id='word_1_241' title='bbox 699 2182 853 2224; x_wconf 86' lang='lat' dir='ltr'>merito</span> <span class='ocrx_word' id='word_1_242' title='bbox 887 2181 1074 2222; x_wconf 88' lang='lat' dir='ltr'>dubitari</span> <span class='ocrx_word' id='word_1_243' title='bbox 1107 2183 1270 2234; x_wconf 88' lang='lat' dir='ltr'>potest;</span> <span class='ocrx_word' id='word_1_244' title='bbox 1303 2193 1453 2220; x_wconf 84' lang='lat' dir='ltr'>verum</span> <span class='ocrx_word' id='word_1_245' title='bbox 1486 2180 1534 2220; x_wconf 86' lang='lat' dir='ltr'>ut</span> <span class='ocrx_word' id='word_1_246' title='bbox 1565 2179 1624 2219; x_wconf 90' lang='lat' dir='ltr'>sic</span> <span class='ocrx_word' id='word_1_247' title='bbox 1650 2178 1767 2219; x_wconf 89' lang='lat' dir='ltr'>dica-</span> 
     </span>
     <span class='ocr_line' id='line_1_31' title="bbox 175 2249 1768 2308; baseline -0.005 -11"><span class='ocrx_word' id='word_1_248' title='bbox 175 2260 256 2307; x_wconf 72' lang='lat' dir='ltr'>tur,</span> <span class='ocrx_word' id='word_1_249' title='bbox 290 2269 430 2308; x_wconf 85' lang='lat' dir='ltr'>neque</span> <span class='ocrx_word' id='word_1_250' title='bbox 463 2256 515 2296; x_wconf 89' lang='lat' dir='ltr'>de</span> <span class='ocrx_word' id='word_1_251' title='bbox 548 2267 593 2295; x_wconf 86' lang='lat' dir='ltr'>re</span> <span class='ocrx_word' id='word_1_252' title='bbox 628 2253 853 2295; x_wconf 85' lang='lat' dir='ltr'>efficienda</span> <span class='ocrx_word' id='word_1_253' title='bbox 885 2252 954 2293; x_wconf 91' lang='lat' dir='ltr'>hic</span> <span class='ocrx_word' id='word_1_254' title='bbox 987 2252 1125 2305; x_wconf 83' lang='lat' dir='ltr'>agitur</span> <span class='ocrx_word' id='word_1_255' title='bbox 1157 2264 1297 2304; x_wconf 83' lang='lat' dir='ltr'>neque</span> <span class='ocrx_word' id='word_1_256' title='bbox 1322 2249 1523 2292; x_wconf 89' lang='lat' dir='ltr'>subsidiis</span> <span class='ocrx_word' id='word_1_257' title='bbox 1549 2250 1768 2298; x_wconf 72' lang='lat' dir='ltr'>vincimur,</span> 
     </span>
     <span class='ocr_line' id='line_1_32' title="bbox 176 2320 1770 2379; baseline -0.006 -11"><span class='ocrx_word' id='word_1_258' title='bbox 176 2327 252 2368; x_wconf 89' lang='lat' dir='ltr'>sed</span> <span class='ocrx_word' id='word_1_259' title='bbox 299 2328 511 2367; x_wconf 79' lang='lat' dir='ltr'>iuvamur.</span> <span class='ocrx_word' id='word_1_260' title='bbox 582 2324 944 2379; x_wconf 67' lang='lat' dir='ltr'>‘Wyttenbachius</span> <span class='ocrx_word' id='word_1_261' title='bbox 993 2325 1187 2364; x_wconf 79' lang='lat' dir='ltr'>enarrat:</span> <span class='ocrx_word' id='word_1_262' title='bbox 1242 2323 1367 2374; x_wconf 87' lang='lat' dir='ltr'>„quia</span> <span class='ocrx_word' id='word_1_263' title='bbox 1413 2320 1609 2362; x_wconf 89' lang='lat' dir='ltr'>homines</span> <span class='ocrx_word' id='word_1_264' title='bbox 1655 2332 1770 2360; x_wconf 87' lang='lat' dir='ltr'>nunc</span> 
     </span>
     <span class='ocr_line' id='line_1_33' title="bbox 176 2390 1767 2451; baseline -0.006 -12"><span class='ocrx_word' id='word_1_265' title='bbox 176 2399 271 2451; x_wconf 90' lang='lat' dir='ltr'>plus</span> <span class='ocrx_word' id='word_1_266' title='bbox 314 2397 508 2450; x_wconf 83' lang='lat' dir='ltr'>pecuniae</span> <span class='ocrx_word' id='word_1_267' title='bbox 552 2397 775 2450; x_wconf 87' lang='lat' dir='ltr'>possident</span> <span class='ocrx_word' id='word_1_268' title='bbox 818 2408 948 2448; x_wconf 74' lang='lat' dir='ltr'>quan]</span> <span class='ocrx_word' id='word_1_269' title='bbox 992 2394 1261 2446; x_wconf 87' lang='lat' dir='ltr'>temporibus</span> <span class='ocrx_word' id='word_1_270' title='bbox 1293 2393 1529 2441; x_wconf 78' lang='lat' dir='ltr'>Platonis“‚</span> <span class='ocrx_word' id='word_1_271' title='bbox 1578 2390 1767 2431; x_wconf 74' lang='lat' dir='ltr'>subsidz‘a</span> 
     </span>
     <span class='ocr_line' id='line_1_34' title="bbox 178 2464 1768 2520; baseline -0.006 -10"><span class='ocrx_word' id='word_1_272' title='bbox 178 2470 266 2510; x_wconf 87' lang='lat' dir='ltr'>fere</span> <span class='ocrx_word' id='word_1_273' title='bbox 299 2482 348 2509; x_wconf 92' lang='lat' dir='ltr'>eo</span> <span class='ocrx_word' id='word_1_274' title='bbox 381 2469 510 2509; x_wconf 89' lang='lat' dir='ltr'>modo</span> <span class='ocrx_word' id='word_1_275' title='bbox 544 2468 771 2520; x_wconf 76' lang='lat' dir='ltr'>accipiens,</span> <span class='ocrx_word' id='word_1_276' title='bbox 806 2480 890 2519; x_wconf 89' lang='lat' dir='ltr'>quo</span> <span class='ocrx_word' id='word_1_277' title='bbox 917 2465 1076 2507; x_wconf 81' lang='lat' dir='ltr'>Gallice</span> <span class='ocrx_word' id='word_1_278' title='bbox 1110 2464 1309 2505; x_wconf 89' lang='lat' dir='ltr'>dicuntur</span> <span class='ocrx_word' id='word_1_279' title='bbox 1335 2476 1584 2511; x_wconf 76' lang='lat' dir='ltr'>ressonrees;</span> <span class='ocrx_word' id='word_1_280' title='bbox 1618 2474 1768 2502; x_wconf 79' lang='lat' dir='ltr'>verum</span> 
     </span>
     <span class='ocr_line' id='line_1_35' title="bbox 176 2532 1769 2592; baseline -0.005 -12"><span class='ocrx_word' id='word_1_281' title='bbox 176 2553 230 2580; x_wconf 90' lang='lat' dir='ltr'>ne</span> <span class='ocrx_word' id='word_1_282' title='bbox 263 2539 306 2580; x_wconf 90' lang='lat' dir='ltr'>id</span> <span class='ocrx_word' id='word_1_283' title='bbox 339 2539 511 2592; x_wconf 86' lang='lat' dir='ltr'>quidem</span> <span class='ocrx_word' id='word_1_284' title='bbox 544 2551 624 2579; x_wconf 88' lang='lat' dir='ltr'>usu</span> <span class='ocrx_word' id='word_1_285' title='bbox 658 2538 868 2579; x_wconf 88' lang='lat' dir='ltr'>sermonis</span> <span class='ocrx_word' id='word_1_286' title='bbox 901 2536 1180 2578; x_wconf 86' lang='lat' dir='ltr'>confirmatur</span> <span class='ocrx_word' id='word_1_287' title='bbox 1212 2537 1254 2574; x_wconf 88' lang='lat' dir='ltr'>et</span> <span class='ocrx_word' id='word_1_288' title='bbox 1292 2532 1668 2574; x_wconf 79' lang='lat' dir='ltr'>vehementissime</span> <span class='ocrx_word' id='word_1_289' title='bbox 1701 2544 1769 2572; x_wconf 89' lang='lat' dir='ltr'>re-</span> 
     </span>
     <span class='ocr_line' id='line_1_36' title="bbox 178 2602 1768 2671; baseline -0.005 -20"><span class='ocrx_word' id='word_1_290' title='bbox 178 2612 341 2663; x_wconf 82' lang='lat' dir='ltr'>pugnat</span> <span class='ocrx_word' id='word_1_291' title='bbox 373 2609 657 2671; x_wconf 31' lang='lat' dir='ltr'>&#39;vocabulum</span> <span class='ocrx_word' id='word_1_292' title='bbox 717 2609 846 2649; x_wconf 67' lang='lat' dir='ltr'>victus</span> <span class='ocrx_word' id='word_1_293' title='bbox 904 2610 946 2648; x_wconf 90' lang='lat' dir='ltr'>et</span> <span class='ocrx_word' id='word_1_294' title='bbox 1000 2606 1175 2648; x_wconf 86' lang='lat' dir='ltr'>alterius</span> <span class='ocrx_word' id='word_1_295' title='bbox 1223 2604 1408 2646; x_wconf 88' lang='lat' dir='ltr'>membri</span> <span class='ocrx_word' id='word_1_296' title='bbox 1456 2602 1768 2645; x_wconf 87' lang='lat' dir='ltr'>dissimilitudo.</span> 
     </span>
    </p>
   </div>
   <div class='ocr_carea' id='block_1_4' title="bbox 217 2789 1770 3016">
    <p class='ocr_par' dir='ltr' id='par_1_6' title="bbox 217 2789 1770 3016">
     <span class='ocr_line' id='line_1_37' title="bbox 217 2789 1770 2841; baseline -0.006 -9"><span class='ocrx_word' id='word_1_297' title='bbox 217 2796 247 2839; x_wconf 85' lang='lat'>¹)</span> <span class='ocrx_word' id='word_1_298' title='bbox 271 2799 413 2839; x_wconf 67' lang='lat' dir='ltr'>Parent,</span> <span class='ocrx_word' id='word_1_299' title='bbox 447 2798 508 2841; x_wconf 85' lang='lat' dir='ltr'>qui</span> <span class='ocrx_word' id='word_1_300' title='bbox 534 2797 743 2831; x_wconf 86' lang='lat' dir='ltr'>huiusmodi</span> <span class='ocrx_word' id='word_1_301' title='bbox 768 2796 962 2830; x_wconf 84' lang='lat' dir='ltr'>verborum</span> <span class='ocrx_word' id='word_1_302' title='bbox 989 2794 1217 2829; x_wconf 82' lang='lat' dir='ltr'>traiectiones</span> <span class='ocrx_word' id='word_1_303' title='bbox 1243 2793 1280 2827; x_wconf 89' lang='lat' dir='ltr'>in</span> <span class='ocrx_word' id='word_1_304' title='bbox 1306 2803 1414 2837; x_wconf 87' lang='lat' dir='ltr'>prosa</span> <span class='ocrx_word' id='word_1_305' title='bbox 1439 2791 1602 2825; x_wconf 86' lang='lat' dir='ltr'>oratione</span> <span class='ocrx_word' id='word_1_306' title='bbox 1628 2789 1770 2824; x_wconf 87' lang='lat' dir='ltr'>admitti</span> 
     </span>
     <span class='ocr_line' id='line_1_38' title="bbox 275 2850 1770 2902; baseline -0.006 -11"><span class='ocrx_word' id='word_1_307' title='bbox 275 2861 416 2902; x_wconf 82' lang='lat' dir='ltr'>putant,</span> <span class='ocrx_word' id='word_1_308' title='bbox 449 2857 565 2900; x_wconf 82' lang='lat' dir='ltr'>qualis</span> <span class='ocrx_word' id='word_1_309' title='bbox 591 2859 660 2890; x_wconf 86' lang='lat' dir='ltr'>est:</span> <span class='ocrx_word' id='word_1_310' title='bbox 699 2857 849 2889; x_wconf 58' lang='lat' dir='ltr'>Fal-sam</span> <span class='ocrx_word' id='word_1_311' title='bbox 875 2867 984 2899; x_wconf 76' lang='lat' dir='ltr'>quum</span> <span class='ocrx_word' id='word_1_312' title='bbox 1010 2856 1048 2888; x_wconf 76' lang='lat' dir='ltr'>in</span> <span class='ocrx_word' id='word_1_313' title='bbox 1073 2856 1136 2888; x_wconf 78' lang='lat' dir='ltr'>hoc</span> <span class='ocrx_word' id='word_1_314' title='bbox 1162 2853 1319 2897; x_wconf 65' lang='grc' dir='ltr'>ἔμφασιν</span> <span class='ocrx_word' id='word_1_315' title='bbox 1344 2853 1456 2885; x_wconf 79' lang='lat' dir='ltr'>inesse</span> <span class='ocrx_word' id='word_1_316' title='bbox 1482 2852 1613 2884; x_wconf 66' lang='lat' dir='ltr'>videret</span> <span class='ocrx_word' id='word_1_317' title='bbox 1639 2850 1770 2883; x_wconf 78' lang='lat' dir='ltr'>acutis-</span> 
     </span>
     <span class='ocr_line' id='line_1_39' title="bbox 275 2910 1770 2959; baseline -0.006 -9"><span class='ocrx_word' id='word_1_318' title='bbox 275 2919 388 2951; x_wconf 76' lang='lat' dir='ltr'>simus</span> <span class='ocrx_word' id='word_1_319' title='bbox 421 2916 563 2959; x_wconf 80' lang='lat' dir='ltr'>Wolfius</span> <span class='ocrx_word' id='word_1_320' title='bbox 589 2917 654 2948; x_wconf 85' lang='lat' dir='ltr'>cet.</span> <span class='ocrx_word' id='word_1_321' title='bbox 705 2914 840 2948; x_wconf 88' lang='lat' dir='ltr'>Verum</span> <span class='ocrx_word' id='word_1_322' title='bbox 866 2914 953 2947; x_wconf 82' lang='lat' dir='ltr'>talia</span> <span class='ocrx_word' id='word_1_323' title='bbox 978 2913 1084 2947; x_wconf 87' lang='lat' dir='ltr'>scribi</span> <span class='ocrx_word' id='word_1_324' title='bbox 1111 2924 1132 2946; x_wconf 85' lang='lat' dir='ltr'>a</span> <span class='ocrx_word' id='word_1_325' title='bbox 1157 2910 1337 2946; x_wconf 88' lang='lat' dir='ltr'>Ciceronis</span> <span class='ocrx_word' id='word_1_326' title='bbox 1363 2910 1510 2951; x_wconf 82' lang='lat' dir='ltr'>editore,</span> <span class='ocrx_word' id='word_1_327' title='bbox 1544 2919 1658 2953; x_wconf 85' lang='lat' dir='ltr'>quum</span> <span class='ocrx_word' id='word_1_328' title='bbox 1683 2918 1770 2952; x_wconf 83' lang='lat' dir='ltr'>prae—</span> 
     </span>
     <span class='ocr_line' id='line_1_40' title="bbox 277 2970 1439 3016; baseline -0.006 -6"><span class='ocrx_word' id='word_1_329' title='bbox 277 2975 401 3010; x_wconf 80' lang='lat' dir='ltr'>sertim</span> <span class='ocrx_word' id='word_1_330' title='bbox 428 2975 471 3008; x_wconf 86' lang='lat' dir='ltr'>de</span> <span class='ocrx_word' id='word_1_331' title='bbox 497 2974 622 3008; x_wconf 88' lang='lat' dir='ltr'>ordine</span> <span class='ocrx_word' id='word_1_332' title='bbox 648 2973 908 3007; x_wconf 80' lang='lat' dir='ltr'>vocabulorum</span> <span class='ocrx_word' id='word_1_333' title='bbox 935 2975 1122 3016; x_wconf 81' lang='lat' dir='ltr'>quaereret,</span> <span class='ocrx_word' id='word_1_334' title='bbox 1149 2982 1222 3006; x_wconf 89' lang='lat' dir='ltr'>non</span> <span class='ocrx_word' id='word_1_335' title='bbox 1248 2970 1439 3004; x_wconf 84' lang='lat' dir='ltr'>dehebant.</span> 
     </span>
    </p>
   </div>
  </div>
 </body>
</html>
