1915 3235
820 133 902 173 217

81 262 330 311 octodecim,
380 274 486 314 quas
527 262 631 302 item
673 261 879 311 nominat.
929 261 1139 303 dederint.
1201 263 1345 316 Atque
1383 265 1462 306 has
1495 266 1669 319 triginta

82 333 281 382 colonias,
330 345 514 384 quarum
560 344 741 372 numero
789 334 832 372 et
878 332 1174 384 magnitudine
1216 334 1342 375 Valde
1383 335 1669 378 obscurantur

79 404 306 445 maritimae
354 402 448 446 illae,
498 415 595 454 quae
643 401 699 442 ad
736 401 816 443 hoc
854 404 1025 455 tempus
1065 404 1231 445 nullum
1270 405 1449 446 militem
1491 407 1667 457 dabant,

79 486 228 515 omnes
260 473 434 514 Latinas
467 472 611 521 fuisse,
646 475 811 513 certum
845 475 929 521 est;
969 486 1054 525 quo
1086 487 1173 515 non
1205 475 1508 518 animadverso
1540 477 1668 530 pleri-

81 557 163 598 que
195 557 342 585 veram
373 543 499 583 huius
543 543 594 584 de
635 543 809 584 coloniis
850 543 1097 596 quaestionis
1139 545 1418 597 expediendae
1458 547 1667 590 rationem

78 615 206 667 plane
238 614 560 667 perturbarunt.
574 611 606 666 l)
670 613 753 664 Qui
791 614 979 666 primum
1017 615 1277 657 incredibilis
1318 617 1589 670 negligentiae
1629 622 1668 660 et

78 685 301 727 oblivionis
335 684 513 735 Livium,
548 698 677 738 quern
709 698 858 725 omnes
892 685 1078 726 colonias
1108 685 1420 738 Romanorum,
1455 702 1550 742 quae
1575 692 1668 731 tum

79 758 234 807 essent,
283 768 537 797 enumerare
584 755 769 796 voluisse
816 758 984 808 putant,
1032 757 1162 797 tacite
1202 761 1400 810 arguunt,
1451 760 1523 812 qui
1563 760 1669 801 alias

77 840 232 868 novem
266 827 423 879 partim
456 827 499 867 in
532 825 685 867 eodem
719 825 840 875 libro,
885 826 1043 878 partim
1083 827 1126 867 in
1158 827 1266 869 libro
1299 829 1516 871 tricesimo
1549 833 1669 872 sexto

78 900 405 946 commenioret;
438 896 689 938 nominatim
726 897 872 949 utique
906 910 968 938 eae
993 898 1256 951 excipiendae
1282 903 1417 951 erant,
1452 900 1499 951 si,
1535 915 1667 954 quum

78 968 243 1020 aliquas
276 968 357 1009 hoc
389 968 481 1009 loco
524 967 716 1008 eiusdem
755 968 935 1020 generis.
984 968 1028 1009 id
1076 971 1140 1010 est
1188 969 1356 1020 civium,
1406 974 1667 1021 numeraret,

77 1038 171 1079 illas
202 1040 410 1091 tanquam
444 1040 657 1090 separatae
686 1038 945 1079 condicionis
970 1039 1201 1081 omitteret.
1250 1041 1335 1082 Sed
1360 1041 1454 1094 ipsa
1479 1055 1668 1083 comme-

76 1109 258 1150 moratio
300 1108 493 1162 pecuniae
538 1111 580 1149 et
623 1108 806 1149 militum
850 1122 902 1149 ex
946 1108 1131 1150 formula
1164 1110 1217 1162 (c.
1254 1110 1324 1163 10)
1358 1111 1667 1164 imperatorum

77 1181 120 1220 et
152 1181 399 1220 exactorum
434 1180 538 1221 satis
572 1179 841 1228 ostendebat,
887 1179 939 1219 de
972 1180 1097 1221 sociis
1131 1181 1306 1222 coloniis
1339 1195 1440 1222 suas
1474 1182 1667 1224 civitates

75 1250 337 1291 habentibus
386 1249 473 1302 agi.
530 1262 662 1301 quum
710 1250 950 1302 praesertim
998 1250 1141 1292 Livius
1188 1254 1325 1293 totam
1374 1254 1667 1295 narrationem

74 1320 202 1362 huius
234 1320 295 1362 rei
334 1322 394 1361 ita
433 1333 555 1361 orsus
596 1322 723 1369 esset,
773 1323 831 1369 ut,
880 1322 962 1362 nisi
1011 1322 1063 1362 de
1104 1322 1265 1363 Latinis
1314 1323 1500 1375 cogitare
1540 1337 1667 1365 nemo

75 1394 234 1445 posset.
307 1391 421 1432 Dixit
454 1390 581 1439 enim,
625 1394 800 1444 propter
831 1391 986 1432 milites
1026 1392 1069 1432 in
1108 1392 1295 1434 Siciliam
1335 1395 1666 1446 transportatos.

76 1476 259 1516 quorum
291 1462 429 1503 maior
460 1475 560 1514 pars
594 1460 744 1502 Latini
775 1463 955 1503 *nominis
980 1463 1263 1517 sociormnque
1287 1467 1412 1515 esset,
1448 1465 1666 1506 fremitum

74 1533 185 1575 inter
218 1533 394 1574 Latinos
424 1533 629 1587 sociosque
661 1533 703 1573 in
745 1533 931 1574 conciliis
971 1535 1137 1582 ortum;
1186 1533 1342 1575 deinde
1381 1535 1478 1576 hin(¹
1518 1539 1665 1577 natam

75 1604 339 1646 coloniarum
371 1603 686 1645 recusationem
718 1604 923 1644 narravit.
987 1604 1149 1656 Itaque.
1193 1605 1272 1645 etsi
1313 1606 1505 1658 apertius
1537 1607 1666 1659 paulo

75 1675 241 1717 locutus
275 1676 401 1724 esset,
442 1674 477 1715 si
508 1687 666 1715 nomen
699 1673 788 1715 eius
821 1674 1002 1727 generis,
1045 1675 1160 1727 quod
1191 1675 1259 1716 hic
1293 1680 1665 1720 commemoraret.

75 1746 324 1794 addidisset,
367 1748 515 1786 tamen
547 1758 701 1798 parum
734 1747 934 1786 accurate
967 1746 1190 1798 scripsisse
1225 1746 1357 1787 videri
1390 1761 1476 1789 non
1508 1750 1664 1800 potest.

46 1817 136 1867 >Ac
167 1830 221 1858 ne
254 1817 514 1865 dubitemus,
547 1816 619 1856 lib.
644 1815 795 1865 XXIX,
833 1816 898 1864 15,
932 1815 1006 1856 ubi
1030 1829 1205 1868 poenam
1239 1817 1413 1859 coloniis
1439 1818 1664 1860 duodecim

73 1887 320 1941 impositam
352 1889 512 1936 narrat,
546 1887 673 1939 plane
707 1900 779 1927 eas
814 1887 1003 1939 appellat
1037 1884 1270 1939 Latinas2).
1313 1891 1554 1930 ceterarum
1587 1891 1665 1930 ho-

73 1960 211 2000 mines
244 1961 389 1999 autem
422 1958 558 1998 bonos
598 1959 728 2009 atque
769 1957 1019 1998 obedientes
1058 1959 1208 1999 socios.
1273 1958 1458 2001 Omnino
1501 1961 1536 2001 si
1579 1960 1665 2001 ulla

72 2029 175 2070 iuris
208 2031 251 2070 et
282 2028 541 2070 condicionis
574 2027 799 2069 diversitas
823 2028 934 2069 inter
958 2041 1044 2069 non
1070 2029 1320 2071 obedientes
1346 2032 1388 2071 et
1414 2030 1664 2072 obedientes

74 2103 149 2142 aut
181 2100 346 2152 aliquas
378 2099 533 2140 harum
567 2098 730 2149 fuisset,
764 2099 868 2140 satis
900 2101 1034 2152 patet,
1068 2101 1179 2141 hanc
1203 2103 1303 2141 ante
1328 2101 1473 2142 omnia
1498 2102 1664 2142 Livium

109 2251 138 2295 ³)
163 2252 253 2286 Livii
279 2255 439 2287 mentem
467 2250 539 2295 [vel
565 2252 685 2296 potius
711 2262 791 2295 quae
816 2251 907 2285 Livii
933 2262 1036 2285 mens
1062 2262 1140 2286 esse
1158 2251 1350 2295 debuerit]‚
1378 2264 1488 2297 quam
1512 2265 1558 2288 ne
1577 2254 1665 2288 alios

167 2312 314 2356 quidem
340 2322 467 2345 omnes
492 2311 662 2345 fefellisse
688 2310 826 2354 opinor,
865 2313 961 2345 certe
993 2310 1250 2345 intellexerunt
1276 2311 1466 2356 Savignius
1492 2311 1545 2354 (in
1571 2323 1665 2346 com-

167 2370 400 2411 mentatione,
428 2381 509 2414 quae
535 2368 758 2403 inscribitur:
785 2369 904 2403 Ueber
929 2369 986 2403 die
1011 2369 1239 2414 Entstehung
1256 2371 1331 2405 und
1349 2370 1585 2415 Fortbildung
1603 2372 1666 2405 der

168 2429 341 2463 Latinitat
367 2427 463 2471 cett.)
497 2432 533 2462 et
558 2428 788 2469 Niebuhrius,
827 2428 888 2472 qui
920 2431 1043 2462 tamen
1075 2440 1147 2472 quo
1178 2429 1257 2463 loco
1289 2440 1370 2464 eam
1401 2441 1479 2464 rem
1511 2441 1665 2464 comme-

168 2488 328 2529 morarit,
367 2498 465 2522 nunc
501 2499 574 2522 non
612 2486 774 2522 memini.
826 2486 895 2521 Sed
921 2490 1074 2530 uterque
1106 2491 1251 2522 tantum
1282 2489 1440 2523 breviter
1472 2493 1507 2524 et
1532 2489 1665 2534 simpli-

167 2547 255 2581 citer
280 2546 370 2581 Livii
395 2547 514 2581 verbis
540 2546 576 2581 in
602 2547 696 2580 hanc
722 2545 940 2580 sententiam
966 2547 1122 2591 acceptis
1148 2558 1234 2582 usus
1261 2551 1324 2582 est.

110 2602 140 2647 ²)
165 2605 216 2640 Ex
241 2605 310 2639 hoc
335 2606 449 2640 altero
475 2606 552 2640 loco
578 2608 688 2650 patet,
715 2605 794 2639 libr.
813 2604 954 2646 XXVII,
981 2604 1013 2646 9,
1039 2605 1101 2640 ubi
1127 2609 1181 2640 est
1203 2607 1308 2647 Θονα,
1335 2606 1568 2641 scribendum
1586 2618 1663 2641 esse

169 2665 273 2699 Sora.
323 2665 363 2698 Id
389 2664 563 2709 oppidum
589 2675 620 2698 a.
646 2663 716 2698 345
742 2676 763 2698 a
788 2664 963 2698 Romanis
990 2664 1126 2698 Volscis
1151 2665 1366 2709 ademptum
1392 2665 1514 2700 Livius
1541 2669 1664 2699 narrat

167 2723 241 2764 VII,
267 2722 330 2760 28;
358 2723 537 2757 coloniam
563 2734 605 2758 eo
632 2723 826 2757 deductam
852 2734 925 2757 non
951 2726 1224 2757 commemorat.
1264 2723 1334 2758 Sed
1355 2724 1413 2765 IX,
1440 2723 1485 2757 23
1511 2723 1558 2765 (a.
1579 2723 1664 2764 315)

168 2782 299 2816 Soram
331 2783 378 2815 ad
411 2782 590 2816 Samnites
621 2783 796 2825 defecisse,
834 2783 1030 2825 interfectis
1067 2783 1199 2817 colonis
1234 2783 1491 2824 Romanorum,
1530 2782 1662 2822 scribit,

167 2839 337 2884 idemque
362 2840 464 2875 Diod.
491 2841 559 2875 Sic.
585 2841 677 2882 XIX,
712 2839 755 2873 72
781 2840 901 2874 tradit.
951 2840 1087 2875 Iterum
1120 2852 1152 2875 a.
1177 2840 1247 2874 303
1273 2845 1445 2885 quattuor
1470 2841 1583 2875 millia
1609 2852 1663 2874 co-

167 2898 335 2933 lonorum
361 2910 403 2933 eo
428 2899 540 2934 missa
566 2899 656 2941 (Lim
683 2899 725 2940 X,
758 2897 803 2941 1).
855 2899 954 2934 Corae
986 2899 1087 2934 nulla
1120 2903 1173 2934 est
1206 2900 1344 2934 mentio
1376 2903 1458 2944 post
1483 2900 1600 2944 prima
1626 2899 1663 2933 li-

170 2957 264 2991 berae
290 2957 341 2991 rei
366 2958 519 3002 publicae
544 2961 719 3002 tempora.

1688 1406 1739 1432 268
