1915 3235
878 101 960 142 697

124 234 216 273 haec
263 232 391 284 igitur
437 230 579 284 prima
626 230 771 271 mendi
819 230 944 271 sedes
986 232 1062 279 est,
1112 230 1178 271 cui
1218 229 1372 270 deinde
1412 230 1498 270 iam
1538 229 1582 269 in
1622 229 1715 281 ipso
1735 243 1786 268 371

125 302 269 343 codice
302 302 540 355 archetypo
573 301 690 342 aliud
722 301 973 342 adiunctum
1008 303 1122 349 erat;
1154 313 1257 341 nam
1291 300 1439 341 Cicero
1463 299 1714 351 scripserat:

126 372 176 412 ab
222 372 325 425 ipsis
370 373 543 425 capsis
588 372 1027 412 iureconsulorum
1069 372 1320 425 sapientiam
1359 370 1607 424 compilarit.
1669 369 1716 410 In

125 442 264 495 capsis
293 442 570 483 iureconsulti
593 455 909 494 causarumque
931 443 1102 494 patroni
1123 441 1304 487 libellos.
1337 441 1522 489 tabulas,
1555 442 1715 481 instru-

123 514 270 553 menta
301 511 572 564 negotiorum
606 514 647 553 et
680 525 910 553 causarum
943 512 1115 553 condita
1148 512 1400 560 servabant;
1434 512 1489 552 ab
1522 510 1587 551 his
1612 511 1715 563 ipsis

122 582 524 624 iurisconsultorum
557 582 697 635 capsis
730 595 816 623 non
849 582 953 623 satis
994 583 1217 624 custoditis
1261 584 1452 623 astutum
1497 581 1716 622 hominem

124 653 379 705 sapientiam
404 665 553 694 eorum
577 652 844 705 compilasse,
879 652 1027 694 Cicero
1050 653 1163 704 dicit,
1195 653 1339 706 lepida
1361 655 1486 693 utens
1515 652 1715 705 imagine.

124 723 226 776 (Cic.
259 723 398 764 Divin.
431 723 475 764 in
509 724 618 766 Caec.
655 724 721 774 16,
755 723 832 764 51:
873 723 985 764 Mihi
1022 738 1148 778 quam
1178 724 1320 764 multis
1351 721 1585 763 custodibus
1617 735 1718 775 opus

124 795 214 847 erit,
247 795 284 835 si
315 799 352 834 ie
383 795 505 835 semei
538 794 595 835 ad
626 808 740 835 meas
771 808 920 848 capsas
953 792 1207 847 admisero.?)
1224 791 1257 846 ¹)

241 864 286 906 C.
324 865 390 914 14,
425 864 494 905 31.
557 864 749 905 Asiatica
781 864 896 906 bella
927 878 1014 906 non
1047 864 1383 906 comtemnenda
1415 876 1522 912 esse,
1566 862 1714 904 Cicero

122 935 333 976 maiorum
366 934 534 976 iudiciis
568 935 835 987 comprobat,
869 935 1059 976 maxime
1093 935 1290 987 exemplo
1323 934 1424 975 belli
1451 933 1713 974 Antiochici:

122 1006 239 1046 cuius
271 1005 365 1046 belli·
388 1007 516 1046 victor
541 1004 592 1046 L.
619 1004 770 1059 Scipio,
796 1010 930 1060 paria
962 1020 1053 1046 cum
1077 1005 1223 1046 Publio
1243 1005 1384 1058 fratre
1405 1005 1557 1059 qim-ia,
1591 1018 1716 1059 quam

123 1075 288 1117 laudem
337 1077 418 1129 ille,
467 1076 625 1129 Africa
671 1090 880 1130 oppressa,
929 1077 1165 1131 coquomiue
1206 1077 1292 1130 ipso
1330 1089 1420 1129 prce
1459 1089 1500 1115 se
1538 1074 1714 1127 ferebat,

123 1146 295 1187 eandem
327 1146 394 1187 liic
425 1147 506 1188 sibi
538 1161 586 1188 ea:
618 1148 734 1188 Asioe
765 1147 929 1187 nomine
967 1148 1154 1201 sumpsit.
1217 1147 1367 1199 Neque
1407 1147 1578 1198 partam
1621 1157 1714 1186 esse

121 1217 300 1270 gloriam
333 1230 441 1270 opus
475 1220 567 1259 erat
599 1217 740 1258 dicere
772 1230 925 1270 neque,
975 1230 1159 1270 quocum
1200 1230 1295 1258 eam
1328 1217 1374 1257 L.
1409 1215 1549 1268 Scipio
1582 1228 1714 1268 pepe-

121 1288 261 1338 risset,
311 1288 543 1341 quicquam
587 1288 642 1329 ad
684 1301 775 1329 rem
820 1288 1166 1341 sententiamque
1208 1287 1467 1341 pertinebat.
1530 1286 1616 1327 Sed
1646 1285 1715 1326 hic

123 1372 292 1412 quoque
326 1359 494 1400 codices
527 1358 644 1400 aliud
676 1359 854 1400 subesse
886 1360 1152 1407 monstrant3
1184 1371 1287 1398 nam
1319 1358 1363 1398 in
1388 1357 1588 1398 omnibus
1613 1356 1714 1409 (Pa-

121 1429 277 1479 latinis,
311 1428 433 1477 Oxx..
467 1430 601 1480 Parr.,
635 1429 916 1483 Steinmetzii)
949 1430 1157 1483 scriptum
1183 1431 1267 1469 est:
1302 1428 1353 1468 L.
1380 1427 1530 1482 Scipio,
1563 1428 1600 1468 si
1631 1441 1715 1482 qua

118 1505 247 1553 parta
279 1514 368 1540 cum
403 1500 451 1541 P.
482 1500 624 1552 fratre
653 1501 804 1554 qim-ia.
853 1501 1139 1542 Scribendum
1172 1502 1256 1541 est:
1291 1499 1342 1540 L.
1379 1498 1527 1552 Scipio,
1563 1499 1712 1552 sequi-

114 1575 313 1624 paraia
360 1584 452 1611 cum
499 1570 548 1611 P.
578 1570 719 1623 fratre
764 1571 916 1624 gloria,
965 1585 1088 1625 quam
1136 1570 1304 1611 laudem
1350 1570 1419 1610 ille
1466 1571 1545 1610 cet.
1623 1569 1712 1609 Iam

122 1641 266 1682 omnia
314 1644 416 1694 apta
463 1643 563 1682 sunt
610 1642 909 1694 sententiaque
958 1642 1158 1682 cohaeret.
1229 1641 1275 1682 L.
1309 1640 1451 1693 Scipio
1495 1652 1619 1680 suam
1661 1652 1713 1680 ex

121 1711 233 1752 bello
266 1711 455 1753 Asiatico
489 1712 668 1765 gloriam
702 1712 845 1753 fratris
879 1725 930 1752 ex
953 1711 1157 1753 Africano
1189 1711 1323 1765 gloria
1356 1724 1442 1752 non
1467 1711 1713 1751 inferiorem

121 1783 278 1834 putans
312 1782 463 1824 eodem
499 1783 761 1836 cognominis
788 1782 1017 1835 splendore
1042 1782 1185 1823 ornari
1209 1782 1355 1823 voluit.
1403 1781 1714 1835 AEquiparandi

121 1852 303 1893 verbum
337 1853 489 1894 eodem
521 1854 650 1895 modo
684 1853 831 1895 Cicero
863 1852 932 1893 hic
964 1853 1120 1905 posuit,
1160 1866 1244 1905 quo
1277 1853 1320 1893 in
1352 1852 1470 1893 Verr.
1503 1852 1575 1893 lib.
1609 1852 1638 1902 I,
1673 1852 1712 1902 8,

122 1923 172 1963 21
217 1923 439 1976 aequandi:
491 1925 558 1964 cix
606 1938 696 1964 cum
743 1924 867 1964 liuius
898 1937 1041 1977 parva
1072 1928 1199 1977 parte
1246 1925 1408 1978 (equari
1452 1923 1714 1978 conferrique

113 2007 248 2048 posse.
297 1994 492 2036 Brevitas
524 1995 596 2036 illa
628 1994 832 2036 orationis
865 1994 908 2034 in
941 1994 1221 2046 comparandi
1251 1994 1395 2035 verbis
1429 1992 1714 2049 (oequiparare

119 2065 300 2119 {floriani
333 2080 425 2106 cum
458 2065 506 2106 P.
537 2065 678 2118 fratre
709 2078 787 2118 pro
821 2077 883 2114 eo,
919 2064 1033 2117 quod
1066 2067 1150 2105 est:
1184 2078 1275 2105 cum
1299 2064 1346 2105 P.
1370 2064 1528 2117 fratris
1556 2063 1712 2120 yloria)

121 2135 261 2177 notior
293 2139 358 2177 est
391 2149 520 2189 quam
554 2138 602 2177 ut
634 2135 963 2177 commemorari
996 2135 1166 2176 debeat.
1216 2134 1423 2188 (Klotzius
1446 2136 1515 2177 hic
1542 2148 1713 2189 quoque

121 2205 262 2259 ipsum
296 2207 493 2248 codicum
526 2206 732 2248 mendum
765 2204 998 2258 probavit.)

241 2277 286 2319 C.
318 2278 388 2328 40,
423 2277 492 2318 86.
559 2277 658 2328 Quce
690 2290 815 2331 qaum
847 2277 908 2317 ita
949 2276 1044 2328 sini,
1093 2276 1263 2329 iudices,
1304 2278 1493 2331 primum
1532 2278 1596 2317 rei
1626 2291 1711 2331 pu-

124 2346 237 2388 hacce
269 2361 398 2388 causa
431 2371 486 2376 —
520 2360 588 2388 ‘vos
620 2370 670 2374 —
707 2360 847 2387 moneo
882 2370 933 2374 —
966 2346 1109 2387 hortor
1141 2370 1196 2374 —
1229 2347 1413 2401 obtestor,
1453 2353 1498 2388 ut
1536 2349 1628 2401 otio,
1670 2353 1713 2388 ui

115 2418 230 2471 paci,
280 2423 322 2459 ui
359 2419 502 2471 saluii,
550 2422 595 2458 ut
634 2418 728 2458 viis&
768 2421 911 2458 vestrae
951 2422 985 2457 ei
1025 2422 1250 2458 ceterorum
1283 2419 1432 2459 civium
1465 2419 1712 2470 cousulatis;

123 2487 272 2529 deiude
305 2502 374 2543 eqo
403 2488 528 2541 fidem
565 2493 754 2540 vestram,
794 2488 855 2527 vei
895 2486 1128 2539 defensoris
1160 2493 1196 2528 et
1228 2490 1354 2529 amici
1385 2489 1522 2542 officio
1555 2489 1711 2530 adduc-

161 2627 190 2670 ¹)
214 2629 327 2663 Paulo
361 2633 447 2664 ante
478 2628 709 2663 scribendum
744 2638 821 2662 6556
855 2638 937 2662 cum
970 2631 1073 2671 parte
1105 2629 1269 2662 codicum
1301 2631 1455 2673 sinyulis
1487 2631 1609 2663 diebus
1640 2631 1711 2663 edi-

217 2689 365 2730 scendis,
392 2687 730 2723 manifestissimum
757 2689 821 2720 est.
859 2686 1004 2720 Flavius
1030 2697 1103 2720 non
1129 2688 1242 2722 semel
1269 2688 1499 2732 descripsisse
1525 2687 1636 2722 fastos
1662 2688 1710 2721 di-

218 2746 319 2788 citur,
345 2747 408 2781 sed
434 2746 594 2790 singulos
612 2746 687 2779 dies
705 2745 817 2779 fastos
834 2744 1077 2788 nefastosque,
1104 2745 1166 2789 qui
1184 2746 1388 2787 ederentur,
1415 2747 1549 2780 sensim
1566 2750 1711 2781 notasse

218 2805 496 2849 edidicisseque;
535 2805 585 2838 sic
611 2814 725 2848 quum
751 2814 878 2837 omnes
911 2807 1082 2844 notasset,
1120 2804 1231 2838 fastos
1264 2805 1503 2849 proposuisse,
1542 2816 1614 2839 non
1641 2805 1710 2838 edi-

217 2864 367 2898 scendos
400 2863 543 2908 populo,
582 2863 644 2896 sed
671 2873 690 2896 e
716 2861 857 2906 quibus,
897 2861 1036 2905 quoties
1069 2862 1149 2906 quis
1180 2864 1299 2907 vellet,
1337 2864 1477 2898 dierum
1504 2863 1711 2897 discrimina

218 2927 456 2966 cognosceret.

1733 1932 1784 1957 372
