1915 3235
815 139 900 180 215

62 267 225 309 Antiati
257 266 574 309 observandam
605 281 692 310 non
725 268 890 310 censuit
930 270 1121 318 senatus,
1169 267 1378 319 quamdiu
1423 266 1558 308 hostis
1604 267 1649 307 in

63 338 184 379 Italia
216 340 340 387 esset,
376 340 419 379 et
449 338 636 388 XXXVI,
671 338 710 389 3,
750 338 825 380 ubi
856 338 900 379 in
930 338 1044 380 bello
1076 337 1328 379 Antiochico
1361 350 1400 378 a.
1437 337 1517 378 191
1552 339 1648 378 octo

64 421 115 449 ex
146 408 209 457 iis,
258 408 415 460 partim
449 408 626 458 eaedem,
674 409 833 461 partim
865 409 973 459 aliae,
1020 408 1217 450 militiam
1249 408 1449 450 navalem
1482 407 1649 448 detrec-

62 481 176 520 tasse
208 481 459 528 narrantur;
493 492 545 520 ex
577 479 733 531 quibus
765 479 868 521 locis
903 481 1083 530 constat,
1115 481 1274 532 praeter
1306 477 1651 531 antiquissimam
1669 487 1722 515 265

63 548 229 590 Ostiam
271 549 314 590 in
352 549 435 591 hoc
471 562 653 591 numero
686 550 817 592 fuisse
848 551 1041 600 Antium,
1090 563 1174 602 quo
1215 549 1315 590 novi
1358 548 1496 591 coloni
1538 549 1651 590 cives

63 619 235 660 deducti
266 622 366 661 sunt
397 633 436 661 a.
462 620 545 661 338
580 619 686 674 (Liv.
711 620 816 670 VIII,
852 619 937 672 14),
970 620 1121 661 Anxur
1153 634 1186 661 s.
1221 619 1502 661 Tarracinam
1535 617 1652 672 (ded.

63 703 101 730 a.
135 690 219 731 329
265 693 375 731 teste
424 690 541 746 Livio
586 691 659 732 lib.
698 691 810 741 VIII,
866 691 941 740 213
994 691 1179 732 Velleius
1228 691 1341 732 enim
1388 690 1444 730 ad
1489 703 1527 731 a.
1567 689 1650 730 327

62 759 225 812 refert),
258 760 497 802 Minturnas
531 764 572 802 et
605 761 830 803 Sinuessas
864 761 979 815 (ded.
1014 775 1052 803 a.
1087 762 1192 811 29&
1232 762 1322 802 Liv.
1356 761 1407 811 X,
1441 758 1529 813 21),
1569 760 1652 802 Ca-

64 836 201 872 strum
248 831 417 873 Novum
465 834 507 873 et
555 832 711 874 Senam
761 831 876 885 (ded.
916 832 1027 873 inter
1067 846 1105 874 a.
1140 833 1225 874 300
1265 834 1307 873 et
1345 831 1513 872 initium
1551 830 1653 871 belli

62 901 211 943 Punici
243 901 386 954 primi)
400 899 447 954 1),
487 903 655 944 Alsium
694 906 736 944 et
766 903 980 956 Fregenas
1022 902 1136 956 (ded,
1170 916 1208 944 a.
1242 903 1340 952 245,
1382 904 1492 943 teste
1533 901 1652 952 Vell.,

63 974 105 1014 in
145 972 263 1014 cuius
303 972 447 1014 codice
479 973 686 1026 scriptum
720 976 813 1015 erat
847 973 1067 1028 Freyelloe,
1117 973 1210 1015 coll.
1254 973 1344 1014 Liv.
1389 973 1489 1026 epit.
1522 970 1652 1024 XIX),

62 1043 224 1097 Pyrgos
264 1043 455 1096 (incertae
496 1043 666 1097 aetatis).
744 1045 832 1085 Nec
878 1044 1023 1097 plures
1071 1057 1202 1096 quam
1240 1044 1318 1084 has
1358 1043 1473 1096 ipsas
1521 1043 1652 1084 fuisse

63 1114 286 1167 probabile
326 1116 409 1163 est3
458 1118 571 1156 certe
606 1129 657 1156 ex
688 1115 752 1165 iis,
802 1129 897 1168 quae
939 1114 1056 1167 apud
1094 1114 1324 1167 scriptores
1362 1115 1654 1165 nominantur,

63 1184 146 1224 huc
178 1184 328 1225 referri
366 1185 484 1226 nulla
523 1188 679 1238 potest.
743 1186 910 1227 Civium
950 1188 1096 1226 autem
1144 1198 1293 1226 omnes
1341 1185 1486 1234 fuisse,
1534 1186 1656 1237 patet

63 1255 264 1308 primum,
299 1256 426 1308 quod,
461 1269 545 1308 quo
578 1257 670 1297 loco
703 1257 858 1306 Livius,
900 1259 946 1297 ut
978 1256 1123 1297 statim
1158 1255 1335 1305 dicetur,
1376 1256 1550 1296 Latinas
1584 1268 1655 1296 co-

63 1326 198 1367 lonias
231 1329 440 1376 recenset,
489 1340 586 1379 quae
625 1327 725 1368 belli
762 1327 911 1368 Punici
950 1326 1127 1367 secundi
1164 1328 1360 1378 tempore
1394 1328 1528 1374 erant,
1576 1325 1656 1366 has

65 1396 123 1437 ita
156 1397 325 1445 omittit,
374 1400 421 1438 ut
462 1411 549 1439 non
581 1401 790 1450 tanquam
823 1397 1038 1450 singulare
1071 1410 1205 1450 genus
1240 1397 1437 1450 excipiat,
1487 1395 1654 1446 deinde,

65 1467 179 1519 quod
222 1468 359 1509 coloni
402 1468 511 1509 civili
555 1469 711 1510 auxilio
754 1469 819 1510 usi
861 1471 972 1518 sunt,
1020 1468 1216 1510 tribunos
1264 1468 1402 1520 plebis
1449 1467 1657 1508 adversus

63 1539 292 1590 praetorem
326 1539 382 1580 ad
414 1539 610 1580 militiam
655 1542 877 1592 cogentem
918 1539 1188 1592 appellantes
1228 1538 1335 1591 (Liv.
1369 1537 1556 1586 XXXVI,
1598 1535 1656 1589 3),

64 1611 283 1661 postremo
316 1622 368 1650 ex
400 1611 481 1651 hoc
513 1610 619 1663 ipso,
660 1611 775 1663 quod
807 1611 994 1652 Romani
1027 1610 1306 1662 magistratus
1340 1609 1556 1650 delectum
1591 1621 1657 1649 co-

64 1679 261 1721 lonorum
293 1680 498 1721 habuisse
530 1686 782 1731 narrantum
829 1694 932 1722 nam
972 1681 1133 1722 Latinis
1168 1675 1355 1729 coloniis,
1405 1682 1452 1720 ut
1483 1679 1657 1731 reliquis

65 1750 202 1799 sociis,
235 1751 533 1804 imperabatur
565 1752 748 1794 militum
780 1765 1000 1802 numerus,
1040 1765 1169 1804 quem
1202 1752 1307 1804 ipsae
1341 1746 1658 1801 conficerent.‘“’)

104 1888 131 1933 1)
157 1892 198 1925 111
234 1892 393 1936 epitoma
425 1892 516 1926 Livii
550 1893 629 1927 libr.
656 1893 703 1927 XI
731 1894 856 1936 Castri,
897 1894 1009 1934 Senae,
1049 1892 1192 1926 Hadriae
1231 1891 1397 1925 deductio
1436 1890 1658 1924 coniunctim

160 1954 317 1992 notatur,
344 1952 481 1985 bellum
509 1956 642 1993 autem,
670 1953 765 1996 quod
793 1956 918 1985 contra
944 1952 1064 1985 Gallos
1091 1952 1252 1985 Senonas
1279 1962 1310 1984 a.
1331 1949 1399 1982 *253
1426 1954 1566 1993 gestum
1593 1952 1658 1990 est,

160 2010 197 2043 in
224 2010 382 2054 epitoma
406 2010 488 2044 libri
514 2011 588 2044 XII.
639 2011 809 2054 Polybius
843 2009 899 2052 (11,
934 2010 991 2043 19*
1026 2011 1156 2044 Senam
1189 2009 1291 2043 victis
1324 2009 1432 2042 Gallis
1465 2009 1659 2043 deductam

162 2069 294 2110 scribit,
327 2069 362 2102 id
395 2073 459 2110 est,
501 2081 530 2103 a.
559 2069 626 2102 283
653 2074 715 2103 aut
741 2070 905 2113 proximo
932 2081 1038 2109 anno,
1078 2069 1174 2113 quod
1202 2079 1328 2102 verum
1354 2068 1431 2101 sine
1458 2068 1567 2102 dubio
1594 2071 1658 2102 est.

163 2128 329 2162 Castrum
367 2128 525 2163 Velleius
563 2128 664 2162 initio
702 2129 809 2172 primi
840 2129 924 2162 belli
958 2128 1083 2162 Punici
1117 2127 1257 2161 colonia
1288 2130 1504 2170 occupatum
1537 2127 1660 2161 scribit

162 2198 235 2221 una
262 2198 344 2221 cum
370 2187 501 2222 Firmo.
540 2187 705 2231 Intelligo
737 2189 902 2222 Castrum
925 2188 1061 2221 Noe-mn
1087 2187 1161 2230 agri
1186 2186 1308 2220 Piceni
1334 2190 1369 2219 et
1395 2186 1490 2230 apud
1517 2186 1660 2219 Livium

163 2250 197 2280 et
224 2247 400 2281 Velleium
427 2250 574 2290 propter
607 2247 815 2281 adiunctam
848 2247 943 2290 apud
976 2246 1078 2279 illum
1111 2245 1241 2286 Adriae,
1281 2245 1377 2288 apud
1415 2246 1512 2278 hunc
1549 2243 1660 2278 Firmi

163 2305 403 2347 mentionem,
449 2309 485 2340 et
530 2317 668 2340 errasse
713 2307 756 2339 de
794 2309 957 2349 tempore
994 2304 1172 2338 Velleium
1210 2307 1309 2348 puto.
1373 2303 1660 2347 Hopfensackius

163 2363 325 2407 (Staatsr.
353 2365 416 2399 der
441 2365 545 2399 Rom.
573 2377 606 2409 p.
636 2364 717 2407 156)
744 2365 841 2408 apud
869 2363 1057 2404 Velleium,
1091 2362 1383 2397 Freinshemium
1415 2365 1570 2403 secutus,
1610 2362 1661 2395 in-

162 2422 289 2467 telligit
314 2423 498 2466 Picenum,
526 2424 655 2459 deinde
682 2424 860 2458 coloniam
887 2423 1107 2456 maritimam
1134 2421 1236 2466 ponit
1262 2421 1428 2455 Castrum
1454 2421 1596 2455 Novum
1617 2431 1660 2454 ex

164 2481 253 2516 Livii
279 2482 357 2516 libr.
383 2483 523 2524 XXVII,
550 2482 611 2521 38;
646 2494 772 2517 verum
800 2482 910 2516 etiam
936 2482 1109 2515 Picenum
1142 2480 1232 2515 illud
1265 2480 1439 2524 oppidum
1467 2481 1558 2514 Novi
1583 2491 1659 2524 cog-

163 2552 297 2575 nomen
322 2542 481 2576 habebat
499 2541 602 2584 (Plin.
622 2542 665 2575 H.
684 2542 723 2575 N.
742 2541 801 2582 III,
828 2539 898 2582 44).
939 2540 974 2574 Si
999 2543 1130 2584 praeter
1156 2539 1377 2574 maritimam
1403 2539 1517 2573 altera
1534 2538 1661 2572 fuisset

164 2599 304 2633 colonia
329 2600 495 2635 Castrum
521 2611 668 2642 novum,
707 2600 801 2634 inter
832 2599 978 2633 Latinas
1011 2610 1033 2633 a
1063 2599 1164 2633 Livio
1190 2598 1330 2639 XXVII,
1369 2597 1390 2631 9
1417 2601 1452 2632 et
1478 2597 1522 2631 10
1548 2596 1663 2631 nomi-

164 2662 250 2692 nata
275 2662 399 2695 esset«,
419 2657 433 2702 -Ξ

108 2714 135 2758 ²)
163 2717 334 2759 Fuerunt,
367 2717 427 2761 qui
459 2728 532 2751 non
565 2717 636 2752 situ
662 2716 845 2751 maritimo
871 2717 937 2751 has
963 2716 1120 2750 colonias
1147 2727 1168 2750 a
1193 2715 1320 2750 ceteris
1347 2714 1533 2748 distinctas
1559 2717 1661 2758 puta-

164 2780 256 2817 rent,
295 2777 357 2810 sed
389 2776 510 2810 nescio
542 2787 625 2820 qua,
664 2775 766 2810 cuius
798 2786 844 2810 ne
870 2775 1063 2809 minimum
1089 2775 1236 2819 quidem
1262 2778 1316 2808 est
1341 2773 1544 2817 vestigium,
1582 2771 1662 2806 reli-

164 2834 284 2878 gione;
325 2845 411 2869 nam
446 2834 569 2879 religio
603 2834 800 2868 advocatur
833 2845 854 2868 a
884 2834 1078 2875 nonnullis,
1117 2834 1180 2868 ubi
1205 2833 1323 2867 dicere
1349 2832 1485 2876 aliquid
1511 2831 1662 2875 cupiunt

166 2904 231 2928 nec
256 2894 404 2936 habent,
442 2894 538 2938 quod
572 2894 704 2928 dicant.
754 2893 810 2927 Ad
844 2893 953 2927 situm
986 2892 1124 2926 accedit
1157 2895 1296 2926 certum
1329 2890 1553 2925 deductionis
1579 2900 1662 2923 con-

1677 1693 1729 1719 266
