1915 3235
149 252 198 277 125<

138 2166 188 2190 129

952 120 954 123 '
973 114 1058 155 502

336 240 479 282 Unum
529 241 672 292 etiam,
723 244 926 295 quoniam
973 243 1152 296 perfecti
1198 243 1395 285 infinitivi
1440 246 1602 287 mentio
1649 246 1809 297 incidit,

217 311 392 353 addam.
439 312 610 353 Dictum
644 315 707 354 est
741 315 853 355 enim
886 327 1025 367 nuper
1058 313 1101 368 (a
1132 314 1330 356 VValchio
1363 315 1420 357 ad
1453 316 1590 358 Tacit.
1626 317 1809 370 Agricol.

216 396 258 435 p.
295 380 395 435 141)
445 383 762 436 repetitumque
813 383 857 438 (a
899 385 1160 427 Boettichero
1203 385 1246 426 in
1289 387 1390 427 Lex.
1435 387 1572 428 Tacit.
1616 401 1658 440 p.
1691 386 1809 441 458),

217 466 313 494 eam
348 453 532 495 formam
575 455 791 496 interdum
833 469 912 509 pro
954 456 1162 498 infinitivo
1207 456 1489 499 condicionali
1530 459 1645 510 poni,
1693 458 1811 500 velut

216 523 333 576 apud
373 524 476 565 Tac,
515 525 700 578 Agricol.
733 526 761 567 4
799 526 988 568 hausisse
1035 540 1112 580 pro
1159 527 1394 569 hausurum
1438 527 1574 581 fuisse
1613 531 1654 570 et
1694 529 1806 570 Ann.

220 594 287 645 IV,
321 595 397 636 28:
445 609 526 636 non
571 598 679 637 enim
722 611 763 638 se
806 598 958 639 caedem
994 598 1207 652 principis
1249 604 1285 640 et
1324 613 1391 640 res
1429 613 1558 640 novas
1592 613 1673 641 uno
1704 601 1811 641 socio

215 665 424 719 eoyitusse,
474 667 591 719 apud
638 667 889 710 Ciceronem
937 682 1108 722 quoque
1150 669 1335 722 Philipp.
1368 670 1403 710 II
1442 668 1465 722 ἓ
1498 670 1545 712 5:
1594 684 1675 711 non
1723 676 1806 712 tam

214 736 444 777 iucundum
475 738 580 778 mihi
611 738 749 780 'videri
780 739 932 793 debuit,
977 754 1059 781 non
1098 740 1360 793 interfectum
1394 739 1490 794 (nze)
1525 755 1550 782 α
1583 746 1632 794 te,
1685 756 1809 796 quam

214 808 426 861 miserum,
460 813 496 849 te
527 808 574 849 z'cl
604 810 772 864 inwune
802 810 945 864 fucere
970 812 1168 865 potuisse.
1217 811 1302 852 Sed
1335 813 1382 852 ut
1414 812 1457 852 in
1484 813 1565 853 hoc
1591 812 1810 854 Ciceronis

214 878 307 920 loco
339 892 401 920 re(
413 882 457 921 ta
489 880 684 921 oratione
715 883 959 923 necessario
993 884 1106 923 esset
1140 895 1191 923 ex
1224 896 1343 924 more
1371 882 1608 924 Ciceronis:
1641 897 1811 925 nonme

213 949 473 1003 interfecisti,
513 951 585 992 scd
617 956 756 993 tamen
787 953 833 993 z‘d
864 954 1033 1007 impune
1063 953 1207 1006 facere
1231 954 1408 1007 potuisti
1447 952 1653 1007 (faciendi
1685 957 1809 1008 pote-

213 1022 370 1061 statem
410 1020 632 1075 habuisti),
678 1023 737 1064 sic
777 1023 820 1064 in
860 1024 995 1065 altero
1029 1024 1169 1065 Taciti
1201 1025 1294 1066 loco
1327 1025 1370 1065 in
1403 1025 1603 1078 Agricola
1635 1025 1810 1067 infiniti-

213 1104 291 1133 vus
339 1094 573 1146 respondet
619 1094 850 1137 indicativo
898 1095 941 1136 in
978 1095 1205 1137 notissima
1244 1094 1361 1148 apud
1394 1095 1594 1137 Tacitum
1636 1098 1808 1138 senten-

211 1162 370 1204 tiarum
411 1165 730 1207 coniunctione:
778 1167 964 1208 studium
995 1166 1275 1220 philosopln'oe
1314 1167 1457 1207 acrius
1495 1166 1718 1220 hauserat,
1766 1169 1812 1208 m?

204 1234 438 1287 prudentia
470 1237 621 1278 matris
654 1261 707 1265 —
741 1238 927 1279 animum
963 1238 1217 1287 coercuisset,
1252 1250 1351 1290 qua,
1392 1237 1625 1279 obscurata
1658 1238 1804 1280 condi-

213 1305 344 1346 cionis
392 1307 716 1359 significatione,
765 1309 991 1358 indicatur,
1040 1309 1127 1349 iam
1176 1309 1447 1361 aliquatenus
1490 1310 1701 1351 hausisse.
1764 1310 1811 1350 In

212 1377 433 1418 annalium
467 1378 560 1420 loco
592 1392 646 1420 ne
680 1393 731 1421 ea
764 1380 939 1433 quidem
972 1379 1215 1432 proprietas
1242 1381 1307 1420 est
1334 1380 1553 1430 orationis,
1586 1380 1663 1421 sed
1695 1393 1808 1431 reus,

213 1447 374 1489 crimen
407 1449 642 1502 depellens,
690 1452 738 1492 ut.
770 1453 997 1492 accusator
1029 1451 1223 1492 conscios
1255 1449 1462 1500 nominet,
1512 1450 1573 1491 ita
1605 1451 1808 1504 postulat,

211 1520 258 1559 ut
289 1520 370 1560 hoc
403 1520 537 1562 dicat:
577 1522 697 1571 „Non
730 1523 843 1564 enim
874 1522 934 1576 (id
957 1522 1110 1563 saltem
1135 1521 1459 1563 concedendum
1483 1519 1578 1574 est),
1612 1521 1660 1572 si,
1694 1523 1811 1575 quod

212 1589 470 1642 criminaris,
521 1593 685 1634 caedem
732 1593 936 1647 principis
985 1594 1027 1634 et
1072 1605 1141 1633 res
1182 1605 1316 1634 novas
1357 1591 1552 1645 cogitavi,
1602 1593 1718 1635 solus
1767 1594 1811 1635 id

212 1662 436 1714 cogitavi“.
499 1664 759 1706 Perversum
797 1666 912 1706 esset
952 1664 1207 1718 aequassem.
1270 1663 1397 1704 Patet
1445 1662 1586 1716 igitur,
1636 1663 1680 1705 in
1727 1665 1809 1707 hoc

210 1732 303 1774 loco
335 1733 440 1775 nihil
473 1748 567 1776 esse
599 1736 836 1789 singulare,
883 1736 927 1777 in
960 1735 1096 1776 altero
1138 1746 1386 1787 apparere,.
1413 1734 1542 1786 quod,
1593 1735 1673 1776 etsi
1704 1748 1808 1777 nus-

210 1814 340 1855 quam
375 1808 631 1848 annotatum
665 1809 742 1858 est,
784 1807 943 1848 multos
975 1808 1081 1859 puto
1114 1805 1387 1855 intellexisse,
1428 1805 1630 1859 quodque
1662 1807 1808 1847 multis

210 1875 417 1928 exemplis
449 1877 618 1918 ostendi
650 1880 835 1931 poterat,
883 1877 958 1919 ubi
1000 1877 1043 1918 in
1074 1878 1193 1918 recta
1236 1877 1429 1918 oratione
1469 1876 1559 1917 tolli
1594 1877 1807 1919 condicio-

208 1945 316 1987 nalis
361 1947 537 1989 rationis
578 1949 832 2002 significatio
871 1948 1019 2002 possit,
1069 1947 1128 1988 ibi
1177 1948 1308 1988 etiam
1354 1946 1397 1988 in
1445 1946 1655 1989 infinitivo
1702 1948 1804 1998 tolli,

209 2014 600 2068 [quemadmodum
632 2019 680 2061 fit
712 2020 830 2073 apud
862 2020 1029 2061 Livium
1059 2018 1127 2068 III,
1161 2018 1201 2069 9,
1236 2018 1275 2059 8.
1309 2017 1378 2068 50,
1413 2018 1453 2058 6.
1489 2017 1557 2068 72,
1593 2018 1639 2068 7;
1674 2018 1805 2068 XXX,

212 2087 277 2137 10,
312 2088 402 2141 21,]
446 2090 571 2131 aliter
613 2091 787 2144 quidem
831 2103 1069 2144 nunquam.
1134 2088 1351 2131 Ciceronis
1394 2089 1487 2130 loco
1531 2089 1633 2131 addi
1664 2093 1807 2143 potest

209 2158 317 2199 alter
362 2160 491 2212 plane
540 2162 733 2204 eiusdem
781 2162 949 2216 generis
998 2175 1050 2203 ex
1098 2160 1293 2202 oratione
1339 2172 1418 2212 pro
1465 2159 1641 2202 Plancio
1673 2160 1696 2213 ξ
1730 2154 1843 2203 88:'

218 2228 339 2270 Vinci
371 2236 507 2272 autem
540 2232 748 2286 ‘inepmbos
780 2247 805 2273 α
839 2233 967 2284 bonis,
999 2232 1140 2285 fateor
1160 2230 1294 2283 fuisse
1310 2230 1587 2285 praectarum,
1621 2232 1658 2273 si
1679 2231 1801 2285 finem

209 2313 299 2340 eunt
331 2301 524 2343 vincendi
555 2303 752 2345 viderem.
815 2303 980 2345 Dicitur
1020 2303 1132 2344 enim
1173 2303 1311 2343 recte:
1370 2301 1491 2342 Vinci
1530 2302 1737 2356 improbos
1779 2317 1803 2343 α

210 2369 324 2411 bonis
350 2374 607 2425 praeclarum
641 2379 744 2425 erat,
785 2376 822 2416 si
854 2376 933 2416 cet.
998 2372 1175 2426 [Durius
1208 2373 1340 2413 etiam
1371 2372 1507 2425 fuisse
1546 2373 1721 2426 ponitur
1753 2374 1806 2415 de

208 2440 280 2482 Or.
314 2442 362 2492 II,
403 2443 471 2492 26,
520 2444 636 2498 110]
722 2445 848 2496 Quod
895 2447 1041 2486 autem
1089 2445 1132 2485 in
1179 2445 1245 2485 his
1294 2443 1399 2484 Livii
1447 2443 1591 2485 Verbis
1639 2444 1683 2485 in
1731 2444 1804 2485 lib.

206 2512 375 2562 XXXV,
413 2514 485 2555 15:
528 2513 583 2554 Id
615 2516 722 2556 enim
754 2516 842 2556 iam
873 2516 1077 2570 specimen
1110 2516 1177 2556 sui
1208 2515 1396 2565 dederat,
1430 2519 1487 2567 ut,
1531 2515 1569 2556 si
1600 2515 1685 2556 vita
1718 2515 1803 2556 Zon-

204 2583 300 2635 syior
331 2585 576 2639 contiyisset,
609 2587 754 2640 mafflu
785 2587 963 2642 iustique
994 2587 1105 2642 reyis
1137 2587 1181 2627 in
1215 2600 1257 2627 eo
1289 2585 1467 2626 indolem
1501 2585 1637 2639 fuisse
1672 2599 1803 2640 appa-

208 2658 329 2704 reret,
368 2654 493 2696 video
523 2655 658 2708 fuisse
689 2670 768 2709 pro
798 2657 994 2710 futurum
1025 2657 1159 2710 fuisse
1192 2657 1380 2710 positum
1419 2657 1578 2709 putari,
1622 2658 1803 2707 erratur,

301 2821 478 2861 decorum,
512 2831 576 2864 pro
603 2821 716 2854 altero
743 2827 817 2862 aut,
851 2822 1067 2855 obversante
1093 2821 1215 2855 animo
1241 2821 1355 2855 altera
1380 2820 1559 2865 particula
1583 2831 1655 2861 nec,
1694 2820 1804 2864 scrip-

303 2878 364 2913 sit:
392 2890 527 2922 neque
547 2880 729 2922 patribus,
759 2882 798 2914 ut
825 2885 888 2914 aut
914 2880 1129 2924 particulam
1157 2880 1438 2924 respondentem
1465 2890 1538 2914 non
1564 2879 1708 2913 habeat.
