<?xml version="1.0" encoding="UTF-8"?>
<!DOCTYPE html PUBLIC "-//W3C//DTD XHTML 1.0 Transitional//EN"
    "http://www.w3.org/TR/xhtml1/DTD/xhtml1-transitional.dtd">
<html xmlns="http://www.w3.org/1999/xhtml" xml:lang="en" lang="en">
 <head>
  <title>
</title>
<meta http-equiv="Content-Type" content="text/html;charset=utf-8" />
  <meta name='ocr-system' content='tesseract 3.04.00' />
  <meta name='ocr-capabilities' content='ocr_page ocr_carea ocr_par ocr_line ocrx_word'/>
</head>
<body>
  <div class='ocr_page' id='page_1' title='image "./ionicolaimadvigi00madvuoft_0750.png"; bbox 0 0 1915 3235; ppageno 0'>
   <div class='ocr_carea' id='block_1_1' title="bbox 1003 100 1088 141">
    <p class='ocr_par' dir='ltr' id='par_1_1' title="bbox 1003 100 1088 141">
     <span class='ocr_line' id='line_1_1' title="bbox 1003 100 1088 141; baseline 0 -1"><span class='ocrx_word' id='word_1_1' title='bbox 1003 100 1088 141; x_wconf 77' lang='lat'>724</span> 
     </span>
    </p>
   </div>
   <div class='ocr_carea' id='block_1_2' title="bbox 230 229 1869 2975">
    <p class='ocr_par' dir='ltr' id='par_1_2' title="bbox 230 229 1869 2975">
     <span class='ocr_line' id='line_1_2' title="bbox 242 229 1841 284; baseline -0.001 -11"><span class='ocrx_word' id='word_1_2' title='bbox 242 234 453 284; x_wconf 82' lang='lat' dir='ltr'>tanquam</span> <span class='ocrx_word' id='word_1_3' title='bbox 485 229 693 283; x_wconf 84' lang='lat' dir='ltr'>primaria</span> <span class='ocrx_word' id='word_1_4' title='bbox 725 230 942 270; x_wconf 87' lang='lat' dir='ltr'>sententia</span> <span class='ocrx_word' id='word_1_5' title='bbox 975 229 1170 270; x_wconf 88' lang='lat' dir='ltr'>subiecta</span> <span class='ocrx_word' id='word_1_6' title='bbox 1202 229 1345 271; x_wconf 85' lang='lat' dir='ltr'>verbis</span> <span class='ocrx_word' id='word_1_7' title='bbox 1377 229 1451 270; x_wconf 79' lang='lat' dir='ltr'>hoo</span> <span class='ocrx_word' id='word_1_8' title='bbox 1474 230 1653 270; x_wconf 75' lang='lat' dir='ltr'>rationis</span> <span class='ocrx_word' id='word_1_9' title='bbox 1676 229 1841 283; x_wconf 79' lang='lat' dir='ltr'><em>habuit)</em></span> 
     </span>
     <span class='ocr_line' id='line_1_3' title="bbox 241 299 1842 354; baseline 0 -11"><span class='ocrx_word' id='word_1_10' title='bbox 241 302 441 343; x_wconf 86' lang='lat' dir='ltr'>AEhutius</span> <span class='ocrx_word' id='word_1_11' title='bbox 475 314 527 343; x_wconf 86' lang='lat' dir='ltr'>ex</span> <span class='ocrx_word' id='word_1_12' title='bbox 559 314 622 351; x_wconf 80' lang='lat' dir='ltr'>eo,</span> <span class='ocrx_word' id='word_1_13' title='bbox 658 301 786 354; x_wconf 83' lang='lat' dir='ltr'>quod,</span> <span class='ocrx_word' id='word_1_14' title='bbox 827 300 863 341; x_wconf 91' lang='lat' dir='ltr'>si</span> <span class='ocrx_word' id='word_1_15' title='bbox 895 299 1011 341; x_wconf 87' lang='lat' dir='ltr'>facta</span> <span class='ocrx_word' id='word_1_16' title='bbox 1042 299 1106 340; x_wconf 88' lang='lat' dir='ltr'>vis</span> <span class='ocrx_word' id='word_1_17' title='bbox 1139 301 1253 340; x_wconf 89' lang='lat' dir='ltr'>esset</span> <span class='ocrx_word' id='word_1_18' title='bbox 1284 300 1490 349; x_wconf 82' lang='lat' dir='ltr'>moribus,</span> <span class='ocrx_word' id='word_1_19' title='bbox 1530 301 1724 353; x_wconf 82' lang='lat' dir='ltr'>superior</span> <span class='ocrx_word' id='word_1_20' title='bbox 1754 315 1842 343; x_wconf 89' lang='lat' dir='ltr'>non</span> 
     </span>
     <span class='ocr_line' id='line_1_4' title="bbox 242 369 1840 425; baseline -0.001 -11"><span class='ocrx_word' id='word_1_21' title='bbox 242 372 412 414; x_wconf 82' lang='lat' dir='ltr'>futurus</span> <span class='ocrx_word' id='word_1_22' title='bbox 445 372 586 422; x_wconf 87' lang='lat' dir='ltr'>fuerit,</span> <span class='ocrx_word' id='word_1_23' title='bbox 628 371 856 421; x_wconf 75' lang='lat' dir='ltr'>concludit,</span> <span class='ocrx_word' id='word_1_24' title='bbox 896 370 994 411; x_wconf 90' lang='lat' dir='ltr'>ideo</span> <span class='ocrx_word' id='word_1_25' title='bbox 1035 369 1252 411; x_wconf 79' lang='lat' dir='ltr'>Caecinam</span> <span class='ocrx_word' id='word_1_26' title='bbox 1284 383 1407 412; x_wconf 85' lang='lat' dir='ltr'>arma</span> <span class='ocrx_word' id='word_1_27' title='bbox 1438 371 1633 413; x_wconf 76' lang='lat' dir='ltr'>timuisse</span> <span class='ocrx_word' id='word_1_28' title='bbox 1667 374 1708 413; x_wconf 88' lang='lat' dir='ltr'>et</span> <span class='ocrx_word' id='word_1_29' title='bbox 1739 386 1840 425; x_wconf 88' lang='lat' dir='ltr'>pro-</span> 
     </span>
     <span class='ocr_line' id='line_1_5' title="bbox 240 441 1841 496; baseline 0.001 -12"><span class='ocrx_word' id='word_1_30' title='bbox 240 443 414 496; x_wconf 80' lang='lat' dir='ltr'>fugisse,</span> <span class='ocrx_word' id='word_1_31' title='bbox 449 443 565 496; x_wconf 89' lang='lat' dir='ltr'>quod</span> <span class='ocrx_word' id='word_1_32' title='bbox 598 446 748 483; x_wconf 87' lang='lat' dir='ltr'>contra</span> <span class='ocrx_word' id='word_1_33' title='bbox 780 441 845 482; x_wconf 91' lang='lat' dir='ltr'>ius</span> <span class='ocrx_word' id='word_1_34' title='bbox 878 454 1132 494; x_wconf 88' lang='lat' dir='ltr'>moremque</span> <span class='ocrx_word' id='word_1_35' title='bbox 1167 441 1282 482; x_wconf 86' lang='lat' dir='ltr'>facta</span> <span class='ocrx_word' id='word_1_36' title='bbox 1316 442 1377 482; x_wconf 90' lang='lat' dir='ltr'>vis</span> <span class='ocrx_word' id='word_1_37' title='bbox 1410 441 1477 492; x_wconf 91' lang='lat' dir='ltr'>sit,</span> <span class='ocrx_word' id='word_1_38' title='bbox 1512 443 1636 495; x_wconf 80' lang='lat' dir='ltr'>quasi</span> <span class='ocrx_word' id='word_1_39' title='bbox 1660 446 1736 484; x_wconf 89' lang='lat' dir='ltr'>aut</span> <span class='ocrx_word' id='word_1_40' title='bbox 1759 443 1841 485; x_wconf 93' lang='lat' dir='ltr'>hoc</span> 
     </span>
     <span class='ocr_line' id='line_1_6' title="bbox 241 512 1838 565; baseline 0 -10"><span class='ocrx_word' id='word_1_41' title='bbox 241 527 293 555; x_wconf 82' lang='lat' dir='ltr'>ex</span> <span class='ocrx_word' id='word_1_42' title='bbox 340 514 410 555; x_wconf 88' lang='lat' dir='ltr'>illo</span> <span class='ocrx_word' id='word_1_43' title='bbox 459 514 595 555; x_wconf 90' lang='lat' dir='ltr'>altero</span> <span class='ocrx_word' id='word_1_44' title='bbox 642 514 851 565; x_wconf 85' lang='lat' dir='ltr'>sequatur</span> <span class='ocrx_word' id='word_1_45' title='bbox 899 514 974 553; x_wconf 89' lang='lat' dir='ltr'>aut</span> <span class='ocrx_word' id='word_1_46' title='bbox 1012 512 1311 553; x_wconf 70' lang='lat' dir='ltr'>ratiocinando</span> <span class='ocrx_word' id='word_1_47' title='bbox 1350 513 1654 554; x_wconf 86' lang='lat' dir='ltr'>inveniendum</span> <span class='ocrx_word' id='word_1_48' title='bbox 1697 514 1838 564; x_wconf 87' lang='lat' dir='ltr'>fuerit,</span> 
     </span>
     <span class='ocr_line' id='line_1_7' title="bbox 240 582 1840 634; baseline -0.001 -8"><span class='ocrx_word' id='word_1_49' title='bbox 240 598 315 626; x_wconf 89' lang='lat' dir='ltr'>cur</span> <span class='ocrx_word' id='word_1_50' title='bbox 362 585 533 626; x_wconf 76' lang='lat' dir='ltr'>Caecina</span> <span class='ocrx_word' id='word_1_51' title='bbox 581 597 704 625; x_wconf 88' lang='lat' dir='ltr'>arma</span> <span class='ocrx_word' id='word_1_52' title='bbox 742 583 970 624; x_wconf 79' lang='lat' dir='ltr'>timuisset.</span> <span class='ocrx_word' id='word_1_53' title='bbox 1034 582 1312 624; x_wconf 76' lang='lat' dir='ltr'>Manifestum</span> <span class='ocrx_word' id='word_1_54' title='bbox 1354 586 1430 634; x_wconf 87' lang='lat' dir='ltr'>est,</span> <span class='ocrx_word' id='word_1_55' title='bbox 1479 584 1573 624; x_wconf 77' lang='lat' dir='ltr'>haec</span> <span class='ocrx_word' id='word_1_56' title='bbox 1605 584 1703 634; x_wconf 90' lang='lat' dir='ltr'>duo,</span> <span class='ocrx_word' id='word_1_57' title='bbox 1752 584 1840 625; x_wconf 82' lang='lat' dir='ltr'>vim</span> 
     </span>
     <span class='ocr_line' id='line_1_8' title="bbox 238 653 1840 707; baseline 0 -11"><span class='ocrx_word' id='word_1_58' title='bbox 238 655 432 696; x_wconf 88' lang='lat' dir='ltr'>moribus</span> <span class='ocrx_word' id='word_1_59' title='bbox 465 655 626 696; x_wconf 87' lang='lat' dir='ltr'>factam</span> <span class='ocrx_word' id='word_1_60' title='bbox 660 657 703 696; x_wconf 89' lang='lat' dir='ltr'>et</span> <span class='ocrx_word' id='word_1_61' title='bbox 735 657 886 696; x_wconf 89' lang='lat' dir='ltr'>contra</span> <span class='ocrx_word' id='word_1_62' title='bbox 917 654 982 694; x_wconf 89' lang='lat' dir='ltr'>ius</span> <span class='ocrx_word' id='word_1_63' title='bbox 1015 666 1268 706; x_wconf 87' lang='lat' dir='ltr'>moremque</span> <span class='ocrx_word' id='word_1_64' title='bbox 1311 653 1486 705; x_wconf 88' lang='lat' dir='ltr'>factam,</span> <span class='ocrx_word' id='word_1_65' title='bbox 1535 656 1578 695; x_wconf 89' lang='lat' dir='ltr'>et</span> <span class='ocrx_word' id='word_1_66' title='bbox 1616 654 1840 707; x_wconf 88' lang='lat' dir='ltr'>utriusque</span> 
     </span>
     <span class='ocr_line' id='line_1_9' title="bbox 237 725 1840 779; baseline 0 -12"><span class='ocrx_word' id='word_1_67' title='bbox 237 727 299 767; x_wconf 87' lang='lat' dir='ltr'>rei</span> <span class='ocrx_word' id='word_1_68' title='bbox 332 726 510 767; x_wconf 84' lang='lat' dir='ltr'>effectus</span> <span class='ocrx_word' id='word_1_69' title='bbox 542 725 654 767; x_wconf 89' lang='lat' dir='ltr'>inter</span> <span class='ocrx_word' id='word_1_70' title='bbox 686 738 732 766; x_wconf 90' lang='lat' dir='ltr'>se</span> <span class='ocrx_word' id='word_1_71' title='bbox 765 725 1021 778; x_wconf 89' lang='lat' dir='ltr'>comparari,</span> <span class='ocrx_word' id='word_1_72' title='bbox 1068 728 1111 765; x_wconf 91' lang='lat' dir='ltr'>et</span> <span class='ocrx_word' id='word_1_73' title='bbox 1143 737 1195 765; x_wconf 86' lang='lat' dir='ltr'>ex</span> <span class='ocrx_word' id='word_1_74' title='bbox 1226 725 1310 765; x_wconf 85' lang='lat' dir='ltr'>hac</span> <span class='ocrx_word' id='word_1_75' title='bbox 1342 726 1679 778; x_wconf 89' lang='lat' dir='ltr'>comparatione,</span> <span class='ocrx_word' id='word_1_76' title='bbox 1724 726 1840 779; x_wconf 87' lang='lat' dir='ltr'>quod</span> 
     </span>
     <span class='ocr_line' id='line_1_10' title="bbox 236 795 1837 851; baseline -0.001 -12"><span class='ocrx_word' id='word_1_77' title='bbox 236 798 282 839; x_wconf 90' lang='lat' dir='ltr'>in</span> <span class='ocrx_word' id='word_1_78' title='bbox 312 798 585 851; x_wconf 88' lang='lat' dir='ltr'>possessione</span> <span class='ocrx_word' id='word_1_79' title='bbox 617 796 845 837; x_wconf 88' lang='lat' dir='ltr'>retinenda</span> <span class='ocrx_word' id='word_1_80' title='bbox 878 796 942 836; x_wconf 85' lang='lat' dir='ltr'>vis</span> <span class='ocrx_word' id='word_1_81' title='bbox 973 795 1168 836; x_wconf 87' lang='lat' dir='ltr'>moribus</span> <span class='ocrx_word' id='word_1_82' title='bbox 1201 795 1317 837; x_wconf 85' lang='lat' dir='ltr'>facta</span> <span class='ocrx_word' id='word_1_83' title='bbox 1340 796 1501 836; x_wconf 90' lang='lat' dir='ltr'>inutilis</span> <span class='ocrx_word' id='word_1_84' title='bbox 1526 796 1672 837; x_wconf 87' lang='lat' dir='ltr'>futura</span> <span class='ocrx_word' id='word_1_85' title='bbox 1696 796 1837 846; x_wconf 87' lang='lat' dir='ltr'>fuerit,</span> 
     </span>
     <span class='ocr_line' id='line_1_11' title="bbox 237 865 1840 920; baseline -0.001 -11"><span class='ocrx_word' id='word_1_86' title='bbox 237 869 300 910; x_wconf 84' lang='lat' dir='ltr'>vis</span> <span class='ocrx_word' id='word_1_87' title='bbox 333 871 504 910; x_wconf 85' lang='lat' dir='ltr'>armata</span> <span class='ocrx_word' id='word_1_88' title='bbox 537 872 579 909; x_wconf 89' lang='lat' dir='ltr'>et</span> <span class='ocrx_word' id='word_1_89' title='bbox 611 880 714 909; x_wconf 83' lang='lat' dir='ltr'>Vera</span> <span class='ocrx_word' id='word_1_90' title='bbox 747 869 897 908; x_wconf 88' lang='lat' dir='ltr'>contra</span> <span class='ocrx_word' id='word_1_91' title='bbox 928 866 1152 919; x_wconf 75' lang='lat' dir='ltr'>profuerit,</span> <span class='ocrx_word' id='word_1_92' title='bbox 1187 867 1395 916; x_wconf 84' lang='lat' dir='ltr'>concludi,</span> <span class='ocrx_word' id='word_1_93' title='bbox 1431 867 1616 908; x_wconf 90' lang='lat' dir='ltr'>eundem</span> <span class='ocrx_word' id='word_1_94' title='bbox 1646 867 1750 908; x_wconf 87' lang='lat' dir='ltr'>alibi</span> <span class='ocrx_word' id='word_1_95' title='bbox 1779 865 1840 920; x_wconf 85' lang='lat' dir='ltr'>(in</span> 
     </span>
     <span class='ocr_line' id='line_1_12' title="bbox 236 937 1838 992; baseline -0.002 -11"><span class='ocrx_word' id='word_1_96' title='bbox 236 937 410 992; x_wconf 86' lang='lat' dir='ltr'>iudicio)</span> <span class='ocrx_word' id='word_1_97' title='bbox 444 941 648 980; x_wconf 84' lang='lat' dir='ltr'>eventum</span> <span class='ocrx_word' id='word_1_98' title='bbox 681 938 888 979; x_wconf 83' lang='lat' dir='ltr'>futurum.</span> <span class='ocrx_word' id='word_1_99' title='bbox 951 937 999 978; x_wconf 90' lang='lat' dir='ltr'>Id</span> <span class='ocrx_word' id='word_1_100' title='bbox 1030 937 1126 990; x_wconf 91' lang='lat' dir='ltr'>ipsa</span> <span class='ocrx_word' id='word_1_101' title='bbox 1157 937 1230 978; x_wconf 88' lang='grc'>1113</span> <span class='ocrx_word' id='word_1_102' title='bbox 1261 937 1395 978; x_wconf 83' lang='lat' dir='ltr'>verba</span> <span class='ocrx_word' id='word_1_103' title='bbox 1441 938 1594 979; x_wconf 89' lang='lat' dir='ltr'>docere</span> <span class='ocrx_word' id='word_1_104' title='bbox 1633 940 1838 990; x_wconf 82' lang='lat' dir='ltr'>possunt:</span> 
     </span>
     <span class='ocr_line' id='line_1_13' title="bbox 235 1007 1836 1062; baseline -0.002 -10"><span class='ocrx_word' id='word_1_105' title='bbox 235 1011 308 1052; x_wconf 79' lang='lat' dir='ltr'>hoc</span> <span class='ocrx_word' id='word_1_106' title='bbox 340 1010 520 1051; x_wconf 72' lang='lat' dir='ltr'>rationis</span> <span class='ocrx_word' id='word_1_107' title='bbox 551 1009 697 1050; x_wconf 71' lang='lat' dir='ltr'>habuit</span> <span class='ocrx_word' id='word_1_108' title='bbox 737 1007 832 1062; x_wconf 89' lang='lat' dir='ltr'>(hat</span> <span class='ocrx_word' id='word_1_109' title='bbox 869 1008 986 1048; x_wconf 84' lang='lat' dir='ltr'>diese</span> <span class='ocrx_word' id='word_1_110' title='bbox 1018 1008 1303 1062; x_wconf 82' lang='lat' dir='ltr'>Berechnung</span> <span class='ocrx_word' id='word_1_111' title='bbox 1341 1007 1573 1061; x_wconf 78' lang='lat' dir='ltr'>gemacht),</span> <span class='ocrx_word' id='word_1_112' title='bbox 1614 1022 1711 1061; x_wconf 80' lang='lat' dir='ltr'>quae</span> <span class='ocrx_word' id='word_1_113' title='bbox 1750 1022 1836 1050; x_wconf 91' lang='lat' dir='ltr'>non</span> 
     </span>
     <span class='ocr_line' id='line_1_14' title="bbox 236 1079 1837 1134; baseline -0.001 -11"><span class='ocrx_word' id='word_1_114' title='bbox 236 1082 292 1123; x_wconf 89' lang='lat' dir='ltr'>ad</span> <span class='ocrx_word' id='word_1_115' title='bbox 331 1095 512 1134; x_wconf 85' lang='lat' dir='ltr'>pravam</span> <span class='ocrx_word' id='word_1_116' title='bbox 565 1080 684 1121; x_wconf 89' lang='lat' dir='ltr'>illam</span> <span class='ocrx_word' id='word_1_117' title='bbox 727 1079 780 1120; x_wconf 89' lang='lat' dir='ltr'>de</span> <span class='ocrx_word' id='word_1_118' title='bbox 823 1079 1006 1120; x_wconf 82' lang='lat' dir='ltr'>Caecinae</span> <span class='ocrx_word' id='word_1_119' title='bbox 1050 1079 1163 1132; x_wconf 84' lang='lat' dir='ltr'>fugae</span> <span class='ocrx_word' id='word_1_120' title='bbox 1204 1092 1336 1120; x_wconf 84' lang='lat' dir='ltr'>causa</span> <span class='ocrx_word' id='word_1_121' title='bbox 1378 1080 1621 1132; x_wconf 80' lang='lat' dir='ltr'>argumenti</span> <span class='ocrx_word' id='word_1_122' title='bbox 1664 1080 1837 1121; x_wconf 88' lang='lat' dir='ltr'>conclu-</span> 
     </span>
     <span class='ocr_line' id='line_1_15' title="bbox 235 1150 1837 1205; baseline -0.001 -11"><span class='ocrx_word' id='word_1_123' title='bbox 235 1153 400 1194; x_wconf 90' lang='lat' dir='ltr'>sionem</span> <span class='ocrx_word' id='word_1_124' title='bbox 433 1154 538 1205; x_wconf 88' lang='lat' dir='ltr'>apta</span> <span class='ocrx_word' id='word_1_125' title='bbox 569 1153 681 1201; x_wconf 89' lang='lat' dir='ltr'>sunt,</span> <span class='ocrx_word' id='word_1_126' title='bbox 715 1150 793 1192; x_wconf 89' lang='lat' dir='ltr'>sed</span> <span class='ocrx_word' id='word_1_127' title='bbox 826 1150 883 1191; x_wconf 91' lang='lat' dir='ltr'>ad</span> <span class='ocrx_word' id='word_1_128' title='bbox 915 1150 1208 1191; x_wconf 85' lang='lat' dir='ltr'>coniecturam</span> <span class='ocrx_word' id='word_1_129' title='bbox 1241 1150 1295 1191; x_wconf 90' lang='lat' dir='ltr'>de</span> <span class='ocrx_word' id='word_1_130' title='bbox 1327 1150 1471 1191; x_wconf 84' lang='lat' dir='ltr'>futuro</span> <span class='ocrx_word' id='word_1_131' title='bbox 1504 1150 1647 1192; x_wconf 88' lang='lat' dir='ltr'>iudicii</span> <span class='ocrx_word' id='word_1_132' title='bbox 1680 1153 1837 1192; x_wconf 85' lang='lat' dir='ltr'>eventu</span> 
     </span>
     <span class='ocr_line' id='line_1_16' title="bbox 236 1221 1836 1275; baseline -0.002 -11"><span class='ocrx_word' id='word_1_133' title='bbox 236 1237 288 1264; x_wconf 82' lang='lat' dir='ltr'>ex</span> <span class='ocrx_word' id='word_1_134' title='bbox 320 1223 384 1274; x_wconf 92' lang='lat' dir='ltr'>iis,</span> <span class='ocrx_word' id='word_1_135' title='bbox 429 1235 526 1275; x_wconf 78' lang='lat' dir='ltr'>quae</span> <span class='ocrx_word' id='word_1_136' title='bbox 559 1224 660 1263; x_wconf 88' lang='lat' dir='ltr'>ante</span> <span class='ocrx_word' id='word_1_137' title='bbox 693 1221 809 1262; x_wconf 88' lang='lat' dir='ltr'>facta</span> <span class='ocrx_word' id='word_1_138' title='bbox 843 1225 1001 1271; x_wconf 88' lang='lat' dir='ltr'>essent,</span> <span class='ocrx_word' id='word_1_139' title='bbox 1043 1226 1231 1274; x_wconf 84' lang='lat' dir='ltr'>captam.</span> <span class='ocrx_word' id='word_1_140' title='bbox 1294 1221 1444 1274; x_wconf 87' lang='lat' dir='ltr'>Neque</span> <span class='ocrx_word' id='word_1_141' title='bbox 1476 1221 1561 1271; x_wconf 87' lang='lat' dir='ltr'>illa,</span> <span class='ocrx_word' id='word_1_142' title='bbox 1603 1221 1646 1261; x_wconf 91' lang='lat' dir='ltr'>in</span> <span class='ocrx_word' id='word_1_143' title='bbox 1679 1221 1836 1274; x_wconf 88' lang='lat' dir='ltr'>quihus</span> 
     </span>
     <span class='ocr_line' id='line_1_17' title="bbox 236 1292 1837 1347; baseline -0.001 -12"><span class='ocrx_word' id='word_1_144' title='bbox 236 1296 367 1347; x_wconf 88' lang='lat' dir='ltr'>caput</span> <span class='ocrx_word' id='word_1_145' title='bbox 398 1293 624 1335; x_wconf 80' lang='lat' dir='ltr'>sententiae</span> <span class='ocrx_word' id='word_1_146' title='bbox 657 1295 700 1333; x_wconf 87' lang='lat' dir='ltr'>et</span> <span class='ocrx_word' id='word_1_147' title='bbox 732 1293 1067 1346; x_wconf 75' lang='lat' dir='ltr'>enthymematis</span> <span class='ocrx_word' id='word_1_148' title='bbox 1102 1294 1185 1333; x_wconf 87' lang='lat' dir='ltr'>est:</span> <span class='ocrx_word' id='word_1_149' title='bbox 1225 1306 1336 1332; x_wconf 72' lang='lat' dir='ltr'>nuuc</span> <span class='ocrx_word' id='word_1_150' title='bbox 1367 1306 1523 1347; x_wconf 72' lang='lat' dir='ltr'>Quoque</span> <span class='ocrx_word' id='word_1_151' title='bbox 1555 1295 1648 1341; x_wconf 85' lang='lat' dir='ltr'>cet.,</span> <span class='ocrx_word' id='word_1_152' title='bbox 1690 1292 1726 1333; x_wconf 88' lang='lat' dir='ltr'>si</span> <span class='ocrx_word' id='word_1_153' title='bbox 1757 1305 1837 1345; x_wconf 85' lang='lat' dir='ltr'>pro</span> 
     </span>
     <span class='ocr_line' id='line_1_18' title="bbox 235 1363 1834 1418; baseline -0.002 -12"><span class='ocrx_word' id='word_1_154' title='bbox 235 1364 475 1418; x_wconf 86' lang='lat' dir='ltr'>appendice</span> <span class='ocrx_word' id='word_1_155' title='bbox 519 1366 562 1405; x_wconf 89' lang='lat' dir='ltr'>et</span> <span class='ocrx_word' id='word_1_156' title='bbox 604 1363 828 1405; x_wconf 85' lang='lat' dir='ltr'>corollario</span> <span class='ocrx_word' id='word_1_157' title='bbox 866 1363 1006 1416; x_wconf 83' lang='lat' dir='ltr'>plenae</span> <span class='ocrx_word' id='word_1_158' title='bbox 1047 1364 1135 1404; x_wconf 90' lang='lat' dir='ltr'>iam</span> <span class='ocrx_word' id='word_1_159' title='bbox 1182 1363 1443 1404; x_wconf 88' lang='lat' dir='ltr'>conclusioni</span> <span class='ocrx_word' id='word_1_160' title='bbox 1485 1363 1834 1416; x_wconf 81' lang='lat' dir='ltr'>adiungerentur,</span> 
     </span>
     <span class='ocr_line' id='line_1_19' title="bbox 234 1432 1834 1488; baseline -0.001 -12"><span class='ocrx_word' id='word_1_161' title='bbox 234 1436 327 1477; x_wconf 90' lang='lat' dir='ltr'>sine</span> <span class='ocrx_word' id='word_1_162' title='bbox 358 1435 572 1488; x_wconf 88' lang='lat' dir='ltr'>particula</span> <span class='ocrx_word' id='word_1_163' title='bbox 605 1434 695 1475; x_wconf 91' lang='lat' dir='ltr'>eius</span> <span class='ocrx_word' id='word_1_164' title='bbox 729 1434 1016 1476; x_wconf 84' lang='lat' dir='ltr'>adiunctionis</span> <span class='ocrx_word' id='word_1_165' title='bbox 1049 1435 1189 1475; x_wconf 88' lang='lat' dir='ltr'>indice</span> <span class='ocrx_word' id='word_1_166' title='bbox 1223 1433 1337 1487; x_wconf 75' lang='lat' dir='ltr'>(item</span> <span class='ocrx_word' id='word_1_167' title='bbox 1361 1432 1560 1486; x_wconf 79' lang='lat' dir='ltr'>similive)</span> <span class='ocrx_word' id='word_1_168' title='bbox 1594 1434 1735 1487; x_wconf 87' lang='lat' dir='ltr'>posita</span> <span class='ocrx_word' id='word_1_169' title='bbox 1767 1446 1834 1475; x_wconf 88' lang='lat' dir='ltr'>es-</span> 
     </span>
     <span class='ocr_line' id='line_1_20' title="bbox 235 1505 1834 1558; baseline -0.001 -11"><span class='ocrx_word' id='word_1_170' title='bbox 235 1509 344 1548; x_wconf 89' lang='lat' dir='ltr'>sent.</span> <span class='ocrx_word' id='word_1_171' title='bbox 394 1507 480 1547; x_wconf 85' lang='lat' dir='ltr'>Sed</span> <span class='ocrx_word' id='word_1_172' title='bbox 511 1506 721 1547; x_wconf 87' lang='lat' dir='ltr'>sentietur</span> <span class='ocrx_word' id='word_1_173' title='bbox 752 1506 890 1558; x_wconf 81' lang='lat' dir='ltr'>magis</span> <span class='ocrx_word' id='word_1_174' title='bbox 922 1508 1016 1547; x_wconf 88' lang='lat' dir='ltr'>tota</span> <span class='ocrx_word' id='word_1_175' title='bbox 1047 1518 1130 1556; x_wconf 85' lang='lat' dir='ltr'>res,</span> <span class='ocrx_word' id='word_1_176' title='bbox 1170 1506 1205 1546; x_wconf 89' lang='lat' dir='ltr'>si</span> <span class='ocrx_word' id='word_1_177' title='bbox 1238 1505 1377 1558; x_wconf 87' lang='lat' dir='ltr'>ipsam</span> <span class='ocrx_word' id='word_1_178' title='bbox 1410 1505 1570 1546; x_wconf 87' lang='lat' dir='ltr'>AEbutii</span> <span class='ocrx_word' id='word_1_179' title='bbox 1602 1505 1834 1546; x_wconf 87' lang='lat' dir='ltr'>ratiocina-</span> 
     </span>
     <span class='ocr_line' id='line_1_21' title="bbox 234 1576 1834 1630; baseline -0.001 -12"><span class='ocrx_word' id='word_1_180' title='bbox 234 1578 397 1619; x_wconf 90' lang='lat' dir='ltr'>tionem</span> <span class='ocrx_word' id='word_1_181' title='bbox 429 1579 548 1618; x_wconf 90' lang='lat' dir='ltr'>recta</span> <span class='ocrx_word' id='word_1_182' title='bbox 580 1577 775 1619; x_wconf 87' lang='lat' dir='ltr'>oratione</span> <span class='ocrx_word' id='word_1_183' title='bbox 797 1589 1077 1630; x_wconf 88' lang='lat' dir='ltr'>proposuero.</span> <span class='ocrx_word' id='word_1_184' title='bbox 1125 1576 1164 1616; x_wconf 92' lang='lat' dir='ltr'>Is</span> <span class='ocrx_word' id='word_1_185' title='bbox 1196 1576 1325 1629; x_wconf 83' lang='lat' dir='ltr'>igitur</span> <span class='ocrx_word' id='word_1_186' title='bbox 1356 1576 1416 1616; x_wconf 86' lang='lat' dir='ltr'>ita</span> <span class='ocrx_word' id='word_1_187' title='bbox 1439 1588 1585 1616; x_wconf 87' lang='lat' dir='ltr'>secum</span> <span class='ocrx_word' id='word_1_188' title='bbox 1614 1576 1834 1616; x_wconf 90' lang='lat' dir='ltr'>locuturus</span> 
     </span>
     <span class='ocr_line' id='line_1_22' title="bbox 236 1646 1833 1700; baseline -0.002 -10"><span class='ocrx_word' id='word_1_189' title='bbox 236 1650 349 1690; x_wconf 87' lang='lat' dir='ltr'>erat:</span> <span class='ocrx_word' id='word_1_190' title='bbox 389 1648 457 1698; x_wconf 81' lang='lat' dir='ltr'>„Si</span> <span class='ocrx_word' id='word_1_191' title='bbox 490 1648 606 1689; x_wconf 82' lang='lat' dir='ltr'>facta</span> <span class='ocrx_word' id='word_1_192' title='bbox 637 1649 700 1689; x_wconf 86' lang='lat' dir='ltr'>Vis</span> <span class='ocrx_word' id='word_1_193' title='bbox 734 1650 848 1689; x_wconf 89' lang='lat' dir='ltr'>esset</span> <span class='ocrx_word' id='word_1_194' title='bbox 879 1647 1086 1697; x_wconf 89' lang='lat' dir='ltr'>moribus,</span> <span class='ocrx_word' id='word_1_195' title='bbox 1121 1647 1316 1700; x_wconf 87' lang='lat' dir='ltr'>superior</span> <span class='ocrx_word' id='word_1_196' title='bbox 1343 1647 1387 1687; x_wconf 91' lang='lat' dir='ltr'>in</span> <span class='ocrx_word' id='word_1_197' title='bbox 1411 1646 1637 1687; x_wconf 87' lang='lat' dir='ltr'>retinenda</span> <span class='ocrx_word' id='word_1_198' title='bbox 1660 1659 1833 1700; x_wconf 89' lang='lat' dir='ltr'>posses—</span> 
     </span>
     <span class='ocr_line' id='line_1_23' title="bbox 235 1716 1833 1772; baseline -0.001 -12"><span class='ocrx_word' id='word_1_199' title='bbox 235 1720 354 1760; x_wconf 91' lang='lat' dir='ltr'>sione</span> <span class='ocrx_word' id='word_1_200' title='bbox 386 1732 473 1760; x_wconf 91' lang='lat' dir='ltr'>non</span> <span class='ocrx_word' id='word_1_201' title='bbox 505 1719 704 1768; x_wconf 86' lang='lat' dir='ltr'>fuissem;</span> <span class='ocrx_word' id='word_1_202' title='bbox 754 1718 885 1772; x_wconf 90' lang='lat' dir='ltr'>(nunc</span> <span class='ocrx_word' id='word_1_203' title='bbox 919 1716 1101 1770; x_wconf 87' lang='lat' dir='ltr'>contra,)</span> <span class='ocrx_word' id='word_1_204' title='bbox 1143 1717 1244 1770; x_wconf 86' lang='lat' dir='ltr'>quia</span> <span class='ocrx_word' id='word_1_205' title='bbox 1284 1719 1434 1759; x_wconf 88' lang='lat' dir='ltr'>contra</span> <span class='ocrx_word' id='word_1_206' title='bbox 1473 1717 1538 1758; x_wconf 91' lang='lat' dir='ltr'>ius</span> <span class='ocrx_word' id='word_1_207' title='bbox 1579 1731 1833 1770; x_wconf 88' lang='lat' dir='ltr'>moremque</span> 
     </span>
     <span class='ocr_line' id='line_1_24' title="bbox 235 1786 1833 1842; baseline -0.002 -11"><span class='ocrx_word' id='word_1_208' title='bbox 235 1790 351 1831; x_wconf 84' lang='lat' dir='ltr'>facta</span> <span class='ocrx_word' id='word_1_209' title='bbox 384 1795 461 1840; x_wconf 85' lang='lat' dir='ltr'>est,</span> <span class='ocrx_word' id='word_1_210' title='bbox 501 1789 553 1830; x_wconf 89' lang='lat' dir='ltr'>A.</span> <span class='ocrx_word' id='word_1_211' title='bbox 587 1790 759 1832; x_wconf 78' lang='lat' dir='ltr'>Caecina</span> <span class='ocrx_word' id='word_1_212' title='bbox 791 1791 911 1830; x_wconf 88' lang='lat' dir='ltr'>metu</span> <span class='ocrx_word' id='word_1_213' title='bbox 950 1788 1202 1842; x_wconf 84' lang='lat' dir='ltr'>perterritus</span> <span class='ocrx_word' id='word_1_214' title='bbox 1242 1788 1444 1841; x_wconf 80' lang='lat' dir='ltr'>profugit.</span> <span class='ocrx_word' id='word_1_215' title='bbox 1502 1786 1686 1840; x_wconf 91' lang='lat' dir='ltr'>(Itaque)</span> <span class='ocrx_word' id='word_1_216' title='bbox 1718 1801 1833 1829; x_wconf 88' lang='lat' dir='ltr'>nunc</span> 
     </span>
     <span class='ocr_line' id='line_1_25' title="bbox 235 1858 1835 1915; baseline -0.003 -12"><span class='ocrx_word' id='word_1_217' title='bbox 235 1875 406 1915; x_wconf 81' lang='lat' dir='ltr'>quoque</span> <span class='ocrx_word' id='word_1_218' title='bbox 438 1862 481 1902; x_wconf 91' lang='lat' dir='ltr'>in</span> <span class='ocrx_word' id='word_1_219' title='bbox 513 1861 684 1912; x_wconf 88' lang='lat' dir='ltr'>iudicio,</span> <span class='ocrx_word' id='word_1_220' title='bbox 734 1861 769 1902; x_wconf 91' lang='lat' dir='ltr'>si</span> <span class='ocrx_word' id='word_1_221' title='bbox 809 1873 942 1901; x_wconf 84' lang='lat' dir='ltr'>causa</span> <span class='ocrx_word' id='word_1_222' title='bbox 981 1872 1102 1901; x_wconf 90' lang='lat' dir='ltr'>more</span> <span class='ocrx_word' id='word_1_223' title='bbox 1142 1858 1425 1911; x_wconf 89' lang='lat' dir='ltr'>institutoque</span> <span class='ocrx_word' id='word_1_224' title='bbox 1459 1859 1727 1909; x_wconf 86' lang='lat' dir='ltr'>defendetur,</span> <span class='ocrx_word' id='word_1_225' title='bbox 1775 1858 1835 1899; x_wconf 89' lang='lat' dir='ltr'>illi</span> 
     </span>
     <span class='ocr_line' id='line_1_26' title="bbox 232 1929 1834 1985; baseline -0.002 -11"><span class='ocrx_word' id='word_1_226' title='bbox 232 1933 458 1974; x_wconf 86' lang='lat' dir='ltr'>inferiores</span> <span class='ocrx_word' id='word_1_227' title='bbox 490 1932 534 1972; x_wconf 91' lang='lat' dir='ltr'>in</span> <span class='ocrx_word' id='word_1_228' title='bbox 566 1931 734 1985; x_wconf 80' lang='lat' dir='ltr'>agendo</span> <span class='ocrx_word' id='word_1_229' title='bbox 773 1944 861 1972; x_wconf 92' lang='lat' dir='ltr'>non</span> <span class='ocrx_word' id='word_1_230' title='bbox 894 1934 1039 1979; x_wconf 80' lang='lat' dir='ltr'>erunt3</span> <span class='ocrx_word' id='word_1_231' title='bbox 1089 1930 1155 1971; x_wconf 90' lang='lat' dir='ltr'>sin</span> <span class='ocrx_word' id='word_1_232' title='bbox 1187 1931 1292 1970; x_wconf 85' lang='lat' dir='ltr'>cet.“</span> <span class='ocrx_word' id='word_1_233' title='bbox 1360 1930 1568 1982; x_wconf 81' lang='lat' dir='ltr'>Apparet,</span> <span class='ocrx_word' id='word_1_234' title='bbox 1619 1929 1693 1970; x_wconf 87' lang='lat' dir='ltr'>ubi</span> <span class='ocrx_word' id='word_1_235' title='bbox 1732 1942 1834 1971; x_wconf 89' lang='lat' dir='ltr'>con—</span> 
     </span>
     <span class='ocr_line' id='line_1_27' title="bbox 234 2000 1833 2057; baseline -0.004 -11"><span class='ocrx_word' id='word_1_236' title='bbox 234 2005 367 2046; x_wconf 83' lang='lat' dir='ltr'>clusio</span> <span class='ocrx_word' id='word_1_237' title='bbox 407 2003 650 2057; x_wconf 81' lang='lat' dir='ltr'>argumenti</span> <span class='ocrx_word' id='word_1_238' title='bbox 689 2002 763 2052; x_wconf 87' lang='lat' dir='ltr'>sit,</span> <span class='ocrx_word' id='word_1_239' title='bbox 812 2001 887 2042; x_wconf 90' lang='lat' dir='ltr'>ubi</span> <span class='ocrx_word' id='word_1_240' title='bbox 934 2014 1021 2041; x_wconf 91' lang='lat' dir='ltr'>non</span> <span class='ocrx_word' id='word_1_241' title='bbox 1069 2000 1297 2051; x_wconf 87' lang='lat' dir='ltr'>conclusio,</span> <span class='ocrx_word' id='word_1_242' title='bbox 1346 2001 1424 2041; x_wconf 88' lang='lat' dir='ltr'>sed</span> <span class='ocrx_word' id='word_1_243' title='bbox 1463 2001 1647 2041; x_wconf 84' lang='lat' dir='ltr'>duarum</span> <span class='ocrx_word' id='word_1_244' title='bbox 1688 2013 1833 2041; x_wconf 89' lang='lat' dir='ltr'>rerum</span> 
     </span>
     <span class='ocr_line' id='line_1_28' title="bbox 234 2071 1834 2128; baseline -0.004 -11"><span class='ocrx_word' id='word_1_245' title='bbox 234 2075 515 2128; x_wconf 85' lang='lat' dir='ltr'>comparatio,</span> <span class='ocrx_word' id='word_1_246' title='bbox 550 2088 602 2115; x_wconf 84' lang='lat' dir='ltr'>ex</span> <span class='ocrx_word' id='word_1_247' title='bbox 634 2087 720 2126; x_wconf 89' lang='lat' dir='ltr'>qua</span> <span class='ocrx_word' id='word_1_248' title='bbox 753 2073 1057 2125; x_wconf 82' lang='lat' dir='ltr'>argumentum</span> <span class='ocrx_word' id='word_1_249' title='bbox 1090 2071 1287 2112; x_wconf 80' lang='lat' dir='ltr'>ducatur.</span> <span class='ocrx_word' id='word_1_250' title='bbox 1335 2071 1472 2112; x_wconf 89' lang='lat' dir='ltr'>Pone:</span> <span class='ocrx_word' id='word_1_251' title='bbox 1513 2072 1698 2124; x_wconf 87' lang='lat' dir='ltr'>„Itaque,</span> <span class='ocrx_word' id='word_1_252' title='bbox 1733 2071 1834 2123; x_wconf 88' lang='lat' dir='ltr'>quia</span> 
     </span>
     <span class='ocr_line' id='line_1_29' title="bbox 235 2141 1869 2196; baseline -0.003 -10"><span class='ocrx_word' id='word_1_253' title='bbox 235 2148 384 2188; x_wconf 80' lang='lat' dir='ltr'>contra</span> <span class='ocrx_word' id='word_1_254' title='bbox 415 2146 480 2186; x_wconf 91' lang='lat' dir='ltr'>ius</span> <span class='ocrx_word' id='word_1_255' title='bbox 513 2157 767 2196; x_wconf 87' lang='lat' dir='ltr'>moremque</span> <span class='ocrx_word' id='word_1_256' title='bbox 801 2144 918 2184; x_wconf 85' lang='lat' dir='ltr'>facta</span> <span class='ocrx_word' id='word_1_257' title='bbox 951 2142 1013 2182; x_wconf 87' lang='lat' dir='ltr'>vis</span> <span class='ocrx_word' id='word_1_258' title='bbox 1050 2144 1126 2191; x_wconf 87' lang='lat' dir='ltr'>est,</span> <span class='ocrx_word' id='word_1_259' title='bbox 1161 2142 1212 2182; x_wconf 91' lang='lat' dir='ltr'>A.</span> <span class='ocrx_word' id='word_1_260' title='bbox 1247 2141 1417 2182; x_wconf 76' lang='lat' dir='ltr'>Caecina</span> <span class='ocrx_word' id='word_1_261' title='bbox 1449 2142 1686 2194; x_wconf 79' lang='lat' dir='ltr'>profugit“:</span> <span class='ocrx_word' id='word_1_262' title='bbox 1734 2155 1833 2194; x_wconf 87' lang='lat' dir='ltr'>per·</span> <span class='ocrx_word' id='word_1_263' title='bbox 1866 2156 1869 2157; x_wconf 47' lang='lat'><em>⁷</em></span> 
     </span>
     <span class='ocr_line' id='line_1_30' title="bbox 235 2212 1835 2265; baseline -0.003 -8"><span class='ocrx_word' id='word_1_264' title='bbox 235 2230 358 2257; x_wconf 78' lang='lat' dir='ltr'>versa</span> <span class='ocrx_word' id='word_1_265' title='bbox 391 2217 537 2257; x_wconf 81' lang='lat' dir='ltr'>onmia</span> <span class='ocrx_word' id='word_1_266' title='bbox 570 2217 708 2257; x_wconf 87' lang='lat' dir='ltr'>erunt.</span> <span class='ocrx_word' id='word_1_267' title='bbox 772 2214 878 2255; x_wconf 83' lang='lat' dir='ltr'>Haec</span> <span class='ocrx_word' id='word_1_268' title='bbox 911 2213 1087 2265; x_wconf 87' lang='lat' dir='ltr'>obliqua</span> <span class='ocrx_word' id='word_1_269' title='bbox 1122 2213 1316 2254; x_wconf 85' lang='lat' dir='ltr'>oratione</span> <span class='ocrx_word' id='word_1_270' title='bbox 1348 2213 1409 2252; x_wconf 85' lang='lat' dir='ltr'>sic</span> <span class='ocrx_word' id='word_1_271' title='bbox 1441 2213 1693 2253; x_wconf 84' lang='lat' dir='ltr'>efferentur:</span> <span class='ocrx_word' id='word_1_272' title='bbox 1736 2212 1835 2253; x_wconf 67' lang='lat' dir='ltr'>Nisi</span> 
     </span>
     <span class='ocr_line' id='line_1_31' title="bbox 230 2283 1831 2339; baseline -0.003 -11"><span class='ocrx_word' id='word_1_273' title='bbox 230 2287 341 2339; x_wconf 76' lang='lat' dir='ltr'>forte</span> <span class='ocrx_word' id='word_1_274' title='bbox 373 2287 445 2327; x_wconf 80' lang='lat' dir='ltr'>hoc</span> <span class='ocrx_word' id='word_1_275' title='bbox 479 2287 656 2327; x_wconf 74' lang='lat' dir='ltr'>rationis</span> <span class='ocrx_word' id='word_1_276' title='bbox 694 2285 854 2337; x_wconf 66' lang='lat' dir='ltr'>habuit,</span> <span class='ocrx_word' id='word_1_277' title='bbox 903 2285 1113 2338; x_wconf 62' lang='lat' dir='ltr'>quoniam,</span> <span class='ocrx_word' id='word_1_278' title='bbox 1161 2284 1198 2324; x_wconf 70' lang='lat' dir='ltr'>si</span> <span class='ocrx_word' id='word_1_279' title='bbox 1238 2283 1357 2336; x_wconf 74' lang='lat' dir='ltr'>facta</span> <span class='ocrx_word' id='word_1_280' title='bbox 1396 2284 1458 2324; x_wconf 76' lang='lat' dir='ltr'>vis</span> <span class='ocrx_word' id='word_1_281' title='bbox 1497 2288 1597 2324; x_wconf 74' lang='lat' dir='ltr'>esset</span> <span class='ocrx_word' id='word_1_282' title='bbox 1634 2283 1831 2336; x_wconf 76' lang='lat' dir='ltr'>moribus,</span> 
     </span>
     <span class='ocr_line' id='line_1_32' title="bbox 233 2352 1833 2411; baseline -0.001 -14"><span class='ocrx_word' id='word_1_283' title='bbox 233 2358 424 2411; x_wconf 74' lang='lat' dir='ltr'>superior</span> <span class='ocrx_word' id='word_1_284' title='bbox 455 2358 500 2398; x_wconf 73' lang='lat' dir='ltr'>in</span> <span class='ocrx_word' id='word_1_285' title='bbox 529 2357 782 2410; x_wconf 66' lang='lat' dir='ltr'>possessione</span> <span class='ocrx_word' id='word_1_286' title='bbox 813 2355 1035 2395; x_wconf 69' lang='lat' dir='ltr'>retinenda</span> <span class='ocrx_word' id='word_1_287' title='bbox 1056 2368 1139 2395; x_wconf 58' lang='lat' dir='ltr'>‘non</span> <span class='ocrx_word' id='word_1_288' title='bbox 1158 2354 1321 2407; x_wconf 64' lang='lat' dir='ltr'>fecisset,</span> <span class='ocrx_word' id='word_1_289' title='bbox 1355 2355 1455 2409; x_wconf 75' lang='lat' dir='ltr'>quia</span> <span class='ocrx_word' id='word_1_290' title='bbox 1483 2352 1664 2408; x_wconf 83' lang='lat' dir='ltr'>(autem)</span> <span class='ocrx_word' id='word_1_291' title='bbox 1687 2359 1833 2395; x_wconf 73' lang='lat' dir='ltr'>eontra</span> 
     </span>
     <span class='ocr_line' id='line_1_33' title="bbox 235 2425 1831 2482; baseline -0.001 -14"><span class='ocrx_word' id='word_1_292' title='bbox 235 2429 299 2469; x_wconf 76' lang='lat' dir='ltr'>lus</span> <span class='ocrx_word' id='word_1_293' title='bbox 330 2442 562 2482; x_wconf 71' lang='lat' dir='ltr'>moremque</span> <span class='ocrx_word' id='word_1_294' title='bbox 592 2428 711 2480; x_wconf 76' lang='lat' dir='ltr'>facta</span> <span class='ocrx_word' id='word_1_295' title='bbox 743 2427 809 2479; x_wconf 73' lang='lat' dir='ltr'>sit,</span> <span class='ocrx_word' id='word_1_296' title='bbox 850 2426 904 2467; x_wconf 79' lang='lat' dir='ltr'>A.</span> <span class='ocrx_word' id='word_1_297' title='bbox 941 2425 1143 2466; x_wconf 62' lang='lat' dir='ltr'>Gemina</span> <span class='ocrx_word' id='word_1_298' title='bbox 1176 2439 1268 2466; x_wconf 79' lang='lat' dir='ltr'>cum</span> <span class='ocrx_word' id='word_1_299' title='bbox 1309 2426 1455 2466; x_wconf 63' lang='lat' dir='ltr'>aulicis</span> <span class='ocrx_word' id='word_1_300' title='bbox 1493 2429 1602 2466; x_wconf 77' lang='lat' dir='ltr'>metu</span> <span class='ocrx_word' id='word_1_301' title='bbox 1626 2429 1831 2479; x_wconf 74' lang='lat' dir='ltr'>perter-</span> 
     </span>
     <span class='ocr_line' id='line_1_34' title="bbox 235 2496 1831 2552; baseline -0.001 -13"><span class='ocrx_word' id='word_1_302' title='bbox 235 2500 367 2539; x_wconf 72' lang='lat' dir='ltr'>ritus</span> <span class='ocrx_word' id='word_1_303' title='bbox 391 2498 718 2552; x_wconf 70' lang='lat' dir='ltr'>profuyerit,</span> <span class='ocrx_word' id='word_1_304' title='bbox 751 2510 861 2536; x_wconf 74' lang='lat' dir='ltr'>mmo</span> <span class='ocrx_word' id='word_1_305' title='bbox 893 2510 1048 2551; x_wconf 67' lang='lat' dir='ltr'>quoque</span> <span class='ocrx_word' id='word_1_306' title='bbox 1071 2497 1117 2536; x_wconf 74' lang='grc' dir='ltr'><strong>ιή</strong></span> <span class='ocrx_word' id='word_1_307' title='bbox 1140 2496 1309 2548; x_wconf 63' lang='lat' dir='ltr'>iudicio,</span> <span class='ocrx_word' id='word_1_308' title='bbox 1342 2497 1379 2536; x_wconf 75' lang='lat' dir='ltr'>si</span> <span class='ocrx_word' id='word_1_309' title='bbox 1404 2519 1472 2549; x_wconf 66' lang='lat'>—7</span> <span class='ocrx_word' id='word_1_310' title='bbox 1505 2510 1578 2537; x_wconf 71' lang='lat' dir='ltr'>nos</span> <span class='ocrx_word' id='word_1_311' title='bbox 1601 2497 1647 2537; x_wconf 75' lang='lat' dir='ltr'>in</span> <span class='ocrx_word' id='word_1_312' title='bbox 1671 2496 1831 2551; x_wconf 69' lang='lat' dir='ltr'>ayendo</span> 
     </span>
     <span class='ocr_line' id='line_1_35' title="bbox 235 2567 1828 2622; baseline 0 -13"><span class='ocrx_word' id='word_1_313' title='bbox 235 2584 315 2609; x_wconf 66' lang='lat' dir='ltr'>non</span> <span class='ocrx_word' id='word_1_314' title='bbox 346 2569 570 2622; x_wconf 71' lang='lat' dir='ltr'>inferiores</span> <span class='ocrx_word' id='word_1_315' title='bbox 599 2568 781 2621; x_wconf 69' lang='lat' dir='ltr'>futuros,</span> <span class='ocrx_word' id='word_1_316' title='bbox 815 2569 881 2608; x_wconf 73' lang='lat' dir='ltr'>sin</span> <span class='ocrx_word' id='word_1_317' title='bbox 905 2590 974 2620; x_wconf 74' lang='lat'>-—‚</span> <span class='ocrx_word' id='word_1_318' title='bbox 1007 2581 1048 2607; x_wconf 76' lang='grc'>36</span> <span class='ocrx_word' id='word_1_319' title='bbox 1073 2589 1127 2595; x_wconf 84' lang='lat'><strong>—</strong></span> <span class='ocrx_word' id='word_1_320' title='bbox 1151 2567 1408 2620; x_wconf 72' lang='lat' dir='ltr'>superiorem</span> <span class='ocrx_word' id='word_1_321' title='bbox 1432 2580 1514 2608; x_wconf 79' lang='lat' dir='ltr'>esse</span> <span class='ocrx_word' id='word_1_322' title='bbox 1537 2568 1828 2609; x_wconf 70' lang='lat' dir='ltr'>discessurum.</span> 
     </span>
     <span class='ocr_line' id='line_1_36' title="bbox 233 2638 1829 2692; baseline -0.001 -11"><span class='ocrx_word' id='word_1_323' title='bbox 233 2641 302 2681; x_wconf 84' lang='lat' dir='ltr'>Ab</span> <span class='ocrx_word' id='word_1_324' title='bbox 342 2640 424 2680; x_wconf 87' lang='lat' dir='ltr'>hac</span> <span class='ocrx_word' id='word_1_325' title='bbox 461 2642 552 2680; x_wconf 84' lang='lat' dir='ltr'>tam</span> <span class='ocrx_word' id='word_1_326' title='bbox 592 2639 833 2691; x_wconf 84' lang='lat' dir='ltr'>perspicua,</span> <span class='ocrx_word' id='word_1_327' title='bbox 882 2641 971 2680; x_wconf 86' lang='lat' dir='ltr'>tam</span> <span class='ocrx_word' id='word_1_328' title='bbox 1022 2638 1267 2680; x_wconf 81' lang='lat' dir='ltr'>necessaria</span> <span class='ocrx_word' id='word_1_329' title='bbox 1314 2638 1648 2692; x_wconf 85' lang='lat' dir='ltr'>enthymematis</span> <span class='ocrx_word' id='word_1_330' title='bbox 1688 2638 1829 2680; x_wconf 85' lang='lat' dir='ltr'>forma</span> 
     </span>
     <span class='ocr_line' id='line_1_37' title="bbox 235 2709 1828 2761; baseline -0.001 -10"><span class='ocrx_word' id='word_1_331' title='bbox 235 2712 485 2752; x_wconf 85' lang='lat' dir='ltr'>Ciceronem</span> <span class='ocrx_word' id='word_1_332' title='bbox 518 2710 561 2750; x_wconf 94' lang='lat' dir='ltr'>in</span> <span class='ocrx_word' id='word_1_333' title='bbox 594 2709 950 2751; x_wconf 80' lang='lat' dir='ltr'>elaboratissimae</span> <span class='ocrx_word' id='word_1_334' title='bbox 990 2709 1195 2750; x_wconf 85' lang='lat' dir='ltr'>orationis</span> <span class='ocrx_word' id='word_1_335' title='bbox 1238 2709 1412 2750; x_wconf 78' lang='lat' dir='ltr'>exordio</span> <span class='ocrx_word' id='word_1_336' title='bbox 1454 2710 1658 2750; x_wconf 86' lang='lat' dir='ltr'>aberrare</span> <span class='ocrx_word' id='word_1_337' title='bbox 1700 2711 1828 2761; x_wconf 90' lang='lat' dir='ltr'>potu-</span> 
     </span>
     <span class='ocr_line' id='line_1_38' title="bbox 233 2779 1829 2834; baseline -0.002 -11"><span class='ocrx_word' id='word_1_338' title='bbox 233 2782 331 2832; x_wconf 90' lang='lat' dir='ltr'>isse,</span> <span class='ocrx_word' id='word_1_339' title='bbox 380 2780 642 2834; x_wconf 83' lang='lat' dir='ltr'>persuadere</span> <span class='ocrx_word' id='word_1_340' title='bbox 686 2780 791 2820; x_wconf 90' lang='lat' dir='ltr'>mihi</span> <span class='ocrx_word' id='word_1_341' title='bbox 832 2794 919 2821; x_wconf 91' lang='lat' dir='ltr'>non</span> <span class='ocrx_word' id='word_1_342' title='bbox 961 2793 1152 2833; x_wconf 87' lang='lat' dir='ltr'>possum,</span> <span class='ocrx_word' id='word_1_343' title='bbox 1202 2782 1244 2820; x_wconf 91' lang='lat' dir='ltr'>et</span> <span class='ocrx_word' id='word_1_344' title='bbox 1287 2793 1537 2832; x_wconf 86' lang='lat' dir='ltr'>quanquam</span> <span class='ocrx_word' id='word_1_345' title='bbox 1575 2779 1829 2821; x_wconf 83' lang='lat' dir='ltr'>reformidat</span> 
     </span>
     <span class='ocr_line' id='line_1_39' title="bbox 234 2844 1826 2905; baseline -0.002 -12"><span class='ocrx_word' id='word_1_346' title='bbox 234 2866 358 2905; x_wconf 77' lang='lat' dir='ltr'>paene</span> <span class='ocrx_word' id='word_1_347' title='bbox 391 2852 560 2893; x_wconf 78' lang='lat' dir='ltr'>animus</span> <span class='ocrx_word' id='word_1_348' title='bbox 592 2851 653 2891; x_wconf 85' lang='lat' dir='ltr'>ita</span> <span class='ocrx_word' id='word_1_349' title='bbox 684 2844 1028 2892; x_wconf 84' lang='lat' dir='ltr'>testimoniorum</span> <span class='ocrx_word' id='word_1_350' title='bbox 1056 2851 1184 2891; x_wconf 86' lang='lat' dir='ltr'>fidem</span> <span class='ocrx_word' id='word_1_351' title='bbox 1213 2850 1463 2901; x_wconf 81' lang='lat' dir='ltr'>convellere,</span> <span class='ocrx_word' id='word_1_352' title='bbox 1497 2852 1657 2900; x_wconf 86' lang='lat' dir='ltr'>tamen,</span> <span class='ocrx_word' id='word_1_353' title='bbox 1692 2863 1826 2902; x_wconf 88' lang='lat' dir='ltr'>quum</span> 
     </span>
     <span class='ocr_line' id='line_1_40' title="bbox 235 2920 1824 2975; baseline -0.001 -13"><span class='ocrx_word' id='word_1_354' title='bbox 235 2923 471 2973; x_wconf 78' lang='lat' dir='ltr'>considero,</span> <span class='ocrx_word' id='word_1_355' title='bbox 506 2922 609 2975; x_wconf 87' lang='lat' dir='ltr'>quid</span> <span class='ocrx_word' id='word_1_356' title='bbox 641 2922 684 2962; x_wconf 90' lang='lat' dir='ltr'>in</span> <span class='ocrx_word' id='word_1_357' title='bbox 716 2921 835 2962; x_wconf 88' lang='lat' dir='ltr'>initio</span> <span class='ocrx_word' id='word_1_358' title='bbox 868 2921 1141 2962; x_wconf 86' lang='lat' dir='ltr'>divinationis</span> <span class='ocrx_word' id='word_1_359' title='bbox 1175 2921 1390 2972; x_wconf 87' lang='lat' dir='ltr'>acciderit,</span> <span class='ocrx_word' id='word_1_360' title='bbox 1431 2921 1570 2962; x_wconf 87' lang='lat' dir='ltr'>audeo</span> <span class='ocrx_word' id='word_1_361' title='bbox 1602 2920 1824 2973; x_wconf 85' lang='lat' dir='ltr'>suspicari,</span> 
     </span>
    </p>
   </div>
  </div>
 </body>
</html>
