1915 3235
839 135 917 175 161

83 261 207 303 malis
256 261 472 303 codicibus
521 262 645 314 (Erf.,
695 262 805 313 Col.,
853 262 1023 312 Dresd.,
1072 262 1097 302 6
1131 261 1259 312 Oxx.,
1309 262 1405 303 edd.
1439 261 1560 315 vett.)
1609 265 1674 304 est

84 337 248 386 repente
279 331 340 384 (in
372 332 515 374 Haun.
549 347 641 373 vere
672 331 867 387 repente).
930 332 1093 374 Deinde
1133 332 1334 373 scribitur
1370 333 1414 373 in
1454 333 1672 374 codicibus

84 405 125 444 et
157 402 414 443 editionibus
447 405 547 443 ante
580 403 806 444 Orellium:
859 403 975 454 Quod
1015 416 1089 443 nos
1128 402 1241 443 domi
1270 403 1453 456 petimus
1477 403 1674 456 precibus

84 478 119 514 et
157 473 357 525 lacrimis,
405 474 529 514 strati
569 473 626 514 ad
658 474 806 527 pedes,
845 497 900 501 —
939 473 985 514 id
1023 487 1074 514 ne
1113 474 1391 527 impetremus,
1433 473 1676 527 puynabis?

83 543 170 584 Sed
209 556 341 596 quum
380 544 467 584 iam
506 557 593 585 non
632 544 761 594 domi,
810 544 887 585 sed
928 545 972 585 in
1014 543 1106 585 foro
1150 543 1296 585 Cicero
1342 546 1384 585 et
1428 545 1554 585 amici
1595 558 1673 598 pro

83 614 250 666 Ligario
297 614 602 666 deprecentur,
651 614 844 666 plerique
890 614 1073 655 Fabricii
1122 615 1432 664 coniecturam,
1474 616 1675 669 petiimus

83 684 321 734 scribentis,
355 685 608 737 probarunt,
643 684 825 726 Orellius
856 685 899 725 in
932 687 1132 726 contexta
1165 685 1358 726 oratione
1391 685 1546 738 posuit,
1588 699 1675 727 non

82 758 210 796 recte.
273 755 400 796 Nulla
447 759 512 795 est
554 755 668 796 enim
710 755 777 796 hic
819 756 1026 808 temporis
1071 756 1300 806 distinctio,
1349 756 1426 797 sed
1474 755 1672 796 universe

83 839 182 867 suas
228 839 377 878 preces
426 817 469 866 et
517 826 758 867 Tuberonis
806 827 1047 867 accusantis
1102 827 1473 879 importunitatem
1529 829 1675 868 orator

83 899 318 949 comparat,
353 899 395 937 et
428 897 480 937 de
515 910 561 938 se
594 899 636 937 et
667 896 816 938 amicis
848 899 1057 949 tanquam
1089 910 1203 938 nunc
1228 898 1370 950 ipsum
1395 897 1673 949 precantibus

83 967 270 1019 loquitur
303 969 460 1019 aperte
492 968 658 1008 statim:
700 973 736 1008 et
766 981 840 1009 nos
870 969 1048 1008 iacentes
1080 967 1137 1008 ad
1160 967 1290 1021 pedes
1321 968 1553 1021 supplicum
1585 981 1676 1008 voce

76 1037 327 1091 prohibebis,
389 1038 572 1079 Prorsus
604 1038 732 1091 igitur
763 1038 1003 1091 perfectum
1034 1041 1207 1091 tempus
1238 1038 1425 1079 alienum
1460 1041 1537 1079 est.
1591 1038 1677 1079 Sed

83 1108 222 1149 aliena
255 1110 319 1148 est
352 1109 481 1149 etiam
514 1108 594 1149 loci
625 1110 787 1150 mentio
813 1110 856 1150 in
879 1111 962 1150 hac
985 1109 1174 1162 generali
1199 1110 1426 1158 sententia,
1461 1109 1517 1150 ad
1545 1122 1676 1161 quam

82 1178 186 1219 nihil
217 1179 415 1231 pertinet,
450 1192 534 1231 quo
560 1179 652 1220 loco
676 1182 924 1232 precentur;
957 1193 1036 1220 nec
1060 1180 1146 1220 ulla
1172 1181 1235 1220 est
1261 1180 1475 1220 contraria
1499 1179 1674 1220 alterius

82 1249 162 1290 loci
194 1249 440 1301 appellatio.
504 1249 636 1302 quue
669 1251 924 1302 perspicitur
955 1251 1092 1303 magis
1133 1263 1184 1290 ex
1216 1249 1411 1291 subiecta
1444 1250 1672 1299 sententia,

86 1332 171 1372 qua
203 1319 501 1372 indignitatem
534 1320 608 1370 rei,
640 1321 710 1361 hic
742 1321 940 1362 universe
964 1321 1260 1374 significatam,
1294 1323 1423 1373 auget
1451 1324 1675 1373 assumpto

82 1389 152 1430 illo
185 1389 238 1430 de
270 1390 374 1440 loco.¹
421 1391 609 1443 primum
642 1391 716 1432 ubi
746 1394 995 1445 precentur:
1031 1391 1091 1444 Sz‘,
1123 1405 1245 1446 quum
1280 1391 1354 1431 hoc
1385 1390 1497 1431 domi
1516 1390 1676 1444 facere-

84 1474 175 1501 mus
207 1463 308 1510 cet.;
342 1462 510 1511 deinde,
544 1462 619 1502 ubi
651 1462 720 1502 ille
753 1462 1025 1503 adversetur:
1069 1462 1232 1514 Quanto
1263 1462 1337 1502 hoc
1369 1461 1534 1514 durius,
1569 1461 1677 1516 quod

84 1544 157 1571 nos
188 1531 300 1572 domi
323 1535 519 1586 petimus,
552 1533 599 1573 id
631 1547 657 1573 α
689 1538 725 1573 te
757 1534 802 1573 in
831 1533 926 1585 foro
958 1533 1196 1587 oppugynari
1253 1534 1333 1573 cet.
1366 1532 1517 1584 Itaque
1550 1545 1675 1584 aper-

83 1603 175 1642 tum
209 1605 285 1652 est,
328 1605 470 1656 priore
503 1604 596 1645 loco
628 1604 731 1644 illud
763 1604 876 1644 domi
908 1617 960 1644 ex
991 1604 1071 1644 1100
1105 1603 1305 1644 inferiore
1338 1602 1535 1643 additum
1568 1616 1674 1650 esse,

83 1673 126 1713 in
158 1686 289 1725 quarn
321 1675 609 1715 coniecturam
643 1675 757 1715 idem
790 1674 858 1714 ille
892 1674 1113 1715 Fabricius
1146 1674 1368 1723 inciderat,
1412 1686 1496 1725 quo
1530 1673 1676 1714 addito

82 1745 174 1784 tota
205 1744 408 1785 orationis
441 1746 682 1798 progressio
714 1745 975 1797 pervertitur
1016 1747 1058 1785 et
1097 1744 1237 1797 prima
1276 1743 1490 1785 sententia
1529 1743 1676 1796 inepta

83 1813 142 1854 fit.
207 1814 317 1855 Tun]
366 1816 447 1857 hoc
495 1816 630 1857 altero
676 1816 769 1857 loco
816 1828 1007 1868 praesens
1046 1818 1219 1868 tempus
1261 1814 1355 1867 (pro
1396 1827 1480 1866 quo
1519 1814 1675 1855 iterum

76 1884 275 1937 petimus
301 1885 585 1939 substituunt)
610 1887 714 1927 nihil
738 1886 872 1926 habet
895 1886 1164 1934 offensionis;
1197 1886 1397 1926 universe
1423 1885 1536 1925 enim
1562 1885 1674 1934 dicit,

85 1954 136 1995 de
169 1956 230 1996 rei
269 1969 438 2008 genere,
487 1970 573 1998 non
615 1957 667 1997 de
707 1959 900 2009 tempore
939 1969 1136 2009 quaerens
1184 1956 1244 2009 (et
1284 1956 1442 2008 saepius
1482 1956 1676 2008 repetitae

85 2028 207 2066 erant
238 2027 320 2067 illae
353 2026 541 2080 preces):
576 2027 663 2068 Nos
694 2027 969 2081 deprecamur
1000 2027 1139 2079 domi,-
1171 2032 1214 2067 tn
1245 2028 1289 2067 in
1320 2026 1463 2079 forum
1491 2028 1609 2080 rapis
1641 2032 1677 2068 et

84 2096 142 2136 ibi
173 2110 400 2151 oppuynas.

201 2167 249 2208 In
276 2181 310 2209 c.
337 2169 376 2218 6,
413 2169 463 2209 17
500 2169 631 2209 miror
663 2169 705 2209 in
739 2168 825 2209 Erf.
859 2169 1004 2209 codice
1036 2168 1199 2208 haerere
1232 2168 1419 2220 vulgatae
1452 2168 1675 2220 scripturae

84 2238 309 2279 mendum:
359 2239 421 2280 Ac
453 2239 558 2280 mihi·
590 2239 768 2294 quidem,
808 2240 845 2280 si
869 2240 1090 2292 proprium
1127 2244 1161 2279 et
1197 2252 1335 2278 rernm
1370 2253 1511 2279 nomen
1545 2241 1677 2280 nostri

84 2309 187 2349 mali
219 2315 448 2364 quceratur‚
488 2310 641 2363 fatalis
679 2309 868 2364 quoedam
904 2310 1124 2349 calamitas
1156 2309 1351 2350 incidisse.
1383 2310 1548 2350 videtur
1580 2313 1674 2360 cet.,

86 2379 159 2420 ubi
192 2393 244 2420 ex
276 2380 378 2430 Col„
419 2381 579 2430 Haun,
621 2381 647 2420 2
680 2380 787 2421 Oxx.
822 2380 935 2420 edidi
968 2381 1184 2434 miseritur.
1253 2380 1380 2421 Nulla
1421 2381 1535 2421 enin]
1575 2394 1676 2422 con-

85 2450 259 2491 iunctivi
291 2452 400 2492 ratio
433 2452 577 2492 afferri
617 2454 772 2504 potest,
820 2464 907 2491 non
946 2450 1082 2502 magis
1121 2450 1189 2490 hic
1229 2464 1359 2502 quain
1392 2452 1435 2492 in
1467 2452 1676 2493 similibus

85 2520 286 2573 loquendi
333 2522 581 2574 generibus,
636 2523 672 2562 si
718 2536 856 2562 verum
913 2522 1158 2576 (lucet-imus,
1214 2522 1251 2561 si
1296 2535 1435 2562 verum
1486 2523 1675 2575 dicimus,

88 2591 194 2632 aliis.

205 2662 249 2703 C.
277 2663 315 2712 7,
349 2663 404 2703 23
436 2663 651 2704 tollendus
677 2663 756 2704 fuit
780 2662 1036 2712 necessario,
1071 2664 1269 2704 Lambini
1303 2664 1512 2716 exemplo,
1548 2664 1675 2705 soloe-

90 2732 245 2773 cismus
277 2733 464 2786 vulgatae
497 2734 740 2787 scripturae:
793 2733 915 2786 Quid,
955 2734 991 2773 se?
1031 2735 1169 2774 essetis
1207 2734 1386 2787 (recepti
1428 2734 1470 2774 in
1502 2736 1675 2787 provin-

90 2801 244 2855 ciam)?
295 2803 509 2844 Caesarine
557 2818 647 2845 eam
694 2804 899 2844 tradituri
943 2804 1161 2856 fuissetis?
1208 2805 1523 2847 Condicionalis
1564 2805 1676 2845 enim

90 2873 340 2925 significatio
387 2875 499 2915 inest
545 2876 589 2915 in
635 2875 725 2916 solo
773 2874 996 2925 tradituri,
1054 2877 1345 2928 quaeriturque
1398 2876 1478 2916 hoc
1526 2875 1674 2916 inodo:

90 2943 283 2985 fuistisne
317 2958 366 2986 eo
399 2945 556 2996 animo,
592 2948 639 2986 ut
672 2959 767 2986 eam
792 2945 1032 2995 traderetis,
1067 2946 1101 2986 si
1125 2946 1284 2998 recepti
1311 2946 1487 2986 essetis?
1531 2945 1675 2986 Status

1350 3015 1392 3048 11

1697 2182 1746 2206 199
