1915 3235
920 95 1004 137 702

162 229 297 270 riatur
328 241 354 270 a
394 227 582 277 domino,
632 226 826 268 dolorem
867 226 903 267 ei
945 225 1114 266 afferre.
1178 223 1291 275 Quid
1329 223 1588 277 requiratur,
1631 223 1762 280 *facile

163 314 214 342 ex
245 300 296 341 iis
328 299 527 340 versibus
560 298 823 351 intelligitur,
858 296 1014 350 quibus
1047 294 1178 348 paulo
1210 295 1309 347 post
1335 295 1552 336 contraria
1575 307 1763 348 persona

164 373 206 411 et
238 370 412 412 fortuna
445 369 718 419 describitur,
751 367 954 409 nobilitas
989 379 1086 407 cuni
1119 366 1378 418 paupertate
1411 366 1661 408 coniuncta:

441 471 551 511 Ὅστις
576 473 615 506 δὲ
641 475 781 517 γαῦρον
806 474 945 516 σπέρμα
971 467 1143 515 γενναῖόν
1167 466 1195 502 τ’
1221 469 1314 514 ἔχων

446 536 525 575 βίου
551 533 721 573 σπανίζει,
748 533 796 576 τῷ
822 533 919 575 γε’νει
943 530 1013 575 μὲν
1038 526 1186 574 εὐτυχεῖ,

447 595 550 635 πενίᾳ
576 589 613 623 δ’
637 588 794 624 ἐλάσσων
820 589 923 631 ἐστὶν,
949 588 988 622 ἐν
1015 585 1051 622 δ’
1077 586 1281 632 τῖλγιῖνεται.

164 690 313 743 Itaque
356 688 551 742 superior
592 687 663 728 ille
704 687 873 740 generis
916 685 1160 726 humilitate
1200 684 1329 735 dolet,
1373 684 1531 726 divitiis
1569 684 1764 726 animum

167 760 412 802 consolatur
444 760 721 811 efferturque,
754 759 836 799 hoc
869 759 952 798 est:

448 860 554 907 (ἷλγεῖ
575 862 653 907 μὲν,
679 859 792 906 ἀλγεῖ,
820 858 1012 904 παγκάλως
1037 857 1074 892 δ’
1097 857 1340 905 ἁβρύνεται

450 921 557 965 ὄλβου
582 920 735 965 διοίγων
760 918 932 965 θάλαμον
958 916 1107 960 ἥδιστον
1127 923 1218 965 χερί.

282 1016 323 1072 f)
371 1017 575 1059 Eiusdem
610 1030 662 1058 ex
695 1016 848 1058 eadem
883 1015 1033 1057 fabula
1066 1014 1136 1068 (21
1172 1013 1358 1069 Matth.),
1400 1015 1518 1069 apud
1554 1014 1766 1057 Iustinum

167 1090 380 1143 Martyra:

455 1196 571 1233 Φησίν
595 1204 646 1230 τις
670 1191 763 1225 εἶναι
789 1189 863 1233 δῆτὗ
888 1191 928 1226 ἐν
953 1189 1097 1237 οὐρανῷ
1124 1189 1253 1231 θεούς,-

456 1249 527 1284 Οιῖκ
553 1252 650 1293 εἰσίν,
676 1249 741 1284 οὐκ
767 1248 845 1284 εἴσ’.
874 1252 912 1284 εἴ
930 1262 979 1287 τις
1004 1247 1212 1294 ἀνθρώπων
1237 1250 1343 1294 λέγει,

452 1309 501 1357 μή
528 1313 575 1356 τῷ
600 1311 742 1353 παλαιῷ
765 1308 885 1356 μωρὸς
912 1307 963 1343 ὧν
982 1307 1136 1355 χρήσθω
1165 1306 1270 1354 λόγῳ.

454 1372 649 1413 Σκέψασθε
674 1367 711 1402 ὁΩ
735 1367 834 1412 sedni,
859 1367 908 1415 μή
936 1367 998 1402 ’πὶ
1024 1370 1097 1406 τοῖς
1125 1367 1223 1414 ἒμοῒς
1247 1365 1368 1412 λόγοις

452 1427 604 1474 γνώμην
629 1429 779 1475 ἔχοντες,
808 1440 837 1461 κ.
865 1441 891 1461 τ.
919 1428 949 1461 λ.

170 1525 277 1567 Haec
324 1525 359 1566 si
405 1528 522 1567 recte
568 1525 746 1575 habent,
793 1523 1042 1566 huiusmodi
1090 1524 1305 1565 sententia
1353 1535 1447 1564 esse
1496 1521 1645 1563 debet:
1701 1519 1771 1571 „Si

172 1597 266 1650 quis
297 1599 447 1638 tamen
479 1596 670 1638 affirmat
703 1596 806 1638 deos
843 1609 950 1647 esse,
990 1608 1077 1636 non
1119 1595 1298 1647 antiqua
1330 1593 1448 1635 fama
1482 1592 1636 1634 stolide
1668 1604 1771 1634 con-

171 1668 278 1710 fidat
317 1667 412 1722 (sed
452 1667 544 1708 aliis
584 1668 732 1708 utatur
763 1665 1088 1720 argumentis).“
1158 1665 1245 1706 Sed
1274 1677 1416 1717 neque
1449 1662 1662 1717 particula
1693 1662 1773 1704 ad-

172 1740 389 1781 versativa
437 1743 483 1787 (εῖ
507 1742 548 1775 δέ
570 1743 636 1785 τις)
676 1739 830 1780 abesse
885 1739 1029 1791 potest
1076 1749 1217 1789 neque
1266 1736 1498 1790 quicquam
1547 1732 1772 1784 eiusmodi,

174 1809 301 1863 quale
333 1809 583 1863 significavi,
624 1809 861 1860 subiicitur,
901 1809 978 1850 sed
1017 1807 1086 1849 hic
1117 1808 1376 1849 terminatur
1407 1805 1644 1855 sententia3
1691 1805 1774 1846 ita-

175 1893 258 1933 que
304 1880 399 1921 haec
447 1880 639 1922 condicio
688 1884 738 1928 (εἴ
768 1884 832 1928 τις)
880 1879 1125 1921 necessario
1180 1878 1427 1931 adiungitur
1480 1875 1774 1930 superioribus

176 1951 541 2004 scribendumque
574 1955 659 1992 est:

1005 2033 1043 2064 εἴ
1062 2041 1111 2067 τις
1136 2027 1345 2074 ἀνθρώπων
1371 2029 1493 2062 θέλει

460 2089 511 2136 μή
540 2093 588 2137 τῴ
613 2091 754 2136 παλαιῷ
778 2088 899 2136 μωρὸς
926 2088 977 2123 ὢν
998 2091 1201 2135 χρῆσθαι
1225 2085 1334 2133 λόγῳ.

178 2187 342 2229 Deinde
374 2190 521 2229 autem
553 2200 641 2228 non
662 2187 802 2240 ipsam
823 2199 916 2228 rem
949 2184 1076 2239 (αὐτά)
1108 2184 1305 2227 homines
1328 2183 1603 2226 considerare
1623 2182 1778 2224 iuben-

178 2261 261 2308 tur,
302 2258 379 2299 sed
410 2258 492 2311 ipsi
525 2258 813 2307 considerare,
855 2269 944 2298 non
976 2257 1081 2307 eius,
1122 2256 1196 2309 qui
1226 2255 1321 2296 haec
1353 2254 1555 2307 loquitur,
1595 2252 1779 2296 orationi

181 2329 370 2370 credere.
432 2329 528 2370 Hoc
561 2332 646 2370 est:
679 2335 873 2376 Σκέψασθε
900 2329 939 2365 δ’
965 2329 1106 2364 αὐτοί.

298 2432 342 2488 9)
374 2433 578 2476 Eiusdem
611 2447 633 2476 e
667 2434 944 2476 Cretensibus
978 2432 1022 2487 (2
1046 2430 1231 2485 Matth.),
1266 2431 1383 2485 apud
1414 2429 1701 2485 Porphyrium
1726 2429 1780 2471 de

183 2505 446 2546 abstinentia
478 2505 545 2555 IV,
582 2505 649 2546 19.
713 2505 879 2546 Chorus
926 2504 1113 2546 Minoem
1162 2502 1360 2544 versibus
1401 2501 1634 2555 anapaestis
1674 2499 1780 2543 allo-

185 2577 342 2629 quitur,
376 2588 559 2628 quorum
591 2575 760 2616 initium
793 2576 853 2617 sic
885 2575 1106 2616 scribitur:

473 2682 754 2724 Φοινικογενοῡς
779 2682 846 2712 παῖ
869 2683 929 2721 τῆς
958 2683 1090 2723 Τυρίας

471 2742 593 2772 τέκνον
618 2736 798 2782 Εὐρώπας
824 2739 885 2771 καὶ
911 2741 973 2771 τοῦ
997 2735 1157 2783 μεγάλου

506 2842 508 2845 .
541 2795 667 2837 Ζανὸς,
695 2794 863 2829 ἀνάσσων

545 2853 686 2900 Κρήτης
710 2855 1060 2900 ἕκατομπῑολιὲθρου.
