1915 3235
858 108 885 149 ἴ)

75 236 191 291 sor')
231 244 273 280 et
303 238 468 280 libellos
500 238 593 279 illos
627 237 680 278 de
711 240 814 279 nota
847 238 1119 291 aspirationis
1153 243 1195 280 et
1227 239 1280 280 de
1313 239 1588 292 diphthongis
1621 242 1664 281 et

74 310 168 351 haec
199 309 443 362 fragmenta
473 308 599 349 unius
641 321 736 349 esse
775 309 994 362 scriptoris
1032 310 1169 361 putat,
1219 308 1291 361 qui
1329 314 1429 362 post
1467 323 1506 351 a.
1550 310 1660 351 1327

74 379 246 429 vixerit;
279 380 522 433 fragmenta
538 381 685 421 autem
710 384 912 432 excerpta
936 392 1030 421 esse
1055 391 1108 420 ex
1132 379 1421 431 antiquiorum
1445 394 1663 433 gramma-

74 451 255 492 ticorum
295 450 413 492 libris
454 452 529 491 aut
568 450 873 502 interpretum,
921 450 1109 492 maxime
1147 449 1497 502 Virgilianorum,
1546 464 1662 493 com—
1683 462 1699 487 6

73 520 309 562 mentariis.
381 520 463 570 Qui
502 512 872 573 quemadmodum
911 521 993 562 sibi
1034 520 1310 573 persuaserit,
1358 521 1429 563 illo
1469 525 1663 574 tempore

73 592 255 645 scriptos
296 604 392 632 esse
431 576 559 644 posse
598 590 764 632 libellos
806 591 913 639 illos,
963 594 1039 632 aut
1085 591 1141 632 ab
1190 591 1342 633 eodem
1389 592 1562 633 homine
1610 592 1663 633 de

75 663 227 704 eodem
259 666 516 715 argumento
547 664 638 702 tam
672 661 842 703 diversa
881 662 1047 703 ratione
1086 666 1127 703 et
1167 662 1290 714 copia
1329 664 1371 703 et
1410 663 1662 712 eruditione,

73 736 149 775 aut
185 733 228 774 in
267 733 422 786 quibus
455 732 835 785 grammaticorum
868 736 910 773 et
941 732 1225 785 interpretum
1264 733 1432 786 scriptis
1475 746 1547 775 eas
1579 747 1662 782 res,

73 817 170 857 quae
201 804 244 845 in
277 804 342 845 his
376 803 627 856 fragmentis
652 807 765 851 sunt,
800 802 933 843 fuisse
958 803 1186 855 putaverit,
1220 803 1378 845 nescio.
1426 804 1479 844 Et
1504 808 1662 853 tamen,

73 875 189 927 quod
226 876 324 927 post
364 888 403 915 a.
447 875 556 915 1327
598 874 758 926 scripta
802 873 1046 926 fragmenta
1092 873 1164 914 illa
1204 873 1482 924 existimavit,
1531 875 1574 915 in
1614 888 1663 916 eo

73 950 188 986 recte
220 946 432 986 rationem
465 945 617 986 habuit
650 944 881 997 fragmenti
919 957 945 985 a
977 944 1107 985 Caelio
1144 944 1388 998 Rhodigino
1421 945 1561 998 positi.
1625 945 1663 986 Is

74 1015 188 1056 enim
228 1014 420 1068 (Antiqq.
460 1016 594 1056 Lectt.
627 1015 744 1064 XIX,
789 1014 859 1066 10)
902 1015 996 1055 haec
1035 1015 1226 1067 scripsit:
1279 1016 1528 1071 Quanquam
1573 1017 1663 1068 alii,

73 1086 180 1141 quod
213 1086 461 1127 Eustathius
491 1085 647 1134 scribit,
693 1100 717 1125 a
762 1085 906 1126 Combe
938 1086 1097 1139 puella,
1144 1086 1359 1127 Chalcidis
1391 1092 1663 1140 coquomeuw,

72 1156 204 1211 Asopi
232 1157 339 1210 filia,
381 1157 479 1198 duci
517 1156 757 1197 vocabulum
794 1161 964 1210 patant,
1005 1157 1072 1197 cui
1105 1170 1229 1197 (eneae
1262 1162 1494 1198 armaturae
1528 1158 1665 1198 inven-

71 1229 221 1269 tionem
262 1233 471 1282 acceptam
512 1227 714 1280 referunt.
786 1226 851 1267 De
897 1241 980 1281 qua
1028 1228 1273 1269 intelleoeisse
1317 1227 1511 1269 Ouidium
1554 1228 1665 1269 arbi-

71 1304 241 1340 trantur
274 1298 660 1352 Bletamorphoseou
691 1298 860 1351 septimo

291 1371 469 1411 Adiacet
500 1370 565 1410 his
599 1369 796 1417 Pleuron,
832 1369 873 1408 ire
907 1383 989 1423 qua
1022 1369 1330 1423 trepidantibus
1363 1371 1443 1411 alis

388 1441 546 1495 Ophias
579 1440 722 1494 effuyit
756 1444 949 1480 natorum
981 1440 1157 1480 ‘vuluera
1192 1440 1350 1481 Combe.

73 1512 207 1562 Quam
240 1511 416 1553 Iambeu
446 1511 662 1552 transtulit
695 1510 923 1563 Plamedes,
962 1512 1025 1551 uti
1065 1512 1249 1552 meminit
1291 1512 1482 1553 Ccece'iz'us
1523 1513 1664 1553 Minu-

69 1583 210 1623 ticmus
243 1579 506 1637 Apuleius.‘·')
570 1582 623 1622 Et
657 1584 797 1622 exstat
829 1582 873 1622 id
904 1595 1062 1623 nomen
1100 1583 1142 1622 in
1176 1582 1326 1623 Graeca
1358 1583 1532 1624 Maximi
1565 1584 1664 1625 Pla-

68 1653 194 1695 nudis
241 1655 651 1706 metamorphoseon
698 1652 1053 1704 interpretatione
1100 1666 1125 1693 a
1164 1653 1447 1695 Boissonadio
1490 1654 1664 1695 Parisiis

72 1724 183 1765 1822
217 1724 332 1765 edita
365 1724 455 1777 (lib.
490 1724 574 1768 VII,
610 1722 726 1774 383).
790 1723 1004 1764 Maximus
1048 1726 1193 1764 autem
1234 1725 1450 1766 Planudes
1491 1726 1664 1766 ineunte

68 1795 226 1836 saeculo
259 1795 353 1835 XIV
386 1795 502 1842 vixit,
539 1798 578 1836 et
614 1807 727 1835 anno
772 1794 880 1834 1327
924 1794 979 1835 ad
1012 1794 1272 1836 Venetianos
1306 1795 1472 1849 legatus
1506 1797 1663 1838 missus

69 1862 194 1918 est.³)
258 1866 320 1906 Ex
353 1880 437 1919 quo
470 1866 605 1906 facilis
639 1868 704 1906 est
737 1865 789 1905 de
833 1867 961 1906 aetate
1000 1865 1219 1918 scriptoris
1260 1867 1662 1919 interpretationem

69 1936 159 1977 eius
193 1936 570 1978 commemorantis
605 1936 863 1976 coniectura.
912 1936 974 1976 Ac
1008 1937 1144 1977 Maius
1179 1938 1353 1989 quidem
1387 1942 1428 1979 et
1461 1938 1663 1979 Osannus

68 2007 223 2048 falsam
255 2008 367 2048 hanc
398 2007 567 2060 Apuleii
602 2007 1057 2047 commemorationem
1090 2011 1267 2060 putant;
1301 2009 1377 2049 sed
1410 2022 1544 2061 quum
1569 2010 1663 2062 ipsa

69 2078 122 2119 de
153 2078 348 2119 Planude
380 2092 448 2120 res
482 2078 705 2119 verissime
737 2077 897 2118 tradita
930 2077 996 2124 sit,
1030 2079 1073 2118 in
1106 2084 1281 2123 auctore
1315 2093 1364 2120 eo
1396 2080 1538 2121 minus
1572 2094 1663 2121 cre-

69 2149 198 2190 dibile
231 2155 296 2190 est
330 2150 506 2191 Caelium
540 2161 726 2197 errasse,
761 2148 877 2200 quod
909 2149 1045 2189 multa
1078 2150 1232 2191 similia
1265 2151 1321 2191 ad
1352 2151 1660 2204 mythologiam
1683 2165 1698 2189 7
1753 2167 1757 2168 ⁷

69 2221 308 2272 spectantia
356 2220 400 2261 in
445 2220 568 2261 editis
615 2219 868 2272 fragmentis
914 2220 1200 2272 reperiuntur.
1215 2217 1248 2273 4)
1318 2222 1467 2274 Neque
1513 2224 1659 2263 tamen

105 2346 134 2389 ¹)
161 2349 422 2394 Schulzeitung,
450 2349 680 2384 Literaturbl.
710 2349 751 2383 II.
779 2349 818 2382 N.
845 2348 901 2382 37.
929 2348 1030 2383 1827.
1068 2349 1158 2383 Novi
1184 2353 1328 2384 tantum
1355 2361 1398 2384 ex
1418 2351 1549 2385 Baehrii
1570 2351 1661 2386 Hist.

162 2408 228 2442 Lit.
256 2408 360 2442 Rom.
387 2420 420 2453 p.
440 2407 507 2441 544
528 2412 575 2453 (p.
597 2407 664 2441 735
694 2408 748 2442 ed.
768 2406 813 2450 2).
872 2408 971 2452 Ipsas
1004 2408 1101 2442 enim
1134 2409 1213 2443 illas
1247 2410 1498 2454 ephemerides
1530 2407 1667 2445 frustra>

162 2467 199 2501 in
225 2470 348 2501 nostra
374 2468 463 2501 urbe
489 2466 648 2511 quaesivi.

105 2523 134 2566 ²)
159 2526 345 2570 Integrum
372 2526 492 2560 locum
518 2526 633 2570 posui,
660 2528 701 2559 ut
727 2530 929 2570 appareret,
963 2538 1035 2560 non
1068 2528 1294 2571 probandam
1329 2539 1406 2562 esse
1438 2528 1520 2562 Maii
1545 2528 1661 2572 (praef.

161 2595 195 2628 p.
221 2584 367 2618 XXVIII
400 2584 490 2627 not.)
527 2584 770 2628 suspicionem
805 2585 848 2618 de
880 2585 1173 2630 interpunctione
1205 2587 1392 2622 mutanda.
1455 2587 1659 2622 Manuelem

162 2643 363 2678 Planudem
388 2643 443 2678 bis
468 2645 628 2688 appellat
644 2644 752 2677 Baehr
778 2642 825 2687 (p.
846 2643 924 2678 119.
951 2644 1035 2686 120;
1066 2645 1142 2680 173.
1171 2645 1238 2678 174
1265 2647 1320 2680 ed.
1347 2645 1382 2687 2)
1408 2658 1473 2690 pro
1490 2646 1658 2687 Maximo,

164 2713 294 2743 errore,
321 2713 367 2736 ne
392 2703 472 2747 quis
502 2704 592 2737 duos
618 2702 785 2737 homines
812 2713 833 2736 a
858 2703 962 2737 nobis
989 2703 1161 2738 confundi
1186 2707 1300 2748 putet.

105 2758 135 2803 ³)
161 2761 238 2795 Vid.
266 2773 356 2805 quos
375 2762 500 2796 laudat
520 2762 612 2796 Saxe
634 2762 671 2796 in
692 2761 879 2796 Onomast.
900 2762 962 2803 lit.‚
990 2762 1052 2806 qui
1072 2763 1170 2797 hunc
1190 2764 1310 2808 ipsum
1332 2775 1469 2798 annum
1490 2764 1662 2799 Planudis

163 2820 301 2854 nomini
325 2821 530 2864 praeposuit.
1238 2857 1240 2860 ,

103 2875 133 2919 ⁴)
159 2877 282 2921 Quum
307 2879 420 2913 Maius
446 2879 605 2921 dixisset,
644 2879 797 2914 fortasse
830 2880 899 2913 hoc
931 2880 1080 2915 Caelium
1113 2892 1156 2915 ex
1188 2881 1336 2916 alterius
1367 2882 1512 2926 Apuleii
1538 2882 1659 2916 libello

162 2936 374 2980 sumpsisse,
413 2937 580 2972 Osannus
621 2938 736 2972 editos
769 2939 911 2982 Apuleii
949 2940 1100 2973 minoris
1132 2940 1272 2974 libellos
1306 2951 1387 2974 eam
1419 2940 1660 2985 suspicionem
