1915 3235
833 87 915 128 391

88 218 289 272 Opimius,
321 217 610 271 indiqnissime
634 215 821 266 concidit,
853 216 1180 269 adscripsitque,
1214 216 1530 258 coniunctivum
1556 216 1669 272 (pos-

83 289 173 338 sim,
207 288 322 340 quod
347 289 412 328 est
434 288 478 328 in
510 285 624 339 edd.)
657 299 885 339 perperam
919 286 1256 339 significaturum
1289 300 1403 329 esse:
1429 289 1601 342 possim,
1634 290 1671 330 si

80 360 216 409 velim,
249 358 527 400 indicativum
559 357 821 410 significare:
872 356 1007 397 Unum
1039 381 1095 386 —
1127 358 1265 399 dicere
1294 372 1459 412 possum
1491 382 1548 387 —
1579 373 1670 400 con-

80 430 244 471 cidisse.
307 429 402 470 Non
448 428 705 468 meminerat
752 428 816 468 vir
865 427 1139 478 clarissimus,
1187 428 1263 469 ubi
1309 442 1386 481 per
1431 442 1672 482 pronomen

81 500 321 549 relativum,
370 498 518 539 addita
556 497 768 550 particula
807 498 993 552 quidem,
1041 499 1159 540 notio
1199 499 1421 540 indefinita
1461 500 1671 552 generalis

80 571 170 611 sive
217 569 417 622 negativa
463 569 552 609 sive
600 567 863 609 affirmativa
911 568 967 621 (V.
1018 582 1052 609 c.
1099 567 1352 622 numeralis)
1403 569 1459 610 ad
1506 574 1671 611 certum

78 643 227 682 tamen
259 653 392 693 genus
434 638 738 691 adstringatur,
787 639 846 679 ibi
888 639 1103 692 frequenti
1147 639 1362 681 Ciceronis
1405 642 1447 681 et
1489 640 1670 682 aliorum

79 711 292 752 bonorum
334 710 591 762 scriptorum
632 722 714 750 usu
759 710 1076 750 coniunctivum
1118 710 1296 751 modum
1338 707 1500 763 ponist)
1562 711 1669 759 Vid„

78 784 127 823 ut
159 781 356 834 exempla
388 781 432 821 in
462 793 509 820 re
540 792 626 821 non
658 780 817 832 ignota,
851 780 929 821 sed
959 793 1188 832 nusquam,
1230 781 1346 833 quod
1377 781 1525 832 sciam,
1565 782 1670 823 satis

79 851 278 893 distincte
309 851 474 892 tradita
505 863 678 903 ponam,
717 852 876 902 praeter
907 850 1026 892 Brut.
1061 851 1099 901 7,
1134 851 1202 901 27,
1241 851 1313 903 qui
1344 851 1462 893 locus
1495 865 1521 893 a
1553 865 1670 894 com-

77 922 273 975 pluribus
305 921 553 970 advocatur,
596 921 648 961 de
681 920 800 961 Orat.
833 921 882 971 ΙΙ,
916 921 985 971 22,
1019 921 1088 972 93,
1130 921 1182 962 de
1215 921 1280 963 Re
1312 935 1354 974 p.
1387 923 1417 973 Ι,
1458 923 1497 973 2,
1537 923 1576 973 2,
1617 923 1671 964 de

78 994 206 1046 Legg.
240 993 270 1043 Ι,
304 992 372 1041 20,
413 991 490 1041 54;
537 1005 669 1044 supra
712 1004 882 1044 quoque
925 1005 959 1032 c.
993 992 1062 1042 50,
1109 993 1190 1034 106
1235 995 1346 1034 erat:
1399 994 1499 1046 Quae
1540 995 1670 1035 contio

73 1063 176 1117 fuit,
225 1077 315 1118 quce
355 1063 520 1117 quidem
552 1067 651 1103 esset
683 1076 761 1102 non
805 1062 1006 1103 conducta
1054 1067 1133 1105 cet.
1205 1063 1311 1117 [Cfr.
1351 1064 1542 1106 Gramm.
1576 1066 1669 1106 Lat.

76 1133 100 1186 ἓ
133 1134 219 1175 364
250 1136 340 1175 not.
375 1134 401 1174 2
434 1133 500 1174 ed.
534 1132 595 1186 3.]
657 1132 727 1173 Ad
768 1134 880 1173 hanc
922 1133 1133 1176 rationem
1175 1136 1257 1177 hoc
1296 1136 1388 1177 loco
1426 1136 1670 1178 necessario

75 1204 353 1246 scribendum
392 1206 457 1245 est
488 1205 661 1258 possim.
725 1203 944 1253 Codicum,
993 1206 1233 1257 praesertim
1277 1219 1329 1247 ex
1371 1220 1457 1248 uno
1500 1206 1670 1248 deriva-

74 1277 230 1325 torum,
279 1275 323 1315 in
363 1274 611 1316 huiusmodi
656 1287 702 1314 re
744 1274 898 1326 exigua
942 1277 1005 1316 est
1048 1277 1295 1317 auctoritas.
1358 1277 1517 1326 Contra
1555 1280 1671 1318 recte

76 1344 336 1386 indicativus
368 1346 552 1393 tenetur,
587 1343 660 1384 ubi
693 1349 815 1385 certa
850 1347 893 1386 et
924 1345 1102 1388 definita
1134 1347 1315 1388 subiecti
1336 1347 1454 1389 notio
1476 1348 1670 1389 adhibita

80 1416 299 1456 sententia
329 1415 509 1456 relativa
541 1415 792 1467 completur,
826 1415 945 1456 velut
975 1429 1053 1469 pro
1085 1417 1248 1459 Scauro
1281 1416 1303 1470 ἓ
1330 1419 1402 1459 16;
1436 1418 1670 1473 Aryzmzen-

73 1490 161 1526 tum
193 1499 301 1539 vero,
334 1485 442 1540 quod
473 1485 639 1540 quidem
672 1490 728 1526 est
751 1487 977 1539 proprium
1008 1488 1072 1528 rei
1104 1490 1183 1528 cet.
1218 1488 1278 1540 (in
1310 1491 1458 1531 nostro
1491 1492 1533 1530 et
1564 1489 1669 1531 Ger-

73 1556 242 1597 manico
289 1568 486 1597 sermone
533 1569 772 1608 pronomen
814 1556 1038 1598 definitum
1081 1558 1470 1600 demonstrativum
1510 1560 1667 1601 addas:

73 1627 284 1681 derjemffqe
316 1627 475 1668 Beweis
505 1625 777 1681 weniystens),
811 1630 852 1668 et
877 1627 996 1669 Brut.
1024 1628 1090 1678 17,
1125 1629 1200 1670 65:
1237 1629 1428 1670 Catonem
1463 1644 1556 1671 vero
1579 1632 1670 1685 quis

73 1702 311 1738 nostrorum
343 1702 571 1749 oratormn,
605 1698 676 1752 qni
707 1697 873 1752 quidem
894 1712 1005 1739 manc
1027 1704 1136 1751 sunt,
1171 1700 1296 1754 leyesst?
1336 1700 1493 1742 Contra
1518 1714 1669 1742 neces-

75 1769 188 1809 sario
212 1768 441 1810 dicendum
464 1770 595 1809 esset:
633 1768 827 1809 Catonem
857 1782 979 1821 unus,
1013 1770 1083 1823 qm·
1113 1770 1278 1824 quidem
1299 1785 1408 1812 wmzc
1435 1772 1501 1824 sit,
1536 1771 1671 1813 Gaius
1691 1780 1740 1805 505

72 1839 182 1893 Zeyit,
215 1838 394 1880 relativo
424 1839 667 1892 pertinente
700 1839 756 1879 ad
787 1852 942 1880 vocem
974 1836 1143 1893 unus.‘²)

193 1909 355 1950 Eodem
390 1910 529 1962 capite
562 1912 767 1959 extremo,
814 1910 929 1962 quod
961 1909 1047 1951 iam
1081 1911 1238 1964 saepius
1272 1912 1365 1961 feci,
1413 1912 1668 1953 invidiosam

77 1979 188 2021 inter
222 1980 388 2021 criticos
419 1993 510 2020 rem
544 1979 781 2032 aggredior,
815 1983 864 2021 ut
894 1981 975 2022 loci
1004 1994 1029 2022 a
1050 1982 1266 2023 nonnullis
1287 1982 1331 2023 in
1353 1982 1668 2024 dubitationem

76 2049 252 2091 adducti
286 2050 579 2091 defensionem
620 2063 729 2101 eam,
778 2051 821 2091 in
868 2064 953 2104 qua
999 2052 1150 2105 reliqui
1197 2055 1406 2106 tanquam
1455 2055 1570 2094 certa
1609 2052 1668 2094 ita

112 2201 145 2245 l)
170 2202 332 2236 Eandem
359 2213 436 2236 esse
462 2202 687 2246 pronominis
719 2203 829 2237 solius
861 2203 912 2237 sic
943 2204 1050 2248 positi
1082 2205 1271 2247 rationem,
1310 2205 1347 2239 in
1379 2205 1507 2249 vulgus
1539 2209 1667 2240 notum

169 2265 233 2296 est.
285 2262 396 2306 Magis
422 2265 546 2295 tamen
572 2262 607 2295 id
642 2261 678 2295 in
711 2262 816 2296 certis
850 2263 1068 2306 quibusdam
1099 2263 1342 2298 locutionibus
1373 2265 1668 2312 animadvertunt

172 2321 374 2354 cuiusmodi
401 2324 454 2354 est
480 2322 573 2365 quod
598 2323 721 2364 seiam,
747 2320 991 2363 meminerim).
1031 2322 1101 2356 Sed
1128 2322 1197 2356 Cic.
1224 2323 1261 2356 in
1278 2323 1378 2358 Brut.
1396 2323 1452 2365 33,
1480 2324 1547 2357 127
1574 2323 1666 2367 (Hie,

167 2381 230 2423 qui
257 2381 297 2413 in
323 2380 462 2423 colleyio
488 2381 710 2414 sacerdotum
739 2385 836 2423 esset,
857 2382 1003 2423 primus
1030 2401 1073 2404 —
1100 2387 1151 2415 est
1176 2381 1442 2425 condemnatus)
1474 2383 1667 2417 indicativo

167 2438 221 2471 uti
256 2449 328 2472 non
361 2438 488 2482 potuit.
546 2437 715 2482 [Philipp.
742 2438 784 2479 ΙΙ,
817 2438 872 2476 11,
906 2437 978 2481 25]
1034 2440 1090 2473 Ab
1123 2441 1250 2474 eadem
1283 2452 1391 2475 causa
1422 2442 1545 2476 Cicero
1579 2442 1667 2475 dixit

166 2507 232 2540 pro
257 2497 370 2531 Balbo
396 2496 451 2540 21,
485 2496 546 2531 48:
590 2498 626 2531 T.
655 2498 854 2531 Matrinius
886 2509 981 2532 unus
1015 2510 1058 2532 ex
1082 2501 1139 2540 iis,
1178 2511 1265 2543 quos
1295 2501 1332 2534 C.
1359 2502 1503 2535 Iffarz'us
1529 2500 1667 2535 civitate

148 2557 342 2599 donasset,
369 2557 462 2590 dixit
487 2568 635 2590 causam
661 2559 727 2590 cet.

111 2611 139 2656 ²)
166 2612 293 2656 [Nimis
320 2617 416 2649 certo
441 2614 513 2648 fine
539 2615 615 2649 haec
642 2615 862 2659 distinguere
889 2618 1039 2650 conatus
1065 2627 1158 2651 sum.
1197 2617 1395 2652 Indicativo
1422 2621 1457 2652 et
1483 2618 1605 2652 Cicero
1632 2621 1667 2652 et

167 2672 228 2706 alii
259 2676 421 2715 utuntur,
461 2673 523 2708 ubi
560 2674 772 2718 simpliciter
809 2685 922 2718 genus
961 2676 1286 2719 comprehendunt,
1325 2676 1565 2718 coniunctivo,
1604 2676 1666 2710 ubi

167 2731 276 2765 simul
302 2732 509 2774 admonent,
549 2744 659 2777 quam
692 2732 766 2766 vim
799 2733 843 2766 ad
870 2743 944 2767 rem
972 2733 1205 2768 iudicandam
1230 2735 1307 2768 haec
1332 2738 1501 2769 accurata
1526 2735 1665 2779 generis

167 2790 374 2825 terminatio
408 2791 551 2826 habeat.
608 2791 797 2826 Indicativi
830 2793 996 2836 exempla
1029 2793 1111 2827 addi
1145 2793 1221 2827 haec
1253 2797 1421 2838 possunt:
1461 2795 1504 2828 de
1537 2794 1595 2828 Or.
1622 2794 1664 2833 II,

169 2848 223 2890 71,
250 2848 329 2891 291,
356 2861 420 2894 pro
446 2849 516 2884 Mil.
544 2850 575 2892 1,
602 2850 634 2892 3,
662 2851 707 2884 ad
733 2850 806 2884 Att.
834 2851 908 2892 VII,
934 2850 967 2892 2,
994 2851 1026 2892 3,
1054 2851 1095 2892 X,
1124 2851 1178 2893 16,
1205 2852 1237 2894 2,
1264 2853 1368 2887 Tusc.
1396 2853 1437 2895 ΙΙ,
1464 2851 1495 2893 2,
1524 2851 1562 2889 5;
1590 2852 1664 2886 Liv.

167 2907 308 2950 XXXII,
336 2908 367 2950 6,
394 2906 443 2951 8.]
