1915 3235
833 118 887 158 97

65 249 246 289 videtur.
323 248 592 301 Ineptissime
639 248 754 289 enim
802 247 994 297 additur,
1049 259 1183 300 quum
1236 261 1324 289 non
1377 261 1429 289 ex
1475 250 1655 290 oratoris

64 331 262 371 persona.
311 318 389 358 sed
432 331 484 358 ex
525 318 659 371 ipsius
701 318 847 359 Roscii
888 318 981 359 haec
1013 315 1273 371 dicantur.¹)
1335 318 1544 360 Additum
1578 322 1655 360 est.

65 402 198 441 quum
232 388 382 430 deesse
415 389 686 429 accusativus
719 388 950 438 videretur,
985 388 1058 441 qui
1090 402 1142 430 ex
1173 389 1468 441 superioribus
1501 389 1656 430 intelli-
1712 437 1715 439 ,

64 459 228 512 gendus
269 461 347 500 est.
410 459 625 500 Fraudem
667 460 734 500 vel
776 459 895 500 locus
935 459 1094 512 arguit3
1143 459 1291 501 Cicero
1333 472 1420 500 non
1463 462 1657 501 extremo

63 530 155 570 loco
202 531 300 581 post
345 529 480 570 verba
527 530 756 582 posuisset.
835 530 998 571 Eodem
1053 529 1182 570 modo
1229 542 1388 571 nomen
1434 530 1658 583 proprium

65 599 366 652 expellendum
399 601 504 649 erat,
538 602 586 640 ut
609 599 779 641 viderat
801 601 888 641 iam
912 600 1199 650 Hotomanus,
1234 601 1303 650 39,
1341 600 1424 642 115
1447 600 1491 642 in
1513 600 1657 641 verbis

56 670 222 724 publice
254 670 402 711 Roscio
434 670 662 711 mandatus
694 675 770 719 est3
802 671 952 711 turbat
983 671 1182 717 membra
1214 672 1433 724 opposita;
1466 684 1568 713 nam
1602 671 1657 712 ad

66 740 145 781 Sem
176 740 352 782 Roscius
389 740 608 782 mandavit
649 741 834 782 refertur
877 755 903 782 α
947 742 1239 783 decurionibus
1272 741 1439 796 publice
1479 741 1657 782 manda-

63 817 129 852 tus
160 816 229 860 est,
263 824 342 852 nec
373 811 466 852 haec
499 811 640 852 divelli
673 815 874 864 possunt;
916 812 1102 853 refertur
1133 815 1316 865 utraque
1348 825 1449 865 pars
1482 814 1656 853 senten-

65 883 133 923 tiae
167 882 223 923 ad
254 894 493 935 pronomen
527 895 754 924 commune
786 882 906 924 initio
939 884 1147 935 positum:
1199 883 1321 923 Nune
1360 897 1442 923 non
1481 883 1589 924 hanc
1621 885 1658 924 ei

65 966 170 1001 rem3
218 952 407 1005 alioquin
449 952 603 994 saltem
647 953 790 1006 ipsum
832 966 992 994 nomen
1033 954 1152 995 initio
1193 954 1443 1007 ponendum
1491 954 1655 999 fuisset,

64 1023 218 1064 deinde
251 1036 510 1076 pronomem
558 1026 675 1064 recte
713 1024 757 1064 in
795 1037 918 1065 novae
958 1024 1185 1066 sententiae
1228 1024 1402 1066 exordio
1435 1024 1658 1065 subiicitur

63 1099 97 1134 et
130 1108 179 1134 ext
211 1107 253 1134 eo
291 1093 338 1134 T.
364 1094 551 1143 Roscius,
587 1095 734 1136 addito
766 1096 1045 1147 praenomine,
1079 1095 1195 1147 quod
1221 1095 1357 1136 altero
1389 1095 1481 1136 loco
1505 1095 1657 1136 deesse

62 1165 312 1207 Schuetzius
350 1165 498 1206 sensit.
561 1165 787 1207 Postremo
826 1179 905 1218 pro
944 1165 1092 1206 Roscio
1135 1165 1202 1206 ed.
1246 1166 1359 1206 1472
1403 1165 1537 1206 habet
1575 1166 1657 1207 Ro-

59 1238 180 1286 seius,
214 1236 485 1289 glossematis
520 1238 683 1277 certum
717 1236 935 1277 indicium.

180 1307 225 1349 C.
262 1307 328 1357 14,
361 1307 431 1348 40.
489 1307 624 1359 Patri,
658 1308 805 1362 inquit,
838 1321 918 1348 non
944 1308 1151 1361 placebat.
1210 1307 1344 1358 Quam
1378 1307 1425 1348 ob
1458 1310 1660 1349 causam?

60 1378 390 1431 Repetebantur
422 1381 522 1420 ante
556 1393 681 1433 quam«
713 1379 867 1420 verba:
903 1379 1026 1419 Patri
1059 1392 1137 1419 non
1162 1378 1388 1432 placebat?
1418 1379 1479 1419 Ea
1504 1378 1655 1428 delevi,

59 1452 231 1491 secutus
275 1448 367 1490 cod.
401 1448 538 1490 Oxon.
572 1457 601 1486 ψ
638 1452 680 1490 et
722 1450 822 1491 edit.
860 1450 972 1490 1472
1016 1452 1058 1491 et
1099 1450 1313 1491 rationem
1357 1449 1655 1490 certissimam.

60 1520 207 1562 Cicero
241 1520 355 1561 enim
389 1533 522 1572 quum
555 1533 607 1561 ex
640 1520 988 1561 adversariorum
1021 1533 1207 1573 persona
1248 1520 1409 1573 aliquid
1448 1520 1550 1561 dicit
1582 1523 1656 1561 aut

60 1604 208 1633 eorum
240 1591 501 1632 sententiam
538 1593 743 1644 tanquam
776 1604 925 1632 veram
958 1591 1090 1644 ponit,
1126 1594 1172 1632 ut
1204 1592 1351 1632 statim
1375 1591 1657 1633 vehementer

59 1662 304 1715 redarguat,
344 1675 567 1714 nunquam
606 1662 678 1702 illa
716 1663 851 1703 verba
882 1662 1040 1715 repetit
1072 1675 1149 1715 per
1180 1662 1576 1715 interrogationem,
1610 1666 1657 1703 ut

58 1733 157 1774 huic
191 1746 287 1774 cum
321 1733 606 1774 admiratione
639 1733 820 1786 prolatae
862 1735 1118 1786 argumenta
1159 1733 1391 1786 subiungat
1431 1735 1656 1775 contrariae

58 1805 297 1854 sententiae,
346 1806 394 1845 ut
434 1817 512 1846 nos
545 1804 634 1845 fere
667 1803 710 1844 in
741 1807 889 1844 nostro
921 1816 1121 1845 sermone
1153 1804 1349 1853 facimus,
1399 1805 1476 1846 sed
1508 1806 1654 1846 statim

60 1875 398 1916 confutationem
431 1874 614 1923 subiicit,
649 1874 738 1915 sive
771 1888 849 1928 per
881 1875 1262 1928 interrogationem
1294 1877 1385 1916 sive
1417 1889 1494 1929 per
1521 1877 1655 1929 parti-

60 1945 201 1986 culam
234 1950 278 1986 at
308 1945 398 1986 sive
431 1945 513 1987 alio
545 1945 688 1986 modo.
737 1946 880 1998 Atque
912 1945 1039 1987 huius
1072 1946 1239 1999 generis
1273 1947 1471 2000 exempla
1496 1947 1656 2000 ubique

59 2018 176 2065 sunt,
227 2003 427 2057 contrarii
474 2016 612 2065 nulla,
660 2016 740 2056 nisi
787 2016 831 2057 in
877 2016 958 2057 hac
1006 2017 1199 2058 oratione
1246 2030 1380 2058 unum
1428 2020 1654 2070 praeterea,

61 2087 190 2127 etiam
225 2087 415 2139 apertius
448 2088 606 2129 falsum
646 2090 688 2128 et
729 2100 753 2127 a
795 2100 865 2128 me
905 2087 1139 2128 sublatum.
1202 2088 1313 2128 Nam
1349 2088 1415 2136 19.ι
1464 2088 1533 2137 54,
1582 2089 1655 2129 ubi

61 2157 208 2198 Cicero
242 2170 338 2198 cum
371 2158 524 2199 Erucio
558 2171 603 2199 se
636 2159 915 2199 sermocinari
947 2158 1080 2211 fingit,
1129 2158 1189 2199 sic
1229 2159 1521 2200 scribebatur:
1571 2158 1655 2199 Ex-

60 2228 263 2269 heredare
291 2228 427 2281 filium
460 2229 600 2269 coluit.
634 2252 689 2255 —
726 2229 860 2280 Quam
893 2228 939 2269 ob
972 2230 1178 2270 causam?
1208 2252 1264 2258 ——
1298 2229 1459 2270 Nescio.
1486 2252 1541 2258 —
1571 2229 1655 2270 Ex-

59 2299 359 2340 heredavitue?
406 2323 461 2327 —
509 2299 618 2340 Non.
670 2322 721 2326 —
775 2300 876 2351 Quis
914 2300 1162 2354 prohibuit?
1207 2323 1261 2328 ——
1320 2300 1550 2354 Coyitabat.
1600 2323 1655 2328 —

63 2370 308 2424 Coyitabat?
338 2371 405 2410 cui
437 2369 575 2410 dixit?
603 2393 660 2397 —
694 2370 878 2411 Nemini.
928 2371 1157 2424 Repetitur
1189 2371 1396 2426 eoyzsstabat
1428 2384 1478 2412 eo
1511 2371 1654 2413 modo.

61 2454 145 2493 quo
178 2441 277 2490 dixi,
313 2441 367 2481 ad
400 2454 531 2493 quam
563 2441 772 2482 rationem
809 2442 908 2482 ante
933 2442 1209 2483 scribendum
1235 2444 1349 2483 erat:
1384 2441 1656 2482 Eoelzeredare

58 2511 195 2564 filium
227 2513 366 2552 voluit.
407 2535 460 2540 —
503 2511 776 2552 Exheredare
808 2512 964 2553 voluit?
1011 2513 1087 2564 Qu.
1120 2526 1155 2553 O.
1189 2513 1254 2553 fu?
1298 2513 1383 2554 Sed
1416 2513 1655 2554 attendenti

61 2585 193 2636 patet,
233 2583 460 2624 artificiose
500 2585 708 2624 structam
741 2583 980 2624 orationem
1012 2585 1099 2624 tres
1132 2584 1255 2636 quasi
1287 2584 1460 2625 ordines
1493 2583 1655 2624 habere

62 2654 263 2706 aequales,
313 2654 439 2695 simili
482 2654 611 2695 modo
654 2656 783 2706 atque
826 2654 869 2694 in
911 2653 1004 2695 loco
1047 2654 1308 2703 Scaurianae,
1359 2655 1411 2695 de
1451 2667 1536 2707 quo
1569 2654 1655 2695 dixi

62 2724 196 2777 Epist.
239 2724 295 2764 ad
327 2723 532 2766 Orellium
566 2739 607 2777 p.
642 2725 711 2765 94.
774 2725 821 2764 In
863 2724 1001 2777 primo
1044 2725 1217 2777 ponitur
1256 2725 1493 2766 adversarii
1535 2738 1654 2767 asse-

100 2887 127 2930 1)
154 2886 341 2931 [Extrema
366 2889 614 2933 interrogatio:
653 2889 819 2922 Etiamne
857 2892 924 2923 cet.
958 2888 1057 2922 nullo
1084 2891 1188 2932 pacto
1215 2900 1235 2922 a
1261 2889 1507 2933 superioribus
1534 2889 1654 2922 divelli

158 2946 303 2990 potest]

1357 3015 1366 3039 ί

1679 825 1729 850 120
