1866 3216
954 83 1007 123 IV

192 221 357 265 sissem,
391 218 565 269 eiusque
599 213 835 267 philologiae
870 211 1142 260 condicionis,
1178 223 1272 263 quae
1306 212 1397 250 tum
1433 209 1592 255 fuisset,
1629 209 1770 261 imago

193 314 242 342 ac
287 300 424 341 forma
464 298 720 340 retineretur
762 308 812 336 ac
852 297 1000 335 tamen
1041 293 1145 334 nihil
1187 293 1394 333 intactum
1439 304 1489 333 ac
1531 291 1620 332 sine
1668 292 1771 331 nota

192 384 514 435 relinqueretur,
559 379 673 432 quod
711 391 797 419 non
841 379 882 417 et
920 389 1033 416 nunc
1072 388 1225 428 reapse
1264 375 1495 428 probarem
1535 386 1771 425 verumque

192 466 437 513 iudicarem,
484 466 612 515 atque
654 462 697 501 in
735 459 997 501 artissimum
1039 460 1258 500 contracta
1291 471 1452 507 eorum,
1493 469 1589 509 quae
1621 458 1771 508 postea

193 548 262 588 alii
301 546 450 587 iisdem
498 545 550 585 de
594 543 723 584 rebus
767 541 1071 593 disputassent,
1120 539 1428 593 significatione
1470 541 1598 591 atque
1643 538 1771 579 etiam

192 629 406 671 interdum
449 626 705 668 refutatione
749 637 799 665 ea
841 626 1010 665 tantum
1053 623 1336 672 adderentur,
1385 635 1481 675 quae
1526 621 1617 674 ipse
1663 621 1773 662 inter

192 714 443 766 perpetuam
492 712 686 750 veterum
734 708 1112 748 monumentorum
1165 704 1467 746 tractationem
1516 704 1571 745 ad
1619 704 1772 744 confir-

191 794 350 835 manda
397 792 551 833 iudicia
599 790 920 843 sententiasque
968 791 1259 836 annotassem,
1308 787 1521 828 interdum
1572 787 1700 827 etiam
1748 800 1774 827 a

191 876 430 918 studiorum
464 874 586 915 sociis
620 872 877 914 admonitus.
942 872 1268 924 Simplicitatem
1310 870 1529 922 quandam
1563 882 1613 910 ac
1644 869 1772 910 liber-

192 961 322 999 tatem
363 957 723 1008 severitatemque
761 955 978 996 iudicandi
1021 967 1242 1007 pravaque
1283 952 1639 1006 reprehendendi,
1688 965 1773 1004 qua

191 1042 289 1082 olim
337 1041 560 1092 aliquoties
611 1053 713 1080 usus
764 1051 902 1087 eram,
952 1050 1005 1078 ne
1048 1049 1161 1077 nunc
1204 1036 1376 1089 quidem
1419 1035 1655 1076 tollendam
1700 1038 1775 1075 aut

191 1123 454 1164 mollioribus
486 1122 717 1163 verborum
751 1120 1007 1172 ambagibus
1047 1118 1335 1172 obtegendam
1376 1118 1536 1170 putavi,
1577 1118 1692 1170 quod
1733 1120 1774 1158 et

191 1206 294 1246 nihil
326 1205 405 1246 nisi
438 1205 705 1245 considerate
729 1217 778 1245 ac
800 1203 952 1244 merito
984 1202 1143 1243 dictum
1179 1214 1271 1242 esse
1301 1200 1404 1241 mihi
1435 1213 1552 1241 eram
1580 1201 1773 1241 conscius

191 1288 431 1341 iudiciaque
464 1300 561 1328 mea
594 1287 774 1340 posthac
809 1287 894 1327 fere
929 1286 1145 1327 communi
1184 1297 1363 1325 assensu
1405 1284 1535 1324 tacite
1579 1297 1774 1336 compro-

192 1372 294 1412 bata
326 1370 540 1417 videbam,
585 1372 627 1409 et
665 1369 778 1410 hanc
820 1368 1005 1409 levitatis
1038 1366 1415 1421 perversitatisque
1450 1367 1771 1419 castigationem

192 1453 338 1494 utilem
371 1453 606 1493 iunioribus
641 1451 976 1493 admonitionem
1003 1451 1165 1492 habere
1188 1449 1454 1497 iudicabam;
1487 1463 1586 1490 nam
1623 1450 1773 1490 eodem

193 1539 267 1577 aut
299 1536 424 1576 simili
456 1548 610 1588 genere
643 1535 828 1587 plurima
860 1547 973 1574 nunc
1007 1546 1176 1585 quoque
1209 1534 1442 1586 peccantur
1480 1545 1559 1572 nec
1604 1532 1774 1573 difficile

194 1620 320 1659 fuerit
351 1632 428 1671 pro
460 1618 706 1659 nominibus
739 1631 763 1658 a
797 1631 865 1658 me
898 1618 1056 1658 notatis
1089 1617 1171 1657 alia
1204 1616 1478 1665 substituere,
1525 1615 1577 1656 de
1619 1615 1774 1668 quibus

193 1702 344 1742 eadem
378 1701 525 1742 sabula
557 1704 766 1742 narretur.
822 1700 947 1750 Quod
981 1702 1165 1740 feceram
1199 1700 1282 1740 iam
1318 1699 1360 1739 in
1392 1699 1527 1740 altero
1560 1699 1775 1739 volumine

192 1784 344 1837 prioris
377 1784 587 1829 editionis,
632 1784 744 1824 idem
784 1784 864 1824 feci
904 1796 1016 1823 nunc
1058 1783 1187 1823 etiam
1219 1783 1261 1823 in
1294 1783 1374 1822 hac
1407 1782 1542 1822 altera
1575 1782 1773 1830 editione,

193 1871 240 1908 ut
272 1867 575 1920 opusculorum
609 1867 775 1919 corpori
817 1867 897 1907 sub
940 1866 1067 1906 finem
1111 1865 1334 1906 voluminis
1375 1864 1652 1917 adiungerem
1696 1864 1774 1904 mi-

194 1951 406 1992 scellanea
439 1950 637 2002 quaedam
672 1950 803 1990 critici
842 1949 1022 2001 generis,
1065 1961 1161 2000 quzte
1194 1949 1264 2000 qui
1307 1948 1400 1988 haec
1443 1949 1591 1987 nostra
1625 1948 1776 1987 curant

194 2047 278 2074 non
311 2033 524 2074 illibenter
556 2034 808 2084 accepturos
850 2031 1096 2084 sperabam,
1146 2031 1348 2083 quoniam
1390 2029 1589 2081 alioquin,
1638 2029 1672 2069 si
1710 2029 1774 2068 in-

194 2116 358 2168 spicere
393 2115 561 2164 vellent,
596 2127 690 2155 cum
725 2114 919 2155 molestia
956 2113 1246 2165 cmiquirenda
1280 2114 1436 2153 essent.

311 2197 488 2247 Indices,
533 2179 603 2249 qui
635 2197 678 2237 in
709 2198 849 2250 priore
883 2196 1066 2237 editione
1099 2196 1266 2248 utrique
1299 2194 1501 2236 volumini
1542 2193 1774 2246 separatim

195 2280 377 2322 subiecti
410 2282 545 2329 erant,
581 2280 845 2321 commodius
878 2280 1017 2320 Visum
1051 2281 1115 2319 est
1146 2291 1259 2319 nunc
1292 2278 1480 2319 conflari.

315 2363 396 2403 Vos
429 2362 556 2414 igitur
587 2363 726 2403 valete
759 2362 887 2402 libelli
920 2362 1113 2402 ultimum
1150 2361 1205 2401 ab
1239 2362 1413 2401 auctore
1457 2371 1552 2398 cum
1593 2371 1677 2398 non
1710 2357 1774 2398 in-

195 2448 317 2498 grata
349 2445 557 2485 memoria
590 2444 819 2485 iuventutis
852 2458 998 2485 severe
1042 2458 1091 2485 ac
1134 2443 1314 2484 fideliter
1357 2441 1398 2482 in
1442 2440 1592 2481 studiis
1636 2440 1773 2493 philo-

196 2527 340 2579 logieis
372 2529 480 2568 actae
512 2527 727 2580 recogniti.

314 2644 448 2684 Scrib.
482 2643 665 2684 Hauuiee
698 2657 832 2684 mens.
867 2644 1095 2684 Novembr.
1130 2643 1228 2684 anni
1261 2640 1670 2683 MDCCCLXXXVI.
