1915 3235
809 120 892 162 437

177 249 327 302 Capite
363 250 414 290 19
449 252 654 299 extremo,
703 263 756 291 ne
804 249 897 302 quis
946 262 1042 291 cum
1090 250 1285 292 Ernestio
1325 254 1365 293 et
1405 252 1644 303 Schuetzio,

59 321 291 361 Garatonio
339 322 381 360 et
429 319 585 361 Orellio
632 333 718 361 non
771 320 1136 374 improbantibus,
1196 334 1218 362 e
1266 322 1410 363 codice
1458 324 1644 375 pessimo

58 390 395 444 Guelferbytano
435 390 563 431 scribi
601 391 723 431 malit
763 391 1028 441 arbitremur,
1077 392 1150 432 ubi
1198 392 1337 434 editur
1385 392 1646 434 arbitramur

57 460 187 514 (Quos
217 462 348 516 ἐρίων
372 461 723 514 prudentissimos
755 462 997 515 intetpretes
1019 461 1227 514 foederum
1261 487 1313 490 —
1348 477 1430 505 esse
1463 464 1645 505 arbitra-

56 530 211 584 mur?),
252 534 328 572 aut
360 545 411 572 ex
444 531 704 573 Erfurtensis
737 533 949 585 scriptura
983 532 1300 574 arbim-abantea·
1340 534 1497 576 efficiat
1530 535 1645 575 arbi-

55 601 276 652 trabimur,
327 601 555 643 dicendum
595 605 658 643 est
698 603 885 644 breviter
924 603 976 644 de
1013 616 1059 644 re
1090 617 1177 645 non
1209 604 1366 657 ignota,
1415 605 1492 646 sed
1525 606 1644 647 cuius

56 672 249 714 oblivisci
280 672 508 713 videantur
539 673 757 714 interdum
789 673 867 714 viri
899 673 1025 723 docti,
1075 674 1191 726 quod
1229 688 1327 716 raro
1368 675 1471 717 data
1514 690 1645 729 opera

55 742 298 795 expositum
332 743 384 783 de
417 756 468 784 ea
501 746 579 784 est.
642 744 753 785 Nam
786 743 924 785 Latini
958 757 1091 797 quum
1124 749 1261 786 semet
1282 745 1397 798 ipsos
1430 749 1505 787 aut
1537 747 1646 788 inter

55 826 100 854 se
133 812 411 866 interrogant,
452 814 555 866 quid
587 814 832 856 faciendum
864 814 930 865 sit,
979 828 1107 867 saepe,
1157 816 1524 868 quemadmodum
1566 830 1644 858 nos

56 889 98 924 et
131 883 334 925 Germani
365 883 409 924 in
448 884 647 925 familiari
687 898 900 935 sermone,
948 887 1157 937 tanquam
1206 885 1259 926 de
1307 899 1365 936 re,
1415 900 1510 939 quae
1558 887 1646 929 iam

55 954 143 1003 fiat,
192 954 422 996 indicativo
462 954 591 996 modo
631 957 857 1008 praesentis
889 956 1096 1009 temporis
1128 958 1328 1006 utuntur;
1376 957 1465 998 fere
1499 960 1645 999 autem

56 1027 303 1066 constanter
334 1025 377 1066 id
410 1025 584 1076 faciunt,
634 1040 767 1079 quum
808 1029 882 1067 aut
921 1027 972 1068 de
1014 1039 1065 1068 ea
1098 1040 1143 1068 re
1176 1030 1386 1079 quaerunt,
1436 1041 1567 1081 quam
1600 1042 1644 1070 se

55 1095 243 1137 facturos
275 1108 362 1136 non
395 1096 605 1147 dubitent,
655 1099 730 1138 aut
773 1097 825 1138 de
865 1098 1078 1138 sententia
1111 1099 1152 1138 et
1183 1097 1338 1139 iudicio
1371 1098 1431 1139 ita
1464 1098 1645 1140 interro-

54 1171 169 1218 gant,
217 1168 265 1207 ut
306 1180 392 1208 non
434 1169 524 1208 tam
569 1167 807 1209 deliberent
847 1182 978 1221 quam
1011 1170 1085 1209 aut
1117 1168 1409 1210 necessarium
1442 1169 1645 1210 iudicium

54 1237 292 1289 significent
324 1239 367 1278 et
397 1251 484 1279 non
517 1237 765 1291 discrepans
799 1240 874 1280 aut
907 1252 958 1280 ex
991 1239 1096 1289 aliis,
1138 1252 1268 1291 quam
1309 1239 1568 1280 sententiam
1601 1253 1645 1281 se

53 1309 270 1361 suscipere
302 1309 445 1359 velint,
496 1312 704 1362 quaerant,
754 1322 839 1361 qua
882 1309 1022 1350 forma
1066 1310 1227 1350 utimur
1270 1310 1399 1351 etiam
1444 1311 1486 1351 in
1519 1311 1646 1352 refel—

53 1380 193 1422 lendo.
256 1379 400 1422 Nostri
442 1380 637 1421 homines
679 1380 747 1421 hic
789 1393 906 1432 saepe
949 1382 1024 1421 aut
1068 1381 1384 1421 coniunctivum
1424 1382 1646 1434 requirunt

54 1453 129 1492 aut
160 1450 366 1492 futurum.
430 1451 483 1491 Et
514 1453 661 1491 tamen
695 1451 901 1503 quaeritur
933 1450 1254 1503 quodammodo
1287 1451 1340 1492 de
1376 1451 1504 1493 facto.
1552 1452 1646 1493 Pri—

51 1521 136 1562 oris
168 1522 334 1574 generis
368 1521 565 1574 exempla
597 1523 697 1562 sunt
728 1521 845 1573 apud
868 1521 1115 1562 Ciceronem
1150 1520 1211 1574 [p.
1235 1521 1407 1571 Quintio
1431 1535 1465 1564 c.
1492 1522 1557 1573 16,
1592 1522 1646 1564 53

53 1591 173 1646 (qaid
220 1590 378 1647 a90?),]
426 1593 470 1633 in
509 1605 576 1644 ep.
618 1592 674 1633 ad
714 1592 802 1633 Att.
836 1592 921 1641 VII,
963 1592 1039 1642 20,
1081 1593 1107 1633 2
1140 1591 1296 1645 (Extra
1330 1592 1506 1634 Italiam
1546 1594 1648 1648 quid

53 1661 189 1717 ayo?),
222 1663 330 1713 XIII,
362 1663 420 1704 40
453 1662 583 1716 (Quid
614 1664 673 1703 mi
705 1668 848 1703 auctor
881 1663 951 1703 es?
982 1663 1180 1703 advolone
1212 1677 1268 1703 an
1299 1663 1504 1716 maneo?),
1538 1664 1644 1713 XVI,

54 1733 92 1783 7,
132 1734 161 1774 4
208 1732 350 1786 (Nunc
397 1733 498 1788 quid
544 1732 896 1788 =›·espondevms?)‚
947 1734 1063 1786 apud
1111 1733 1361 1775 Terentium
1411 1737 1557 1776 autem
1605 1735 1647 1775 in

52 1803 209 1845 Heaut.
242 1804 290 1855 ΙΙ,
325 1805 351 1845 2
378 1803 453 1857 (3),
492 1804 573 1845 102
606 1803 737 1857 (Quid
770 1818 846 1859 ayo
874 1803 1041 1857 ηῑωισὲ),
1074 1804 1248 1846 Phorm.
1282 1805 1348 1855 ΙΙΙ,
1383 1805 1422 1856 3,
1458 1806 1479 1846 Τ
1516 1804 1647 1858 (Quid

56 1875 164 1929 ayo?
204 1875 314 1927 Quid
349 1876 504 1929 aqam?
547 1875 683 1928 magis
717 1877 782 1917 est
813 1875 1016 1916 haerentis
1049 1888 1128 1916 nec
1161 1875 1323 1916 exitum
1362 1874 1644 1929 reperieritis),

52 1945 160 1987 Eun.
192 1946 259 1996 III,
296 1947 332 1996 1,
366 1946 424 1987 44
456 1945 666 2000 (Pmyoue
699 1960 768 2001 egso
800 1945 923 1999 me?).
986 1946 1149 1987 Eodem
1184 1946 1311 1987 modo
1344 1945 1521 1988 Ovidius
1546 1947 1644 1988 Am.

52 2016 81 2066 Ι,
115 2017 154 2067 2,
189 2017 235 2058 9;
272 2002 466 2059 Ο6άίηηι3
498 2032 554 2058 an
585 2018 765 2059 subitum
787 2017 982 2058 luctando
1012 2016 1274 2058 accendimus
1297 2017 1462 2071 ionem?
1499 2017 1644 2058 Iuven.

53 2087 119 2137 ΙΙΙ,
154 2087 259 2128 296;
305 2087 360 2128 In
392 2102 474 2143 qua
512 2093 549 2129 te
586 2102 726 2143 qucero
756 2087 1022 2142 proseucha?
1066 2088 1231 2129 Seneca
1264 2086 1361 2140 [Ep.
1394 2088 1464 2137 43,
1498 2087 1546 2128 4;
1580 2089 1647 2128 cui

55 2157 233 2198 accedo?
276 2159 321 2199 in
366 2164 507 2200 utram
551 2164 716 2213 partem
762 2159 825 2199 ire
870 2157 1032 2211 iabes?]
1079 2158 1208 2199 Herc.
1249 2157 1343 2199 Oet.
1384 2158 1487 2208 972,
1537 2158 1640 2199 973ῑ

55 2228 236 2283 Exiyam
273 2243 418 2282 poenas
459 2229 534 2270 tibi
566 2229 837 2284 Reddamqae
869 2229 1027 2269 vitam?
1074 2228 1184 2269 Fata
1228 2242 1283 2269 an
1326 2227 1496 2269 extendo
1538 2242 1643 2281 mea,

54 2298 321 2354 Mor-temque,
369 2301 532 2354 conium,
581 2300 638 2341 ad
675 2305 769 2341 tuas
800 2312 915 2341 servo
946 2299 1126 2340 manus?
1171 2297 1262 2352 (ubi
1308 2298 1499 2340 notanda
1547 2312 1644 2340 con-

53 2368 243 2423 iunctio).
321 2371 434 2412 Nota
482 2374 546 2413 est
591 2370 819 2412 victimarii
872 2369 1090 2411 sollemnis
1144 2369 1442 2422 interrogatio:
1502 2368 1644 2424 Ayone

56 2439 196 2493 (Ovid.
229 2441 345 2482 Fast.
378 2442 408 2492 I,
449 2441 566 2495 322).
630 2441 745 2494 [Iure
777 2440 1087 2493 Wesenbergio
1118 2453 1216 2481 meo
1253 2439 1516 2493 (Emendatt.
1558 2440 1643 2483 Cic.

53 2511 229 2563 Epistol.
262 2525 304 2564 p.
338 2510 410 2565 81)
443 2512 633 2554 notabile
664 2513 806 2553 visum
839 2512 915 2561 est,
957 2510 1073 2563 quod
1111 2511 1319 2563 scriptum
1359 2513 1425 2553 est
1465 2511 1523 2552 ad
1553 2511 1643 2552 Att.

53 2582 160 2633 XVI,
194 2583 233 2633 8,
267 2583 313 2624 2;
348 2582 470 2624 Nunc
501 2587 617 2624 tuum
649 2583 866 2624 consilium
898 2582 1080 2636 exquiro.
1143 2581 1374 2622 Romamne
1404 2581 1552 2623 venio?
1588 2595 1644 2622 an

54 2652 120 2693 hic
150 2654 325 2694 maneo?
354 2667 411 2694 an
442 2653 655 2707 Arpinum
688 2676 741 2680 —
774 2653 976 2700 ἀσφάλειαν
1000 2651 1121 2693 habet
1150 2653 1188 2693 is
1218 2653 1329 2693 locus
1362 2675 1414 2680 --
1445 2651 1646 2706 fugiam?

54 2723 219 2765 Mutare
267 2724 438 2765 conanti
483 2723 626 2765 minus
674 2724 905 2773 assentior,
954 2735 1086 2775 quum
1134 2723 1245 2775 ipse,
1295 2722 1642 2775 diligentissimus

53 2793 204 2835 talium
236 2794 528 2847 investigator,
568 2793 832 2835 simillimum
865 2793 1006 2834 locum
1039 2805 1092 2834 ex
1123 2792 1327 2834 orationis
1360 2806 1438 2845 pro
1470 2791 1644 2842 Quintio

56 2875 91 2904 c,
117 2864 182 2914 17,
216 2864 273 2905 54
305 2864 594 2917 adscripserit.
641 2864 835 2917 Utroque
857 2864 949 2905 loco
972 2863 1120 2906 Cicero
1152 2863 1257 2904 mihi
1288 2862 1458 2904 videtur
1489 2863 1532 2904 in
1562 2862 1643 2903 hac

56 2932 277 2976 familiaris
310 2936 520 2977 sermonis
552 2934 802 2985 imitatione,
850 2933 1122 2987 praecedente
1164 2946 1303 2987 quoero
1345 2935 1421 2975 aut
1460 2932 1641 2987 aequiro,

1665 617 1698 642 40

1663 2807 1695 2832 41
