1915 3235
824 127 909 168 725

69 260 113 301 in
145 272 195 301 eo
228 258 386 308 codice,
419 257 534 298 unde
565 256 701 299 nostri
733 257 814 298 orti
846 258 959 306 sunt,
993 255 1229 304 librarium,
1273 267 1407 307 quum
1440 255 1496 296 ad
1527 255 1661 307 parti-

70 330 212 372 culam
243 329 440 384 quom‘am
463 341 597 368 unum
621 329 792 368 tantum
817 328 1000 368 verbum
1032 325 1183 366 referri
1213 327 1388 378 putaret
1411 338 1490 366 nec
1523 326 1661 366 anim-

68 401 333 449 adverteret,
396 411 483 451 qua
542 398 612 439 via
668 397 938 439 ratiocinatio
995 396 1267 449 procederet,
1329 395 1404 436 ubi
1461 396 1662 448 apodosis

68 472 196 520 esset,
237 483 290 511 ex
322 482 386 519 eo,
435 468 551 521 quod
582 469 766 509 alterum
800 470 894 509 erat
924 467 1112 520 protasis
1144 466 1404 516 membrum,
1454 467 1663 520 apodosin

70 540 264 582 effecisse
298 542 341 581 et
371 552 449 592 pro
487 540 570 580 hac
600 539 761 580 forma:
804 538 859 579 A.
896 538 1063 578 Coeciua
1097 560 1150 564 —
1176 538 1430 590 perterritus
1458 537 1663 591 profuqe—

66 613 138 661 rit,
185 611 298 651 hanc
337 609 631 651 substituisse:
680 608 734 650 A.
771 608 980 649 Coecz‘nam
1020 631 1075 636 —
1107 608 1383 661 perterritum
1411 607 1662 662 profuyisse.

66 681 176 722 Illud
229 681 515 722 animadverti
560 680 709 730 velim,
762 692 842 720 nec
894 679 977 720 hoc
1028 679 1121 720 loco
1174 674 1253 719 nec
1296 676 1318 729 ἓ
1359 678 1438 728 80,
1493 677 1568 719 ubi
1620 677 1664 719 in

67 752 267 794 omnibus
317 750 534 792 codicibus
582 750 672 791 sine
719 750 807 791 ulla
853 750 1063 790 varietate
1109 749 1349 802 perscripta
1391 750 1491 789 sunt
1528 749 1663 794 verba

66 823 208 875 specie
231 822 397 870 Latina,
431 834 560 862 sensu
593 834 718 862 cassa
751 821 875 861 etiam
906 821 984 860 illa
1015 820 1195 860 materia
1225 819 1446 873 (equitatis,
1479 831 1557 860 nos
1591 832 1662 860 co-

66 893 171 934 dicis
203 892 473 945 palimpsesti
504 891 798 933 testimonium
831 890 1014 939 liabere3
1056 903 1306 943 quanquam
1339 902 1449 940 eam,
1491 889 1544 930 de
1577 902 1661 942 qua

65 963 134 1005 hic
166 976 260 1016 ago,
309 976 335 1003 a
377 964 602 1003 sententiae
643 965 685 1003 et
718 961 1002 1003 conclusionis
1035 961 1278 1013 argumenti
1310 960 1450 1001 forma
1482 960 1661 1002 aberra-

64 1034 225 1075 tionem
260 1033 390 1074 etiam
424 1033 670 1086 antiquiori,
704 1046 836 1085 quam
870 1032 942 1085 qui
975 1031 1166 1073 codicem
1188 1031 1309 1071 illum
1330 1031 1660 1084 palimpsestum

65 1105 247 1157 scripsit,
296 1104 471 1145 librario
515 1105 657 1145 minus
700 1106 866 1145 attento
910 1103 1105 1144 accidere
1147 1102 1339 1155 potuisse
1372 1101 1513 1142 credo.
1576 1101 1662 1142 Sed

64 1175 268 1229 quicquid
299 1174 343 1215 id
377 1177 454 1223 est,
488 1174 643 1215 saltem
675 1174 958 1227 aperiendum
992 1174 1231 1222 sententiae,
1266 1172 1402 1225 qualis
1435 1185 1550 1213 nunc
1582 1174 1659 1222 est,

64 1246 215 1287 vitium
257 1246 349 1295 fuit,
398 1245 433 1285 si
473 1244 577 1285 nihil
619 1244 749 1295 aliud,
797 1247 846 1285 ut
878 1258 930 1285 ex
970 1257 1020 1285 eo
1060 1243 1303 1284 criticorum
1343 1255 1511 1295 genere,
1546 1242 1662 1295 quod

62 1318 189 1367 nosti,
228 1316 403 1363 oriatur,
452 1316 525 1367 qui
556 1328 634 1356 nos
668 1315 833 1365 doceat,
882 1316 955 1365 ita,
1003 1316 1051 1355 ut
1082 1327 1196 1355 nunc
1228 1313 1439 1362 scribitur,
1488 1326 1661 1354 summa

64 1389 156 1428 arte
190 1390 232 1428 et
265 1385 583 1439 elegantissimo
616 1385 772 1427 iudicio
805 1386 1056 1427 Ciceronem
1091 1380 1374 1437 scripsisse.¹)

182 1457 291 1510 (Ibd.
317 1455 339 1508 ξ
366 1457 418 1496 27
444 1457 577 1497 miror
602 1457 921 1509 apertissimam
947 1455 1271 1497 annotationem
1304 1455 1377 1495 hoc
1409 1459 1465 1495 est
1489 1458 1660 1494 mortem

65 1529 312 1577 minaretur,
353 1528 396 1568 in
435 1541 520 1580 qua
552 1541 606 1568 ne
637 1527 818 1568 minima
850 1526 1023 1579 quidem
1057 1526 1291 1567 similitudo
1325 1528 1390 1566 est
1420 1525 1510 1566 veri
1543 1526 1659 1578 apud

63 1598 312 1640 Ciceronem
345 1611 449 1639 usus
489 1598 686 1640 formulae
731 1597 804 1637 hoc
846 1601 914 1646 est,
963 1596 1006 1637 in
1049 1599 1193 1638 vestro
1237 1597 1434 1649 exemplo
1477 1596 1659 1637 orationi

62 1670 268 1710 insertam
295 1681 402 1709 esse.
452 1669 599 1711 Cicero
625 1669 778 1710 saltem
803 1667 1064 1720 scripsisset:
1098 1668 1269 1719 vitalum,
1297 1667 1370 1707 hoc
1394 1671 1450 1707 est
1473 1671 1657 1717 mortem,

61 1741 310 1789 minaretur,
358 1753 445 1780 non
484 1739 666 1779 Verbum
706 1739 987 1793 geminasset;
1036 1738 1112 1778 sed
1151 1751 1375 1790 nunquam
1414 1738 1496 1779 hoc
1534 1737 1658 1779 addi-

63 1811 218 1860 disset,
257 1810 421 1851 malum
462 1823 486 1850 a
526 1822 584 1860 se,
634 1811 681 1850 ut
713 1809 802 1850 sere
835 1809 890 1850 ab
924 1808 1124 1850 omnibus
1158 1821 1329 1861 semper
1361 1809 1404 1848 in
1435 1808 1507 1848 illa
1540 1808 1657 1849 locu-

61 1881 190 1931 tione,
224 1881 454 1934 significari
485 1878 703 1932 mortem.)

179 1952 271 1992 Ibd.
300 1950 322 2003 §
351 1951 406 1992 39
439 1950 705 1991 absolvenda
738 1952 831 1991 erat
863 1950 1109 1991 emendatio
1141 1951 1257 1990 recte
1290 1949 1656 2001 interpungendo:

65 2022 176 2072 Quid
208 2021 335 2076 erqo?
368 2021 459 2062 Hoc
491 2035 617 2075 quam
648 2020 769 2062 habet
800 2022 896 2069 vim«,
930 2025 975 2061 ut
1006 2020 1165 2060 distare
1198 2019 1362 2074 aliquid
1393 2024 1467 2059 aut
1499 2033 1547 2059 ex
1579 2020 1657 2059 ali-

60 2106 144 2147 qua
168 2097 295 2146 parte
327 2091 501 2145 differre
543 2091 733 2132 rideatur
766 2090 969 2143 (barbare
1003 2090 1142 2131 dicas:
1191 2090 1247 2130 ad
1288 2089 1422 2130 ullam
1455 2089 1655 2130 differen-

60 2163 165 2204 tiam
199 2161 503 2215 efficiendam),
537 2167 678 2203 utrum
701 2185 756 2190 —
779 2166 865 2201 tum
898 2162 1083 2215 expellar
1105 2175 1152 2201 ac
1175 2160 1367 2212 deiiciar,
1402 2173 1459 2200 an
1481 2182 1537 2188 -—
1562 2165 1656 2200 ante

60 2238 320 2286 occurratur,
353 2247 403 2274 ue
434 2256 491 2260 —-
524 2233 718 2286 aspirare
742 2232 932 2286 possim?
980 2231 1089 2283 Quid
1130 2229 1342 2284 (inquam)
1382 2230 1456 2271 hoc
1495 2230 1546 2270 ab
1584 2231 1655 2271 illo

60 2303 218 2357 differt,
251 2309 296 2344 ut
326 2304 396 2344 ille
427 2308 599 2358 coyatur
632 2305 711 2344 cet.
746 2301 844 2355 (hoc
876 2304 941 2343 est
971 2302 1148 2343 iterum:
1193 2301 1249 2342 ad
1281 2301 1567 2351 efficiendum,
1608 2304 1656 2342 ut

60 2374 130 2415 ille
161 2372 249 2427 —).
312 2375 430 2415 Idem
465 2376 531 2414 est
562 2378 607 2413 ut
638 2373 948 2414 coniunctionis
986 2385 1090 2414 usus
1130 2386 1181 2413 ac
1221 2385 1354 2425 quum
1393 2371 1559 2421 dicitur,
1608 2375 1656 2413 ut

61 2444 223 2497 aliquid
254 2445 342 2494 fiat,
376 2445 457 2485 hac
490 2444 556 2485 vel
588 2444 661 2485 illa
692 2456 738 2484 re
771 2457 879 2496 opus
913 2456 1019 2493 esse,
1053 2444 1135 2484 hoc
1166 2443 1235 2484 vel
1255 2442 1361 2483 illud
1383 2442 1533 2483 deesse
1562 2442 1655 2495 (aut

61 2527 300 2568 superesse,
334 2516 417 2556 hoc
449 2517 514 2556 est
545 2512 741 2566 restare),
774 2514 893 2554 velut
925 2514 1041 2566 apud
1064 2513 1315 2555 Ciceronem
1347 2513 1503 2554 Parad.
1529 2513 1552 2565 ξ
1576 2514 1653 2554 45:

60 2587 128 2626 cui
159 2591 320 2626 tantum
353 2586 469 2634 desit,
509 2590 554 2625 ut
594 2585 754 2639 expleat
787 2583 857 2636 (ad
893 2582 1174 2637 explendum)
1217 2584 1276 2636 id,
1317 2584 1426 2638 quod
1464 2589 1651 2637 exoptas;

98 2769 126 2815 ¹)
152 2772 422 2806 Commentaria
448 2783 586 2813 eorum,
614 2771 676 2815 qui
701 2771 795 2805 hanc
813 2771 1014 2805 orationem
1034 2774 1261 2811 enarrarunt,
1288 2772 1364 2805 haec
1389 2772 1478 2805 mihi
1496 2772 1533 2805 in
1551 2772 1650 2805 char-

154 2834 228 2865 tam
256 2831 459 2865 conficienti
485 2831 529 2864 ad
556 2841 707 2864 manum
740 2841 812 2864 non
839 2833 952 2871 erant,
991 2833 1042 2871 ut,
1081 2841 1169 2864 num
1203 2831 1283 2875 quis
1315 2833 1399 2865 ante
1431 2841 1488 2863 me
1521 2830 1556 2863 in
1584 2831 1651 2863 hoc

154 2889 233 2923 loco
259 2890 418 2923 offensus
445 2893 549 2930 esset,
588 2889 690 2923 cuius
724 2888 904 2922 sententia
935 2888 972 2922 in
999 2888 1122 2923 Orellii
1155 2893 1321 2924 vestrove
1347 2889 1512 2932 exemplo
1538 2899 1651 2922 anno-

154 2951 231 2982 tata
256 2959 329 2982 non
356 2952 460 2990 esset,
487 2948 701 2992 ignorarem.
753 2947 829 2981 Hoc
857 2948 901 2981 de
927 2948 1054 2982 ceteris
1082 2959 1227 2992 quoque
1253 2949 1389 2982 dictum
1416 2947 1471 2981 sit.
