<?xml version="1.0" encoding="UTF-8"?>
<!DOCTYPE html PUBLIC "-//W3C//DTD XHTML 1.0 Transitional//EN"
    "http://www.w3.org/TR/xhtml1/DTD/xhtml1-transitional.dtd">
<html xmlns="http://www.w3.org/1999/xhtml" xml:lang="en" lang="en">
 <head>
  <title>
</title>
<meta http-equiv="Content-Type" content="text/html;charset=utf-8" />
  <meta name='ocr-system' content='tesseract 3.04.00' />
  <meta name='ocr-capabilities' content='ocr_page ocr_carea ocr_par ocr_line ocrx_word'/>
</head>
<body>
  <div class='ocr_page' id='page_1' title='image "./ionicolaimadvigi00madvuoft_0485.png"; bbox 0 0 1915 3235; ppageno 0'>
   <div class='ocr_carea' id='block_1_1' title="bbox 854 100 938 141">
    <p class='ocr_par' dir='ltr' id='par_1_1' title="bbox 854 100 938 141">
     <span class='ocr_line' id='line_1_1' title="bbox 854 100 938 141; baseline 0 0"><span class='ocrx_word' id='word_1_1' title='bbox 854 100 938 141; x_wconf 81' lang='lat'>461</span> 
     </span>
    </p>
   </div>
   <div class='ocr_carea' id='block_1_2' title="bbox 62 228 1692 2471">
    <p class='ocr_par' dir='ltr' id='par_1_2' title="bbox 62 228 1692 2471">
     <span class='ocr_line' id='line_1_2' title="bbox 102 228 1691 282; baseline 0.001 -12"><span class='ocrx_word' id='word_1_2' title='bbox 102 229 279 282; x_wconf 89' lang='lat' dir='ltr'>primus,</span> <span class='ocrx_word' id='word_1_3' title='bbox 312 230 356 269; x_wconf 91' lang='lat' dir='ltr'>ni</span> <span class='ocrx_word' id='word_1_4' title='bbox 396 228 531 278; x_wconf 85' lang='lat' dir='ltr'>fallor,</span> <span class='ocrx_word' id='word_1_5' title='bbox 574 229 687 276; x_wconf 89' lang='lat' dir='ltr'>dico;</span> <span class='ocrx_word' id='word_1_6' title='bbox 736 231 797 270; x_wconf 86' lang='lat' dir='ltr'>est</span> <span class='ocrx_word' id='word_1_7' title='bbox 839 230 952 270; x_wconf 90' lang='lat' dir='ltr'>enim</span> <span class='ocrx_word' id='word_1_8' title='bbox 994 230 1036 270; x_wconf 89' lang='lat' dir='ltr'>in</span> <span class='ocrx_word' id='word_1_9' title='bbox 1070 230 1328 272; x_wconf 76' lang='lat' dir='ltr'>editionibus</span> <span class='ocrx_word' id='word_1_10' title='bbox 1361 231 1501 272; x_wconf 88' lang='lat' dir='ltr'>Plauti</span> <span class='ocrx_word' id='word_1_11' title='bbox 1534 233 1577 272; x_wconf 88' lang='lat' dir='ltr'>et</span> <span class='ocrx_word' id='word_1_12' title='bbox 1609 231 1691 272; x_wconf 87' lang='lat' dir='ltr'>Te-</span> 
     </span>
     <span class='ocr_line' id='line_1_3' title="bbox 102 299 1692 354; baseline 0.003 -15"><span class='ocrx_word' id='word_1_13' title='bbox 102 301 227 340; x_wconf 87' lang='lat' dir='ltr'>rentii</span> <span class='ocrx_word' id='word_1_14' title='bbox 258 300 368 340; x_wconf 85' lang='lat' dir='ltr'>mira</span> <span class='ocrx_word' id='word_1_15' title='bbox 399 300 442 339; x_wconf 91' lang='lat' dir='ltr'>in</span> <span class='ocrx_word' id='word_1_16' title='bbox 480 299 561 339; x_wconf 87' lang='lat' dir='ltr'>hac</span> <span class='ocrx_word' id='word_1_17' title='bbox 603 312 648 339; x_wconf 86' lang='lat' dir='ltr'>re</span> <span class='ocrx_word' id='word_1_18' title='bbox 691 300 990 349; x_wconf 72' lang='lat' dir='ltr'>inconstantia,</span> <span class='ocrx_word' id='word_1_19' title='bbox 1039 301 1099 341; x_wconf 89' lang='lat' dir='ltr'>sic</span> <span class='ocrx_word' id='word_1_20' title='bbox 1140 304 1287 342; x_wconf 88' lang='lat' dir='ltr'>tamen</span> <span class='ocrx_word' id='word_1_21' title='bbox 1331 305 1595 354; x_wconf 86' lang='lat' dir='ltr'>comparata,</span> <span class='ocrx_word' id='word_1_22' title='bbox 1644 305 1692 343; x_wconf 90' lang='lat' dir='ltr'>ut</span> 
     </span>
     <span class='ocr_line' id='line_1_4' title="bbox 101 369 1691 424; baseline 0.002 -14"><span class='ocrx_word' id='word_1_23' title='bbox 101 369 303 411; x_wconf 81' lang='lat' dir='ltr'>facillime</span> <span class='ocrx_word' id='word_1_24' title='bbox 338 372 379 410; x_wconf 92' lang='lat' dir='ltr'>et</span> <span class='ocrx_word' id='word_1_25' title='bbox 413 369 649 410; x_wconf 76' lang='lat' dir='ltr'>certissime</span> <span class='ocrx_word' id='word_1_26' title='bbox 680 370 839 411; x_wconf 76' lang='lat' dir='ltr'>veritas</span> <span class='ocrx_word' id='word_1_27' title='bbox 872 373 1076 424; x_wconf 75' lang='lat' dir='ltr'>emergat.</span> <span class='ocrx_word' id='word_1_28' title='bbox 1139 371 1251 412; x_wconf 82' lang='lat' dir='ltr'>Nam</span> <span class='ocrx_word' id='word_1_29' title='bbox 1285 377 1326 413; x_wconf 91' lang='lat' dir='ltr'>et</span> <span class='ocrx_word' id='word_1_30' title='bbox 1355 371 1474 424; x_wconf 69' lang='lat' dir='ltr'>faxo,</span> <span class='ocrx_word' id='word_1_31' title='bbox 1514 373 1616 413; x_wconf 69' lang='lat' dir='ltr'>scies</span> <span class='ocrx_word' id='word_1_32' title='bbox 1649 375 1691 413; x_wconf 91' lang='lat' dir='ltr'>et</span> 
     </span>
     <span class='ocr_line' id='line_1_5' title="bbox 97 440 1690 495; baseline 0.002 -15"><span class='ocrx_word' id='word_1_33' title='bbox 97 440 216 493; x_wconf 65' lang='lat' dir='ltr'>faxo,</span> <span class='ocrx_word' id='word_1_34' title='bbox 264 441 374 481; x_wconf 66' lang='lat' dir='ltr'>scias</span> <span class='ocrx_word' id='word_1_35' title='bbox 406 443 448 481; x_wconf 90' lang='lat' dir='ltr'>et</span> <span class='ocrx_word' id='word_1_36' title='bbox 477 440 595 493; x_wconf 62' lang='lat' dir='ltr'>faro,</span> <span class='ocrx_word' id='word_1_37' title='bbox 644 440 754 481; x_wconf 73' lang='lat' dir='ltr'>dices</span> <span class='ocrx_word' id='word_1_38' title='bbox 787 444 828 481; x_wconf 92' lang='lat' dir='ltr'>et</span> <span class='ocrx_word' id='word_1_39' title='bbox 857 440 975 494; x_wconf 63' lang='lat' dir='ltr'>faxo,</span> <span class='ocrx_word' id='word_1_40' title='bbox 1025 441 1141 483; x_wconf 60' lang='lat' dir='ltr'>(liras</span> <span class='ocrx_word' id='word_1_41' title='bbox 1181 443 1298 483; x_wconf 88' lang='lat' dir='ltr'>nullo</span> <span class='ocrx_word' id='word_1_42' title='bbox 1331 443 1576 483; x_wconf 81' lang='lat' dir='ltr'>discrimine</span> <span class='ocrx_word' id='word_1_43' title='bbox 1608 443 1690 495; x_wconf 82' lang='lat' dir='ltr'>legi</span> 
     </span>
     <span class='ocr_line' id='line_1_6' title="bbox 99 511 1689 565; baseline 0.001 -13"><span class='ocrx_word' id='word_1_44' title='bbox 99 511 281 552; x_wconf 78' lang='lat' dir='ltr'>videtur.</span> <span class='ocrx_word' id='word_1_45' title='bbox 328 511 417 552; x_wconf 80' lang='lat' dir='ltr'>Nec</span> <span class='ocrx_word' id='word_1_46' title='bbox 448 511 529 552; x_wconf 93' lang='lat' dir='ltr'>hoc</span> <span class='ocrx_word' id='word_1_47' title='bbox 561 511 665 552; x_wconf 89' lang='lat' dir='ltr'>satis</span> <span class='ocrx_word' id='word_1_48' title='bbox 699 511 943 552; x_wconf 85' lang='lat' dir='ltr'>defenditur</span> <span class='ocrx_word' id='word_1_49' title='bbox 976 513 1297 565; x_wconf 87' lang='lat' dir='ltr'>comparatione</span> <span class='ocrx_word' id='word_1_50' title='bbox 1331 526 1434 554; x_wconf 90' lang='lat' dir='ltr'>usus</span> <span class='ocrx_word' id='word_1_51' title='bbox 1462 513 1689 554; x_wconf 87' lang='lat' dir='ltr'>modorum</span> 
     </span>
     <span class='ocr_line' id='line_1_7' title="bbox 99 581 1689 636; baseline 0.001 -14"><span class='ocrx_word' id='word_1_52' title='bbox 99 581 142 622; x_wconf 90' lang='lat' dir='ltr'>in</span> <span class='ocrx_word' id='word_1_53' title='bbox 173 581 580 634; x_wconf 75' lang='lat' dir='ltr'>interrogationibus</span> <span class='ocrx_word' id='word_1_54' title='bbox 605 581 894 634; x_wconf 84' lang='lat' dir='ltr'>pendentibus</span> <span class='ocrx_word' id='word_1_55' title='bbox 924 583 1114 624; x_wconf 88' lang='lat' dir='ltr'>nondum</span> <span class='ocrx_word' id='word_1_56' title='bbox 1146 583 1250 624; x_wconf 88' lang='lat' dir='ltr'>satis</span> <span class='ocrx_word' id='word_1_57' title='bbox 1281 583 1500 624; x_wconf 86' lang='lat' dir='ltr'>constituti</span> <span class='ocrx_word' id='word_1_58' title='bbox 1534 582 1689 636; x_wconf 85' lang='lat' dir='ltr'>(quan-</span> 
     </span>
     <span class='ocr_line' id='line_1_8' title="bbox 100 652 1689 706; baseline 0.001 -13"><span class='ocrx_word' id='word_1_59' title='bbox 100 665 231 705; x_wconf 88' lang='lat' dir='ltr'>quam</span> <span class='ocrx_word' id='word_1_60' title='bbox 262 652 297 693; x_wconf 87' lang='lat' dir='ltr'>is</span> <span class='ocrx_word' id='word_1_61' title='bbox 331 653 504 705; x_wconf 87' lang='lat' dir='ltr'>quidem</span> <span class='ocrx_word' id='word_1_62' title='bbox 536 652 745 693; x_wconf 87' lang='lat' dir='ltr'>hactenus</span> <span class='ocrx_word' id='word_1_63' title='bbox 789 655 970 702; x_wconf 91' lang='lat' dir='ltr'>constat,</span> <span class='ocrx_word' id='word_1_64' title='bbox 1019 656 1066 693; x_wconf 93' lang='lat' dir='ltr'>ut</span> <span class='ocrx_word' id='word_1_65' title='bbox 1105 653 1231 706; x_wconf 87' lang='lat' dir='ltr'>plane</span> <span class='ocrx_word' id='word_1_66' title='bbox 1272 656 1447 706; x_wconf 90' lang='lat' dir='ltr'>superet</span> <span class='ocrx_word' id='word_1_67' title='bbox 1487 654 1689 695; x_wconf 89' lang='lat' dir='ltr'>coniunc-</span> 
     </span>
     <span class='ocr_line' id='line_1_9' title="bbox 98 721 1689 777; baseline 0.001 -14"><span class='ocrx_word' id='word_1_68' title='bbox 98 721 248 775; x_wconf 80' lang='lat' dir='ltr'>tivus);</span> <span class='ocrx_word' id='word_1_69' title='bbox 281 724 325 763; x_wconf 89' lang='lat' dir='ltr'>in</span> <span class='ocrx_word' id='word_1_70' title='bbox 346 725 436 763; x_wconf 89' lang='lat' dir='ltr'>tam</span> <span class='ocrx_word' id='word_1_71' title='bbox 459 723 687 775; x_wconf 87' lang='lat' dir='ltr'>perspicua</span> <span class='ocrx_word' id='word_1_72' title='bbox 709 723 823 763; x_wconf 90' lang='lat' dir='ltr'>enim</span> <span class='ocrx_word' id='word_1_73' title='bbox 847 722 1119 773; x_wconf 87' lang='lat' dir='ltr'>diiunctione,</span> <span class='ocrx_word' id='word_1_74' title='bbox 1154 726 1202 764; x_wconf 90' lang='lat' dir='ltr'>ut</span> <span class='ocrx_word' id='word_1_75' title='bbox 1224 726 1299 765; x_wconf 91' lang='lat' dir='ltr'>aut</span> <span class='ocrx_word' id='word_1_76' title='bbox 1329 724 1689 777; x_wconf 82' lang='lat' dir='ltr'>coniungerentur</span> 
     </span>
     <span class='ocr_line' id='line_1_10' title="bbox 99 793 1688 846; baseline 0.001 -12"><span class='ocrx_word' id='word_1_77' title='bbox 99 793 183 835; x_wconf 90' lang='lat' dir='ltr'>duo</span> <span class='ocrx_word' id='word_1_78' title='bbox 215 794 349 834; x_wconf 72' lang='lat' dir='ltr'>Verba</span> <span class='ocrx_word' id='word_1_79' title='bbox 380 794 500 834; x_wconf 79' lang='lat' dir='ltr'>iuxta</span> <span class='ocrx_word' id='word_1_80' title='bbox 532 794 672 846; x_wconf 89' lang='lat' dir='ltr'>posita</span> <span class='ocrx_word' id='word_1_81' title='bbox 706 795 781 834; x_wconf 85' lang='lat' dir='ltr'>aut</span> <span class='ocrx_word' id='word_1_82' title='bbox 812 793 996 834; x_wconf 85' lang='lat' dir='ltr'>alterum</span> <span class='ocrx_word' id='word_1_83' title='bbox 1035 794 1157 834; x_wconf 88' lang='lat' dir='ltr'>alteri</span> <span class='ocrx_word' id='word_1_84' title='bbox 1191 794 1354 835; x_wconf 90' lang='lat' dir='ltr'>directa</span> <span class='ocrx_word' id='word_1_85' title='bbox 1385 795 1551 836; x_wconf 91' lang='lat' dir='ltr'>ratione</span> <span class='ocrx_word' id='word_1_86' title='bbox 1583 796 1688 836; x_wconf 90' lang='lat' dir='ltr'>sub-</span> 
     </span>
     <span class='ocr_line' id='line_1_11' title="bbox 97 863 1687 918; baseline 0.001 -13"><span class='ocrx_word' id='word_1_87' title='bbox 97 864 364 917; x_wconf 82' lang='lat' dir='ltr'>iungeretur,</span> <span class='ocrx_word' id='word_1_88' title='bbox 420 865 490 904; x_wconf 74' lang='lat' dir='ltr'>vix</span> <span class='ocrx_word' id='word_1_89' title='bbox 544 863 744 904; x_wconf 76' lang='lat' dir='ltr'>videntur</span> <span class='ocrx_word' id='word_1_90' title='bbox 797 863 926 904; x_wconf 89' lang='lat' dir='ltr'>iidem</span> <span class='ocrx_word' id='word_1_91' title='bbox 982 864 1211 917; x_wconf 83' lang='lat' dir='ltr'>scriptores</span> <span class='ocrx_word' id='word_1_92' title='bbox 1260 865 1377 906; x_wconf 91' lang='lat' dir='ltr'>casui</span> <span class='ocrx_word' id='word_1_93' title='bbox 1426 865 1687 918; x_wconf 77' lang='lat' dir='ltr'>permisisse,</span> 
     </span>
     <span class='ocr_line' id='line_1_12' title="bbox 96 934 1687 988; baseline 0.001 -13"><span class='ocrx_word' id='word_1_94' title='bbox 96 937 241 975; x_wconf 89' lang='lat' dir='ltr'>utrum</span> <span class='ocrx_word' id='word_1_95' title='bbox 272 934 389 987; x_wconf 65' lang='lat' dir='ltr'>faxo,</span> <span class='ocrx_word' id='word_1_96' title='bbox 438 934 548 975; x_wconf 72' lang='lat' dir='ltr'>(lices</span> <span class='ocrx_word' id='word_1_97' title='bbox 587 947 643 975; x_wconf 92' lang='lat' dir='ltr'>an</span> <span class='ocrx_word' id='word_1_98' title='bbox 679 934 797 986; x_wconf 65' lang='lat' dir='ltr'>faxo,</span> <span class='ocrx_word' id='word_1_99' title='bbox 846 934 964 975; x_wconf 72' lang='lat' dir='ltr'>dicas</span> <span class='ocrx_word' id='word_1_100' title='bbox 1002 938 1225 987; x_wconf 82' lang='lat' dir='ltr'>ponerent,</span> <span class='ocrx_word' id='word_1_101' title='bbox 1275 949 1408 988; x_wconf 85' lang='lat' dir='ltr'>quum</span> <span class='ocrx_word' id='word_1_102' title='bbox 1447 936 1687 988; x_wconf 81' lang='lat' dir='ltr'>praesertim</span> 
     </span>
     <span class='ocr_line' id='line_1_13' title="bbox 95 1003 1687 1061; baseline 0.001 -16"><span class='ocrx_word' id='word_1_103' title='bbox 95 1018 317 1061; x_wconf 84' lang='lat' dir='ltr'>nunquam</span> <span class='ocrx_word' id='word_1_104' title='bbox 352 1004 599 1057; x_wconf 79' lang='lat' dir='ltr'>scripserint</span> <span class='ocrx_word' id='word_1_105' title='bbox 630 1003 806 1057; x_wconf 69' lang='lat' dir='ltr'>faciam,</span> <span class='ocrx_word' id='word_1_106' title='bbox 840 1006 954 1054; x_wconf 65' lang='lat' dir='ltr'>scies,</span> <span class='ocrx_word' id='word_1_107' title='bbox 996 1005 1073 1046; x_wconf 91' lang='lat' dir='ltr'>sed</span> <span class='ocrx_word' id='word_1_108' title='bbox 1106 1006 1472 1047; x_wconf 77' lang='lat' dir='ltr'>constantissime:</span> <span class='ocrx_word' id='word_1_109' title='bbox 1511 1006 1687 1058; x_wconf 76' lang='lat' dir='ltr'>faciam,</span> 
     </span>
     <span class='ocr_line' id='line_1_14' title="bbox 96 1075 1688 1129; baseline 0.001 -14"><span class='ocrx_word' id='word_1_110' title='bbox 96 1080 139 1116; x_wconf 73' lang='lat' dir='ltr'>ut</span> <span class='ocrx_word' id='word_1_111' title='bbox 170 1076 292 1116; x_wconf 66' lang='lat' dir='ltr'>scias.</span> <span class='ocrx_word' id='word_1_112' title='bbox 354 1075 446 1116; x_wconf 91' lang='lat' dir='ltr'>Iam</span> <span class='ocrx_word' id='word_1_113' title='bbox 478 1076 512 1116; x_wconf 84' lang='lat' dir='ltr'>si</span> <span class='ocrx_word' id='word_1_114' title='bbox 546 1075 639 1128; x_wconf 84' lang='lat' dir='ltr'>quis</span> <span class='ocrx_word' id='word_1_115' title='bbox 679 1075 795 1116; x_wconf 91' lang='lat' dir='ltr'>locos</span> <span class='ocrx_word' id='word_1_116' title='bbox 837 1078 1008 1116; x_wconf 87' lang='lat' dir='ltr'>tantum</span> <span class='ocrx_word' id='word_1_117' title='bbox 1048 1077 1298 1119; x_wconf 88' lang='lat' dir='ltr'>numerarit.</span> <span class='ocrx_word' id='word_1_118' title='bbox 1348 1077 1382 1117; x_wconf 86' lang='lat' dir='ltr'>si</span> <span class='ocrx_word' id='word_1_119' title='bbox 1422 1089 1597 1129; x_wconf 90' lang='lat' dir='ltr'>paucos,</span> <span class='ocrx_word' id='word_1_120' title='bbox 1646 1077 1688 1117; x_wconf 82' lang='lat' dir='ltr'>in</span> 
     </span>
     <span class='ocr_line' id='line_1_15' title="bbox 95 1146 1687 1200; baseline 0.001 -13"><span class='ocrx_word' id='word_1_121' title='bbox 95 1146 250 1199; x_wconf 86' lang='lat' dir='ltr'>quibus</span> <span class='ocrx_word' id='word_1_122' title='bbox 284 1146 501 1200; x_wconf 86' lang='lat' dir='ltr'>discrepat</span> <span class='ocrx_word' id='word_1_123' title='bbox 532 1147 757 1199; x_wconf 90' lang='lat' dir='ltr'>scriptura,</span> <span class='ocrx_word' id='word_1_124' title='bbox 801 1146 1028 1198; x_wconf 71' lang='lat' dir='ltr'>exceperit,</span> <span class='ocrx_word' id='word_1_125' title='bbox 1063 1147 1179 1199; x_wconf 88' lang='lat' dir='ltr'>apud</span> <span class='ocrx_word' id='word_1_126' title='bbox 1211 1147 1414 1188; x_wconf 85' lang='lat' dir='ltr'>Plautum</span> <span class='ocrx_word' id='word_1_127' title='bbox 1448 1149 1490 1188; x_wconf 90' lang='lat' dir='ltr'>et</span> <span class='ocrx_word' id='word_1_128' title='bbox 1523 1148 1687 1188; x_wconf 87' lang='lat' dir='ltr'>Teren-</span> 
     </span>
     <span class='ocr_line' id='line_1_16' title="bbox 94 1216 1686 1270; baseline 0 -12"><span class='ocrx_word' id='word_1_129' title='bbox 94 1216 201 1258; x_wconf 90' lang='lat' dir='ltr'>tium</span> <span class='ocrx_word' id='word_1_130' title='bbox 236 1217 419 1270; x_wconf 90' lang='lat' dir='ltr'>amplius</span> <span class='ocrx_word' id='word_1_131' title='bbox 453 1217 763 1270; x_wconf 80' lang='lat' dir='ltr'>quinquaginta</span> <span class='ocrx_word' id='word_1_132' title='bbox 794 1216 897 1258; x_wconf 91' lang='lat' dir='ltr'>locis</span> <span class='ocrx_word' id='word_1_133' title='bbox 930 1216 1211 1257; x_wconf 69' lang='lat' dir='ltr'>indicativum</span> <span class='ocrx_word' id='word_1_134' title='bbox 1238 1218 1423 1270; x_wconf 87' lang='lat' dir='ltr'>reperiet</span> <span class='ocrx_word' id='word_1_135' title='bbox 1449 1221 1547 1270; x_wconf 90' lang='lat' dir='ltr'>post</span> <span class='ocrx_word' id='word_1_136' title='bbox 1568 1218 1686 1270; x_wconf 63' lang='lat' dir='ltr'>faxo,</span> 
     </span>
     <span class='ocr_line' id='line_1_17' title="bbox 95 1287 1685 1340; baseline 0.001 -12"><span class='ocrx_word' id='word_1_137' title='bbox 95 1288 411 1329; x_wconf 82' lang='lat' dir='ltr'>coniunctivum</span> <span class='ocrx_word' id='word_1_138' title='bbox 460 1288 626 1329; x_wconf 88' lang='lat' dir='ltr'>circiter</span> <span class='ocrx_word' id='word_1_139' title='bbox 672 1287 874 1329; x_wconf 85' lang='lat' dir='ltr'>sedecim.</span> <span class='ocrx_word' id='word_1_140' title='bbox 947 1287 1137 1337; x_wconf 82' lang='lat' dir='ltr'>Accedit,</span> <span class='ocrx_word' id='word_1_141' title='bbox 1187 1288 1303 1340; x_wconf 80' lang='lat' dir='ltr'>quod</span> <span class='ocrx_word' id='word_1_142' title='bbox 1349 1288 1472 1329; x_wconf 84' lang='lat' dir='ltr'>facile</span> <span class='ocrx_word' id='word_1_143' title='bbox 1522 1289 1685 1335; x_wconf 76' lang='lat' dir='ltr'>credas,</span> 
     </span>
     <span class='ocr_line' id='line_1_18' title="bbox 94 1358 1688 1401; baseline 0.001 -3"><span class='ocrx_word' id='word_1_144' title='bbox 94 1358 289 1399; x_wconf 85' lang='lat' dir='ltr'>librarios</span> <span class='ocrx_word' id='word_1_145' title='bbox 337 1359 609 1400; x_wconf 87' lang='lat' dir='ltr'>insolentiam</span> <span class='ocrx_word' id='word_1_146' title='bbox 656 1358 811 1399; x_wconf 72' lang='lat' dir='ltr'>Veteris</span> <span class='ocrx_word' id='word_1_147' title='bbox 852 1358 1062 1399; x_wconf 87' lang='lat' dir='ltr'>sermonis</span> <span class='ocrx_word' id='word_1_148' title='bbox 1103 1358 1312 1400; x_wconf 89' lang='lat' dir='ltr'>mutando</span> <span class='ocrx_word' id='word_1_149' title='bbox 1354 1359 1599 1400; x_wconf 77' lang='lat' dir='ltr'>traduxisse</span> <span class='ocrx_word' id='word_1_150' title='bbox 1631 1360 1688 1401; x_wconf 90' lang='lat' dir='ltr'>ad</span> 
     </span>
     <span class='ocr_line' id='line_1_19' title="bbox 94 1429 1687 1483; baseline 0.001 -13"><span class='ocrx_word' id='word_1_151' title='bbox 94 1442 191 1470; x_wconf 89' lang='lat' dir='ltr'>eam</span> <span class='ocrx_word' id='word_1_152' title='bbox 222 1429 448 1479; x_wconf 89' lang='lat' dir='ltr'>rationem,</span> <span class='ocrx_word' id='word_1_153' title='bbox 498 1443 594 1482; x_wconf 76' lang='lat' dir='ltr'>quae</span> <span class='ocrx_word' id='word_1_154' title='bbox 635 1432 677 1470; x_wconf 91' lang='lat' dir='ltr'>et</span> <span class='ocrx_word' id='word_1_155' title='bbox 715 1429 809 1482; x_wconf 92' lang='lat' dir='ltr'>ipsa</span> <span class='ocrx_word' id='word_1_156' title='bbox 847 1442 925 1481; x_wconf 89' lang='lat' dir='ltr'>per</span> <span class='ocrx_word' id='word_1_157' title='bbox 964 1441 1009 1469; x_wconf 88' lang='lat' dir='ltr'>se</span> <span class='ocrx_word' id='word_1_158' title='bbox 1042 1431 1286 1470; x_wconf 86' lang='lat' dir='ltr'>occurreret</span> <span class='ocrx_word' id='word_1_159' title='bbox 1318 1430 1462 1470; x_wconf 88' lang='lat' dir='ltr'>animo</span> <span class='ocrx_word' id='word_1_160' title='bbox 1496 1432 1538 1470; x_wconf 91' lang='lat' dir='ltr'>et</span> <span class='ocrx_word' id='word_1_161' title='bbox 1570 1431 1687 1483; x_wconf 88' lang='lat' dir='ltr'>apud</span> 
     </span>
     <span class='ocr_line' id='line_1_20' title="bbox 92 1499 1687 1553; baseline 0.002 -14"><span class='ocrx_word' id='word_1_162' title='bbox 92 1500 326 1553; x_wconf 80' lang='lat' dir='ltr'>Virgilium,</span> <span class='ocrx_word' id='word_1_163' title='bbox 361 1499 575 1550; x_wconf 74' lang='lat' dir='ltr'>Ovidium,</span> <span class='ocrx_word' id='word_1_164' title='bbox 609 1501 776 1540; x_wconf 77' lang='lat' dir='ltr'>Livium</span> <span class='ocrx_word' id='word_1_165' title='bbox 809 1499 901 1540; x_wconf 88' lang='lat' dir='ltr'>sola</span> <span class='ocrx_word' id='word_1_166' title='bbox 934 1502 1049 1540; x_wconf 89' lang='lat' dir='ltr'>esset</span> <span class='ocrx_word' id='word_1_167' title='bbox 1081 1500 1260 1548; x_wconf 78' lang='lat' dir='ltr'>usitata3</span> <span class='ocrx_word' id='word_1_168' title='bbox 1293 1500 1337 1541; x_wconf 89' lang='lat' dir='ltr'>hi</span> <span class='ocrx_word' id='word_1_169' title='bbox 1370 1500 1484 1541; x_wconf 87' lang='lat' dir='ltr'>enim</span> <span class='ocrx_word' id='word_1_170' title='bbox 1514 1514 1687 1553; x_wconf 83' lang='lat' dir='ltr'>semper</span> 
     </span>
     <span class='ocr_line' id='line_1_21' title="bbox 96 1570 1685 1623; baseline 0 -11"><span class='ocrx_word' id='word_1_171' title='bbox 96 1571 433 1621; x_wconf 76' lang='lat' dir='ltr'>coniunctivum,</span> <span class='ocrx_word' id='word_1_172' title='bbox 482 1571 571 1611; x_wconf 74' lang='lat' dir='ltr'>sive</span> <span class='ocrx_word' id='word_1_173' title='bbox 619 1571 767 1611; x_wconf 87' lang='lat' dir='ltr'>addita</span> <span class='ocrx_word' id='word_1_174' title='bbox 815 1570 904 1611; x_wconf 78' lang='lat' dir='ltr'>sive</span> <span class='ocrx_word' id='word_1_175' title='bbox 952 1570 1112 1611; x_wconf 86' lang='lat' dir='ltr'>omissa</span> <span class='ocrx_word' id='word_1_176' title='bbox 1159 1570 1391 1623; x_wconf 88' lang='lat' dir='ltr'>particula,</span> <span class='ocrx_word' id='word_1_177' title='bbox 1440 1571 1685 1612; x_wconf 84' lang='lat' dir='ltr'>subiiciunt.</span> 
     </span>
     <span class='ocr_line' id='line_1_22' title="bbox 62 1640 1684 1694; baseline 0.001 -13"><span class='ocrx_word' id='word_1_178' title='bbox 62 1640 203 1694; x_wconf 81' lang='lat' dir='ltr'>&#39;(Vid.</span> <span class='ocrx_word' id='word_1_179' title='bbox 237 1642 391 1683; x_wconf 86' lang='lat' dir='ltr'>Schell.</span> <span class='ocrx_word' id='word_1_180' title='bbox 425 1644 467 1683; x_wconf 93' lang='lat' dir='ltr'>et</span> <span class='ocrx_word' id='word_1_181' title='bbox 499 1640 694 1694; x_wconf 77' lang='lat' dir='ltr'>ForcelL)</span> <span class='ocrx_word' id='word_1_182' title='bbox 756 1641 844 1682; x_wconf 77' lang='lat' dir='ltr'>Nec</span> <span class='ocrx_word' id='word_1_183' title='bbox 884 1641 927 1681; x_wconf 92' lang='lat' dir='ltr'>id</span> <span class='ocrx_word' id='word_1_184' title='bbox 968 1641 1022 1681; x_wconf 91' lang='lat' dir='ltr'>ab</span> <span class='ocrx_word' id='word_1_185' title='bbox 1061 1642 1143 1682; x_wconf 84' lang='lat' dir='ltr'>hac</span> <span class='ocrx_word' id='word_1_186' title='bbox 1182 1642 1425 1693; x_wconf 89' lang='lat' dir='ltr'>suspicione</span> <span class='ocrx_word' id='word_1_187' title='bbox 1467 1641 1684 1691; x_wconf 81' lang='lat' dir='ltr'>abhorret,</span> 
     </span>
     <span class='ocr_line' id='line_1_23' title="bbox 93 1712 1684 1765; baseline 0 -12"><span class='ocrx_word' id='word_1_188' title='bbox 93 1712 208 1764; x_wconf 84' lang='lat' dir='ltr'>quod</span> <span class='ocrx_word' id='word_1_189' title='bbox 239 1725 324 1753; x_wconf 91' lang='lat' dir='ltr'>uno</span> <span class='ocrx_word' id='word_1_190' title='bbox 358 1713 532 1753; x_wconf 90' lang='lat' dir='ltr'>omnino</span> <span class='ocrx_word' id='word_1_191' title='bbox 565 1713 657 1753; x_wconf 91' lang='lat' dir='ltr'>loco</span> <span class='ocrx_word' id='word_1_192' title='bbox 690 1713 732 1753; x_wconf 91' lang='lat' dir='ltr'>in</span> <span class='ocrx_word' id='word_1_193' title='bbox 766 1713 966 1754; x_wconf 87' lang='lat' dir='ltr'>omnibus</span> <span class='ocrx_word' id='word_1_194' title='bbox 990 1712 1132 1752; x_wconf 89' lang='lat' dir='ltr'>Plauti</span> <span class='ocrx_word' id='word_1_195' title='bbox 1166 1712 1387 1753; x_wconf 88' lang='lat' dir='ltr'>comoediis</span> <span class='ocrx_word' id='word_1_196' title='bbox 1421 1713 1552 1753; x_wconf 89' lang='lat' dir='ltr'>etiam</span> <span class='ocrx_word' id='word_1_197' title='bbox 1584 1725 1684 1765; x_wconf 87' lang='lat' dir='ltr'>par-</span> 
     </span>
     <span class='ocr_line' id='line_1_24' title="bbox 91 1780 1684 1835; baseline 0 -12"><span class='ocrx_word' id='word_1_198' title='bbox 91 1782 267 1823; x_wconf 85' lang='lat' dir='ltr'>ticulam</span> <span class='ocrx_word' id='word_1_199' title='bbox 299 1783 461 1824; x_wconf 88' lang='lat' dir='ltr'>librarii</span> <span class='ocrx_word' id='word_1_200' title='bbox 494 1780 814 1834; x_wconf 83' lang='lat' dir='ltr'>addiderunt.¹)</span> <span class='ocrx_word' id='word_1_201' title='bbox 878 1783 1036 1823; x_wconf 87' lang='lat' dir='ltr'>Verum</span> <span class='ocrx_word' id='word_1_202' title='bbox 1069 1783 1162 1823; x_wconf 79' lang='lat' dir='ltr'>haec</span> <span class='ocrx_word' id='word_1_203' title='bbox 1201 1783 1346 1823; x_wconf 88' lang='lat' dir='ltr'>omnia</span> <span class='ocrx_word' id='word_1_204' title='bbox 1385 1782 1549 1823; x_wconf 80' lang='lat' dir='ltr'>incerta</span> <span class='ocrx_word' id='word_1_205' title='bbox 1590 1783 1684 1835; x_wconf 87' lang='lat' dir='ltr'>quis</span> 
     </span>
     <span class='ocr_line' id='line_1_25' title="bbox 92 1853 1683 1905; baseline 0 -11"><span class='ocrx_word' id='word_1_206' title='bbox 92 1853 226 1896; x_wconf 86' lang='lat' dir='ltr'>dicat:</span> <span class='ocrx_word' id='word_1_207' title='bbox 279 1853 384 1894; x_wconf 90' lang='lat' dir='ltr'>illud</span> <span class='ocrx_word' id='word_1_208' title='bbox 437 1854 723 1895; x_wconf 90' lang='lat' dir='ltr'>certissimum</span> <span class='ocrx_word' id='word_1_209' title='bbox 773 1856 838 1894; x_wconf 90' lang='lat' dir='ltr'>est</span> <span class='ocrx_word' id='word_1_210' title='bbox 885 1866 1144 1905; x_wconf 85' lang='lat' dir='ltr'>omnemque</span> <span class='ocrx_word' id='word_1_211' title='bbox 1191 1853 1301 1894; x_wconf 88' lang='lat' dir='ltr'>tollit</span> <span class='ocrx_word' id='word_1_212' title='bbox 1349 1853 1683 1901; x_wconf 75' lang='lat' dir='ltr'>dubitationem3</span> 
     </span>
     <span class='ocr_line' id='line_1_26' title="bbox 92 1923 1685 1977; baseline 0 -12"><span class='ocrx_word' id='word_1_213' title='bbox 92 1924 337 1977; x_wconf 84' lang='lat' dir='ltr'>ubicunque</span> <span class='ocrx_word' id='word_1_214' title='bbox 370 1924 483 1965; x_wconf 88' lang='lat' dir='ltr'>enim</span> <span class='ocrx_word' id='word_1_215' title='bbox 516 1924 691 1977; x_wconf 87' lang='lat' dir='ltr'>syllabis</span> <span class='ocrx_word' id='word_1_216' title='bbox 732 1927 774 1965; x_wconf 88' lang='lat' dir='ltr'>et</span> <span class='ocrx_word' id='word_1_217' title='bbox 805 1937 1021 1972; x_wconf 84' lang='lat' dir='ltr'>mensura,</span> <span class='ocrx_word' id='word_1_218' title='bbox 1070 1937 1156 1964; x_wconf 90' lang='lat' dir='ltr'>non</span> <span class='ocrx_word' id='word_1_219' title='bbox 1199 1924 1289 1964; x_wconf 88' lang='lat' dir='ltr'>sola</span> <span class='ocrx_word' id='word_1_220' title='bbox 1331 1923 1485 1964; x_wconf 69' lang='lat' dir='ltr'>litterae</span> <span class='ocrx_word' id='word_1_221' title='bbox 1526 1938 1550 1964; x_wconf 82' lang='grc' dir='ltr'><em>α</em></span> <span class='ocrx_word' id='word_1_222' title='bbox 1592 1926 1634 1965; x_wconf 90' lang='lat' dir='ltr'>et</span> <span class='ocrx_word' id='word_1_223' title='bbox 1666 1938 1685 1964; x_wconf 79' lang='lat' dir='ltr'>e</span> 
     </span>
     <span class='ocr_line' id='line_1_27' title="bbox 91 1994 1683 2048; baseline -0.001 -12"><span class='ocrx_word' id='word_1_224' title='bbox 91 1996 421 2048; x_wconf 75' lang='lat' dir='ltr'>permutatione,</span> <span class='ocrx_word' id='word_1_225' title='bbox 463 2008 488 2036; x_wconf 89' lang='lat' dir='ltr'>a</span> <span class='ocrx_word' id='word_1_226' title='bbox 528 1994 796 2036; x_wconf 76' lang='lat' dir='ltr'>coniunctivo</span> <span class='ocrx_word' id='word_1_227' title='bbox 829 1995 1054 2047; x_wconf 79' lang='lat' dir='ltr'>praesentis</span> <span class='ocrx_word' id='word_1_228' title='bbox 1089 1995 1294 2046; x_wconf 90' lang='lat' dir='ltr'>temporis</span> <span class='ocrx_word' id='word_1_229' title='bbox 1327 1994 1458 2035; x_wconf 87' lang='lat' dir='ltr'>distat</span> <span class='ocrx_word' id='word_1_230' title='bbox 1490 1994 1683 2035; x_wconf 86' lang='lat' dir='ltr'>futurum</span> 
     </span>
     <span class='ocr_line' id='line_1_28' title="bbox 90 2064 1680 2118; baseline 0 -12"><span class='ocrx_word' id='word_1_231' title='bbox 90 2065 322 2115; x_wconf 74' lang='lat' dir='ltr'>indicativi,</span> <span class='ocrx_word' id='word_1_232' title='bbox 356 2069 404 2106; x_wconf 92' lang='lat' dir='ltr'>ut</span> <span class='ocrx_word' id='word_1_233' title='bbox 434 2078 573 2118; x_wconf 85' lang='lat' dir='ltr'>neque</span> <span class='ocrx_word' id='word_1_234' title='bbox 608 2078 750 2106; x_wconf 88' lang='lat' dir='ltr'>errore</span> <span class='ocrx_word' id='word_1_235' title='bbox 784 2065 945 2105; x_wconf 88' lang='lat' dir='ltr'>librarii</span> <span class='ocrx_word' id='word_1_236' title='bbox 977 2077 1117 2116; x_wconf 83' lang='lat' dir='ltr'>neque</span> <span class='ocrx_word' id='word_1_237' title='bbox 1149 2064 1484 2117; x_wconf 88' lang='lat' dir='ltr'>interpolatione·</span> <span class='ocrx_word' id='word_1_238' title='bbox 1512 2065 1680 2106; x_wconf 90' lang='lat' dir='ltr'>oblitte-</span> 
     </span>
     <span class='ocr_line' id='line_1_29' title="bbox 90 2135 1680 2188; baseline -0.001 -11"><span class='ocrx_word' id='word_1_239' title='bbox 90 2137 175 2177; x_wconf 88' lang='lat' dir='ltr'>rari</span> <span class='ocrx_word' id='word_1_240' title='bbox 207 2149 357 2177; x_wconf 72' lang='lat' dir='ltr'>verum</span> <span class='ocrx_word' id='word_1_241' title='bbox 390 2137 589 2188; x_wconf 89' lang='lat' dir='ltr'>potuerit,</span> <span class='ocrx_word' id='word_1_242' title='bbox 622 2136 682 2176; x_wconf 88' lang='lat' dir='ltr'>ita</span> <span class='ocrx_word' id='word_1_243' title='bbox 716 2138 963 2176; x_wconf 86' lang='lat' dir='ltr'>constanter</span> <span class='ocrx_word' id='word_1_244' title='bbox 995 2135 1188 2176; x_wconf 88' lang='lat' dir='ltr'>futurum</span> <span class='ocrx_word' id='word_1_245' title='bbox 1220 2135 1438 2176; x_wconf 73' lang='lat' dir='ltr'>indicativi</span> <span class='ocrx_word' id='word_1_246' title='bbox 1471 2138 1680 2185; x_wconf 73' lang='lat' dir='ltr'>servatur,</span> 
     </span>
     <span class='ocr_line' id='line_1_30' title="bbox 90 2206 1682 2260; baseline -0.001 -12"><span class='ocrx_word' id='word_1_247' title='bbox 90 2209 138 2248; x_wconf 85' lang='lat' dir='ltr'>ut</span> <span class='ocrx_word' id='word_1_248' title='bbox 168 2220 221 2248; x_wconf 90' lang='lat' dir='ltr'>ne</span> <span class='ocrx_word' id='word_1_249' title='bbox 254 2220 364 2248; x_wconf 91' lang='lat' dir='ltr'>unus</span> <span class='ocrx_word' id='word_1_250' title='bbox 399 2207 572 2260; x_wconf 83' lang='lat' dir='ltr'>quidem</span> <span class='ocrx_word' id='word_1_251' title='bbox 598 2207 716 2248; x_wconf 90' lang='lat' dir='ltr'>locus</span> <span class='ocrx_word' id='word_1_252' title='bbox 743 2206 1000 2259; x_wconf 74' lang='lat' dir='ltr'>excipiatur;</span> <span class='ocrx_word' id='word_1_253' title='bbox 1033 2207 1219 2259; x_wconf 83' lang='lat' dir='ltr'>triginta,</span> <span class='ocrx_word' id='word_1_254' title='bbox 1253 2206 1444 2258; x_wconf 84' lang='lat' dir='ltr'>inquam,</span> <span class='ocrx_word' id='word_1_255' title='bbox 1479 2209 1682 2259; x_wconf 84' lang='lat' dir='ltr'>quattuor</span> 
     </span>
     <span class='ocr_line' id='line_1_31' title="bbox 90 2276 1683 2330; baseline -0.001 -12"><span class='ocrx_word' id='word_1_256' title='bbox 90 2277 191 2319; x_wconf 90' lang='lat' dir='ltr'>locis</span> <span class='ocrx_word' id='word_1_257' title='bbox 234 2278 388 2330; x_wconf 82' lang='lat' dir='ltr'>legitur</span> <span class='ocrx_word' id='word_1_258' title='bbox 428 2277 546 2330; x_wconf 66' lang='lat' dir='ltr'>fam,</span> <span class='ocrx_word' id='word_1_259' title='bbox 595 2276 825 2317; x_wconf 66' lang='lat' dir='ltr'>laudabitis</span> <span class='ocrx_word' id='word_1_260' title='bbox 865 2280 907 2317; x_wconf 94' lang='lat' dir='ltr'>et</span> <span class='ocrx_word' id='word_1_261' title='bbox 944 2276 1112 2325; x_wconf 88' lang='lat' dir='ltr'>similia,</span> <span class='ocrx_word' id='word_1_262' title='bbox 1160 2289 1376 2329; x_wconf 84' lang='lat' dir='ltr'>nusquam</span> <span class='ocrx_word' id='word_1_263' title='bbox 1406 2277 1524 2330; x_wconf 65' lang='lat' dir='ltr'>fasso,</span> <span class='ocrx_word' id='word_1_264' title='bbox 1575 2282 1683 2318; x_wconf 73' lang='lat' dir='ltr'>(emet</span> 
     </span>
     <span class='ocr_line' id='line_1_32' title="bbox 91 2347 1682 2401; baseline -0.001 -12"><span class='ocrx_word' id='word_1_265' title='bbox 91 2351 165 2389; x_wconf 90' lang='lat' dir='ltr'>aut</span> <span class='ocrx_word' id='word_1_266' title='bbox 197 2348 333 2389; x_wconf 90' lang='lat' dir='ltr'>simile</span> <span class='ocrx_word' id='word_1_267' title='bbox 366 2349 608 2401; x_wconf 85' lang='lat' dir='ltr'>quicquam,</span> <span class='ocrx_word' id='word_1_268' title='bbox 650 2348 714 2388; x_wconf 90' lang='lat' dir='ltr'>bis</span> <span class='ocrx_word' id='word_1_269' title='bbox 747 2348 921 2389; x_wconf 91' lang='lat' dir='ltr'>omnino</span> <span class='ocrx_word' id='word_1_270' title='bbox 952 2347 1070 2400; x_wconf 69' lang='lat' dir='ltr'>faxo,</span> <span class='ocrx_word' id='word_1_271' title='bbox 1103 2348 1168 2397; x_wconf 71' lang='lat' dir='ltr'>sit,</span> <span class='ocrx_word' id='word_1_272' title='bbox 1202 2347 1277 2388; x_wconf 90' lang='lat' dir='ltr'>ubi</span> <span class='ocrx_word' id='word_1_273' title='bbox 1308 2360 1459 2389; x_wconf 74' lang='lat' dir='ltr'>versus</span> <span class='ocrx_word' id='word_1_274' title='bbox 1493 2348 1682 2388; x_wconf 89' lang='lat' dir='ltr'>admittit</span> 
     </span>
     <span class='ocr_line' id='line_1_33' title="bbox 91 2415 1680 2471; baseline -0.001 -11"><span class='ocrx_word' id='word_1_275' title='bbox 91 2415 227 2471; x_wconf 72' lang='lat' dir='ltr'>erit.2)</span> <span class='ocrx_word' id='word_1_276' title='bbox 291 2419 541 2461; x_wconf 79' lang='lat' dir='ltr'>Cavendum</span> <span class='ocrx_word' id='word_1_277' title='bbox 573 2422 720 2460; x_wconf 86' lang='lat' dir='ltr'>tamen</span> <span class='ocrx_word' id='word_1_278' title='bbox 753 2418 935 2467; x_wconf 72' lang='lat' dir='ltr'>Videtur,</span> <span class='ocrx_word' id='word_1_279' title='bbox 985 2417 1190 2470; x_wconf 83' lang='lat' dir='ltr'>quoniam</span> <span class='ocrx_word' id='word_1_280' title='bbox 1229 2418 1273 2458; x_wconf 91' lang='lat' dir='ltr'>in</span> <span class='ocrx_word' id='word_1_281' title='bbox 1310 2431 1422 2459; x_wconf 78' lang='lat' dir='ltr'>novo</span> <span class='ocrx_word' id='word_1_282' title='bbox 1463 2421 1680 2471; x_wconf 84' lang='lat' dir='ltr'>praecepto</span> 
     </span>
    </p>
   </div>
   <div class='ocr_carea' id='block_1_3' title="bbox 126 2569 1680 2968">
    <p class='ocr_par' dir='ltr' id='par_1_3' title="bbox 126 2569 1680 2841">
     <span class='ocr_line' id='line_1_34' title="bbox 126 2569 1678 2614; baseline -0.001 -9"><span class='ocrx_word' id='word_1_283' title='bbox 126 2570 154 2614; x_wconf 68' lang='grc'>1)</span> <span class='ocrx_word' id='word_1_284' title='bbox 180 2571 320 2606; x_wconf 85' lang='lat' dir='ltr'>Asinar.</span> <span class='ocrx_word' id='word_1_285' title='bbox 347 2572 387 2612; x_wconf 75' lang='lat' dir='ltr'>V,</span> <span class='ocrx_word' id='word_1_286' title='bbox 414 2571 445 2613; x_wconf 73' lang='lat'>2,</span> <span class='ocrx_word' id='word_1_287' title='bbox 472 2571 517 2604; x_wconf 75' lang='lat'>48</span> <span class='ocrx_word' id='word_1_288' title='bbox 541 2573 641 2614; x_wconf 71' lang='lat' dir='ltr'>faxo,</span> <span class='ocrx_word' id='word_1_289' title='bbox 680 2576 715 2603; x_wconf 75' lang='lat' dir='ltr'>nt</span> <span class='ocrx_word' id='word_1_290' title='bbox 747 2572 842 2604; x_wconf 68' lang='lat' dir='ltr'>scias</span> <span class='ocrx_word' id='word_1_291' title='bbox 874 2569 925 2612; x_wconf 82' lang='lat' dir='ltr'>(in</span> <span class='ocrx_word' id='word_1_292' title='bbox 958 2570 1056 2604; x_wconf 81' lang='lat' dir='ltr'>exitu</span> <span class='ocrx_word' id='word_1_293' title='bbox 1081 2581 1207 2604; x_wconf 77' lang='lat' dir='ltr'>versus</span> <span class='ocrx_word' id='word_1_294' title='bbox 1232 2574 1376 2604; x_wconf 87' lang='lat' dir='ltr'>tetram.</span> <span class='ocrx_word' id='word_1_295' title='bbox 1409 2571 1522 2604; x_wconf 84' lang='lat' dir='ltr'>troch.</span> <span class='ocrx_word' id='word_1_296' title='bbox 1549 2570 1678 2611; x_wconf 74' lang='lat' dir='ltr'>catal).</span> 
     </span>
     <span class='ocr_line' id='line_1_35' title="bbox 182 2628 1680 2673; baseline -0.001 -9"><span class='ocrx_word' id='word_1_297' title='bbox 182 2631 295 2664; x_wconf 87' lang='lat' dir='ltr'>Nemo</span> <span class='ocrx_word' id='word_1_298' title='bbox 328 2631 507 2665; x_wconf 88' lang='lat' dir='ltr'>editorum</span> <span class='ocrx_word' id='word_1_299' title='bbox 539 2630 660 2670; x_wconf 80' lang='lat' dir='ltr'>haesit3</span> <span class='ocrx_word' id='word_1_300' title='bbox 699 2640 785 2663; x_wconf 86' lang='lat' dir='ltr'>nam</span> <span class='ocrx_word' id='word_1_301' title='bbox 818 2639 925 2662; x_wconf 86' lang='lat' dir='ltr'>nemo</span> <span class='ocrx_word' id='word_1_302' title='bbox 958 2628 1033 2662; x_wconf 84' lang='lat' dir='ltr'>fere</span> <span class='ocrx_word' id='word_1_303' title='bbox 1066 2640 1109 2663; x_wconf 85' lang='lat' dir='ltr'>ex</span> <span class='ocrx_word' id='word_1_304' title='bbox 1140 2629 1192 2670; x_wconf 91' lang='lat' dir='ltr'>iis,</span> <span class='ocrx_word' id='word_1_305' title='bbox 1232 2629 1294 2673; x_wconf 89' lang='lat' dir='ltr'>qui</span> <span class='ocrx_word' id='word_1_306' title='bbox 1326 2641 1452 2664; x_wconf 88' lang='lat' dir='ltr'>omnes</span> <span class='ocrx_word' id='word_1_307' title='bbox 1486 2629 1680 2663; x_wconf 83' lang='lat' dir='ltr'>comoedias</span> 
     </span>
     <span class='ocr_line' id='line_1_36' title="bbox 183 2688 1679 2732; baseline -0.001 -9"><span class='ocrx_word' id='word_1_308' title='bbox 183 2690 388 2731; x_wconf 89' lang='lat' dir='ltr'>ediderunt,</span> <span class='ocrx_word' id='word_1_309' title='bbox 434 2689 470 2723; x_wconf 89' lang='lat' dir='ltr'>in</span> <span class='ocrx_word' id='word_1_310' title='bbox 509 2688 670 2732; x_wconf 76' lang='lat' dir='ltr'>diligenti</span> <span class='ocrx_word' id='word_1_311' title='bbox 708 2688 960 2722; x_wconf 82' lang='lat' dir='ltr'>observatione</span> <span class='ocrx_word' id='word_1_312' title='bbox 997 2689 1128 2722; x_wconf 86' lang='lat' dir='ltr'>veteris</span> <span class='ocrx_word' id='word_1_313' title='bbox 1173 2688 1333 2732; x_wconf 87' lang='lat' dir='ltr'>syntaxis</span> <span class='ocrx_word' id='word_1_314' title='bbox 1378 2688 1592 2727; x_wconf 71' lang='lat' dir='ltr'>elaboravit;</span> <span class='ocrx_word' id='word_1_315' title='bbox 1639 2699 1679 2721; x_wconf 89' lang='lat' dir='ltr'>ac</span> 
     </span>
     <span class='ocr_line' id='line_1_37' title="bbox 182 2747 1678 2792; baseline -0.001 -10"><span class='ocrx_word' id='word_1_316' title='bbox 182 2748 344 2792; x_wconf 89' lang='lat' dir='ltr'>plerique</span> <span class='ocrx_word' id='word_1_317' title='bbox 369 2752 448 2782; x_wconf 88' lang='lat' dir='ltr'>tum</span> <span class='ocrx_word' id='word_1_318' title='bbox 474 2748 652 2788; x_wconf 82' lang='lat' dir='ltr'>vixerunt,</span> <span class='ocrx_word' id='word_1_319' title='bbox 680 2758 793 2791; x_wconf 79' lang='lat' dir='ltr'>quum</span> <span class='ocrx_word' id='word_1_320' title='bbox 820 2750 937 2780; x_wconf 85' lang='lat' dir='ltr'>totum</span> <span class='ocrx_word' id='word_1_321' title='bbox 963 2747 1031 2781; x_wconf 90' lang='lat' dir='ltr'>hoc</span> <span class='ocrx_word' id='word_1_322' title='bbox 1057 2758 1170 2791; x_wconf 79' lang='lat' dir='ltr'>genus</span> <span class='ocrx_word' id='word_1_323' title='bbox 1196 2759 1327 2792; x_wconf 86' lang='lat' dir='ltr'>parum</span> <span class='ocrx_word' id='word_1_324' title='bbox 1350 2747 1530 2781; x_wconf 83' lang='lat' dir='ltr'>subtiliter</span> <span class='ocrx_word' id='word_1_325' title='bbox 1551 2750 1678 2780; x_wconf 77' lang='lat' dir='ltr'>tracta-</span> 
     </span>
     <span class='ocr_line' id='line_1_38' title="bbox 182 2807 298 2841; baseline 0.009 -1"><span class='ocrx_word' id='word_1_326' title='bbox 182 2807 298 2841; x_wconf 79' lang='lat' dir='ltr'>batur.</span> 
     </span>
    </p>

    <p class='ocr_par' dir='ltr' id='par_1_4' title="bbox 127 2863 1677 2968">
     <span class='ocr_line' id='line_1_39' title="bbox 127 2863 1677 2910; baseline -0.001 -10"><span class='ocrx_word' id='word_1_327' title='bbox 127 2863 154 2906; x_wconf 82' lang='lat'>²)</span> <span class='ocrx_word' id='word_1_328' title='bbox 180 2866 371 2910; x_wconf 83' lang='lat' dir='ltr'>Apponam</span> <span class='ocrx_word' id='word_1_329' title='bbox 404 2866 622 2906; x_wconf 82' lang='lat' dir='ltr'>testimonia,</span> <span class='ocrx_word' id='word_1_330' title='bbox 661 2868 700 2899; x_wconf 84' lang='lat' dir='ltr'>ut</span> <span class='ocrx_word' id='word_1_331' title='bbox 732 2864 918 2908; x_wconf 86' lang='lat' dir='ltr'>inspicere,</span> <span class='ocrx_word' id='word_1_332' title='bbox 959 2865 1019 2909; x_wconf 89' lang='lat' dir='ltr'>qui</span> <span class='ocrx_word' id='word_1_333' title='bbox 1059 2865 1155 2905; x_wconf 80' lang='lat' dir='ltr'>velit,</span> <span class='ocrx_word' id='word_1_334' title='bbox 1193 2865 1315 2909; x_wconf 84' lang='lat' dir='ltr'>possit.</span> <span class='ocrx_word' id='word_1_335' title='bbox 1366 2867 1470 2899; x_wconf 78' lang='lat' dir='ltr'>Faxo</span> <span class='ocrx_word' id='word_1_336' title='bbox 1503 2868 1677 2908; x_wconf 77' lang='lat' dir='ltr'>sequente</span> 
     </span>
     <span class='ocr_line' id='line_1_40' title="bbox 183 2922 1676 2968; baseline -0.003 -10"><span class='ocrx_word' id='word_1_337' title='bbox 183 2928 245 2958; x_wconf 85' lang='lat' dir='ltr'>aut</span> <span class='ocrx_word' id='word_1_338' title='bbox 269 2925 494 2968; x_wconf 79' lang='lat' dir='ltr'>praecedente</span> <span class='ocrx_word' id='word_1_339' title='bbox 521 2924 714 2958; x_wconf 70' lang='lat' dir='ltr'>indicativo</span> <span class='ocrx_word' id='word_1_340' title='bbox 741 2923 796 2957; x_wconf 88' lang='lat' dir='ltr'>his</span> <span class='ocrx_word' id='word_1_341' title='bbox 822 2924 908 2957; x_wconf 88' lang='lat' dir='ltr'>locis</span> <span class='ocrx_word' id='word_1_342' title='bbox 934 2923 1080 2968; x_wconf 75' lang='lat' dir='ltr'>legitur:</span> <span class='ocrx_word' id='word_1_343' title='bbox 1114 2924 1256 2958; x_wconf 85' lang='lat' dir='ltr'>Plaut.</span> <span class='ocrx_word' id='word_1_344' title='bbox 1283 2924 1462 2968; x_wconf 84' lang='lat' dir='ltr'>Amphitr.</span> <span class='ocrx_word' id='word_1_345' title='bbox 1486 2924 1511 2964; x_wconf 91' lang='lat' dir='ltr'>I,</span> <span class='ocrx_word' id='word_1_346' title='bbox 1539 2923 1570 2965; x_wconf 86' lang='lat'>1,</span> <span class='ocrx_word' id='word_1_347' title='bbox 1597 2922 1676 2963; x_wconf 71' lang='lat'>199,</span> 
     </span>
    </p>
   </div>
   <div class='ocr_carea' id='block_1_4' title="bbox 1707 1160 1742 1185">
    <p class='ocr_par' dir='ltr' id='par_1_5' title="bbox 1707 1160 1742 1185">
     <span class='ocr_line' id='line_1_41' title="bbox 1707 1160 1742 1185; baseline -0.029 0"><span class='ocrx_word' id='word_1_348' title='bbox 1707 1160 1742 1185; x_wconf 83' lang='lat'>77</span> 
     </span>
    </p>
   </div>
   <div class='ocr_carea' id='block_1_5' title="bbox 1701 2437 1734 2461">
    <p class='ocr_par' dir='ltr' id='par_1_6' title="bbox 1701 2437 1734 2461">
     <span class='ocr_line' id='line_1_42' title="bbox 1701 2437 1734 2461; baseline 0 0"><span class='ocrx_word' id='word_1_349' title='bbox 1701 2437 1734 2461; x_wconf 70' lang='lat'>78</span> 
     </span>
    </p>
   </div>
  </div>
 </body>
</html>
