1915 3235
787 149 872 190 213

40 278 217 329 Deinde,
266 277 421 331 quibus
464 277 645 319 stimulis
678 278 734 319 ad
765 278 927 320 alienas
959 278 1073 331 leges
1106 278 1371 331 spernendas
1403 279 1625 321 vindican-

41 349 229 401 damque
259 348 434 401 plenam
473 349 538 389 sui
579 350 839 401 potestatem
885 348 1032 402 populi
1079 350 1339 390 commoveri
1385 349 1535 400 solent,
1583 349 1624 399 ii,

40 418 178 459 fracta
210 417 344 459 semel
375 418 532 459 veteris
565 419 675 460 Latii
706 419 923 469 societate,
972 419 1165 460 hebetati
1197 422 1332 470 erant,
1380 432 1460 461 nec
1502 419 1626 461 facile

40 490 84 530 in
115 488 289 530 coloniis
322 501 478 541 magno
510 488 701 530 locorum
733 490 958 531 intervallo
986 490 1196 542 separatis
1221 489 1388 531 renasci
1412 492 1625 543 poterant.

41 560 226 602 Omnino
259 561 402 600 autem
437 561 535 612 post
566 573 727 601 annum
760 560 858 610 338,
898 560 1188 613 compluribus
1221 560 1471 601 Latinorum
1504 560 1626 613 oppi-

39 631 105 672 dis
152 630 195 672 in
243 629 460 671 civitatem
507 630 753 671 Romanam
804 631 992 683 primum
1041 631 1131 671 sine
1178 631 1381 684 suffragio
1428 631 1625 684 receptis,

40 701 195 742 deinde
228 701 431 753 suffragio
465 701 646 752 donatis,
681 701 864 742 nominis
898 701 1037 742 Latini
1068 701 1313 754 appellatio,
1347 701 1382 742 si
1415 701 1552 742 Tibur
1585 703 1627 743 et

39 772 259 813 Praeneste
292 772 539 824 excipimus,
590 772 659 812 vix
705 772 839 812 ullum
887 771 1003 812 aliud
1041 771 1171 824 paulo
1209 771 1393 813 nobilius
1430 774 1626 813 veterum

38 842 288 884 Latinorum
323 842 528 894 oppidum
574 841 980 895 comprehendebat,
1029 842 1106 883 sed
1144 844 1302 895 praeter
1340 842 1626 883 Hernicorum

39 913 239 967 quaedam
272 912 432 965 oppida
471 914 513 953 et
550 913 801 954 Volscorum
840 913 1175 965 AEquorumque,
1225 912 1296 965 qui
1334 912 1544 965 paulatim
1583 912 1627 953 in

39 984 204 1034 eadem,
239 997 335 1036 quae
366 983 528 1024 Latinis
561 984 750 1025 subactis
782 983 930 1024 relicta
963 985 1097 1033 erant,
1138 983 1231 1024 iura
1262 983 1423 1035 recepti
1456 983 1626 1024 Latium

37 1068 197 1097 novum
228 1067 366 1107 usque
409 1054 465 1095 ad
507 1054 638 1095 Lirim
680 1057 833 1107 patens
877 1055 1097 1104 tenebant,
1146 1054 1259 1095 solas
1300 1053 1394 1095 illas
1437 1053 1626 1095 colonias

37 1125 196 1167 sensim
228 1127 503 1178 propagatas.
552 1125 665 1165 Tum
698 1126 788 1177 agri
820 1124 1051 1177 assignatio
1075 1124 1221 1177 populi
1245 1123 1431 1165 Romani
1456 1123 1626 1165 victoris

37 1197 155 1238 iussu
202 1196 317 1236 facta
363 1209 441 1248 pro
488 1209 589 1237 vero
636 1195 844 1236 beneficio
887 1195 1191 1247 accipiebatur.
1261 1194 1486 1235 Postremo
1528 1194 1626 1235 reli-

39 1280 222 1320 quorum
254 1265 386 1307 Italiae
417 1266 673 1318 populorum
708 1279 733 1306 a
764 1265 973 1307 Romanis
1006 1265 1286 1306 subactorum
1314 1264 1500 1305 deterior
1525 1276 1626 1305 con-

37 1337 147 1379 dicio
172 1339 215 1378 et
236 1336 449 1388 iniquiora
472 1336 637 1378 foedera
661 1337 836 1378 Latinos
859 1336 1069 1377 Romanis
1094 1334 1393 1384 conciliabant,
1423 1348 1449 1376 a
1474 1334 1625 1376 ceteris

38 1408 334 1461 seiungebant.

153 1478 234 1519 Hae
281 1480 382 1519 sunt
428 1477 555 1530 igitur
603 1477 778 1519 coloniae
825 1477 907 1518 illae
954 1477 1138 1523 Latinae,
1195 1489 1378 1529 quarum
1433 1490 1625 1530 propago

35 1550 237 1592 Latinum
284 1561 528 1590 sermonem
576 1548 813 1600 Latinaque
860 1547 1057 1588 instituta
1109 1547 1286 1588 trahens
1333 1560 1411 1600 per
1457 1547 1624 1588 Italiam

36 1621 160 1674 longe
192 1619 359 1673 serpsit,
401 1619 639 1660 communis
672 1619 857 1672 originis,
899 1618 1146 1671 disciplinae,
1188 1618 1460 1667 condicionis,
1509 1618 1625 1660 nullo

37 1693 183 1732 autem
214 1689 387 1743 publico
419 1690 589 1731 vinculo
621 1689 731 1730 inter
763 1703 809 1731 se
842 1689 1093 1739 coniunctae,
1142 1702 1272 1742 quum
1317 1689 1494 1742 singulae
1535 1689 1625 1730 Ro-

37 1762 176 1803 manis
218 1763 433 1814 parerent.
503 1760 646 1813 Atque
689 1760 745 1801 ad
786 1760 865 1801 has
908 1760 1125 1813 praecipue
1167 1760 1395 1812 pertinere,
1444 1773 1539 1812 quae
1582 1759 1625 1800 in

37 1832 332 1886 proximorum
364 1832 621 1873 saeculorum
653 1832 830 1872 historia
864 1831 917 1872 de
949 1830 1123 1872 coloniis
1151 1830 1297 1883 populi
1321 1831 1508 1872 Romani
1539 1831 1625 1872 Ita-

35 1903 138 1944 liam
155 1901 401 1943 tenentibus
425 1902 701 1955 subsidiaque
727 1901 906 1954 imperio
929 1901 1356 1943 subministrantibus
1380 1902 1623 1952 traduntur,

37 1973 146 2014 adeo
179 1975 243 2014 est
275 1975 453 2021 certum,
497 1975 544 2014 ut
576 1972 791 2014 interdum
823 1972 891 2012 hae
924 1972 1026 2013 solae
1060 1972 1323 2013 coloniarum
1355 1972 1503 2025 populi
1535 1973 1624 2014 Ro-

39 2044 155 2085 mani
187 2043 477 2097 appellatione
510 2043 943 2096 comprehendantur.
992 2042 1157 2084 Civium
1192 2043 1306 2083 enim
1339 2043 1514 2084 coloniae
1548 2056 1625 2096 per

36 2114 200 2167 aliquot
231 2114 390 2155 saecula
421 2127 558 2167 usque
591 2114 646 2155 ad
678 2114 779 2155 belli
809 2113 959 2154 Punici
990 2113 1167 2154 secundi
1198 2113 1341 2163 finem,
1374 2114 1455 2154 nisi
1480 2114 1624 2167 singu-

36 2185 136 2226 laris
170 2184 393 2226 cuiusdam
425 2184 605 2238 generis,
640 2184 793 2225 deduci
825 2184 913 2225 fere
947 2183 1097 2236 desitae
1120 2186 1232 2225 sunt.
1280 2184 1381 2225 Eius
1407 2185 1467 2225 rei
1493 2197 1624 2226 causa

36 2257 187 2308 aperta
219 2257 296 2296 est.
353 2255 472 2308 Ipsos
504 2255 740 2305 Romanos,
774 2267 957 2308 quorum
991 2255 1298 2296 coniunctionis
1331 2254 1501 2296 vincula
1532 2254 1624 2296 lax-

38 2327 101 2368 ari
132 2326 308 2367 minime
340 2327 570 2378 oporteret,
619 2326 784 2379 longius
817 2325 872 2366 ab
905 2325 1012 2366 urbe
1044 2326 1188 2378 spargi
1220 2325 1431 2378 sedesque
1463 2327 1623 2375 tenere,

37 2397 150 2438 unde
183 2397 240 2438 ad
270 2409 451 2438 munera
482 2396 651 2438 urbana
692 2396 910 2437 discedere
948 2395 1019 2436 vix
1056 2398 1246 2449 possent,
1296 2398 1516 2449 coetusque
1556 2409 1624 2437 se-

36 2469 212 2520 paratos
244 2466 419 2518 habere,
468 2470 510 2509 et
548 2468 719 2521 publice
755 2465 1077 2508 incommodum
1122 2468 1215 2508 erat
1253 2468 1294 2508 et
1325 2466 1527 2520 privatim
1559 2467 1623 2507 in-

35 2540 219 2591 gratum,
266 2550 358 2589 nec,
406 2540 454 2579 ut
499 2538 543 2579 id
579 2538 714 2588 fieret,
763 2538 931 2580 efficere
977 2539 1149 2590 poterat
1193 2537 1274 2578 nisi
1320 2540 1396 2579 aut
1436 2536 1625 2590 praesidii

36 2607 284 2662 imponendi
314 2608 562 2660 necessitas,
597 2622 728 2662 quam
761 2611 882 2650 extra
913 2608 1084 2649 Latium
1116 2608 1340 2650 minuebat
1372 2607 1624 2649 Latinarum

37 2678 300 2720 coloniarum
341 2692 458 2730 usus,
507 2682 582 2721 aut
621 2680 776 2721 civium
814 2679 1061 2732 paupertati
1098 2678 1396 2721 subveniendi.
1464 2678 1623 2720 Verum

37 2749 92 2791 ad
124 2750 237 2791 cives
269 2749 361 2791 aliis
394 2763 564 2803 quoque
597 2750 736 2792 modis
776 2749 1003 2791 commoda
1043 2763 1095 2791 ex
1133 2749 1302 2803 imperii
1332 2748 1490 2790 finibus
1522 2761 1623 2801 pro-

131 2913 183 2948 las
208 2913 364 2958 praesidii
395 2925 502 2949 causa
536 2926 557 2949 a
581 2914 755 2949 Romanis
789 2913 958 2948 constitui
990 2913 1150 2958 potuisse
1188 2912 1256 2947 nisi
1294 2912 1427 2947 civium
1465 2910 1624 2946 colonias

131 2972 234 3007 facile
260 2976 369 3017 patet,
396 2973 463 3007 nisi
491 2974 587 3018 quod
613 2973 785 3017 oppidum
813 2972 983 3007 Latinum
1008 2972 1144 3007 Volscis
1171 2971 1296 3006 aliisve
1322 2970 1539 3015 eripuerant.

1645 1557 1697 1583 263
