1915 3235
817 105 899 146 607

90 250 117 278 a
149 249 235 289 qua
265 249 311 277 re
344 237 596 288 sumptum?
644 234 855 275 Nimirum
896 234 952 275 ab
993 247 1057 283 ea,
1107 234 1227 275 cuius
1268 234 1330 275 vis
1363 234 1420 275 ad
1460 234 1684 275 hominum

94 306 266 348 ordines
299 305 625 358 distinguendos
658 304 785 346 insita
818 307 912 346 erat
950 305 992 346 in
1032 303 1233 347 omnibus
1272 305 1333 345 rei
1372 304 1558 357 publicae
1598 305 1684 346 Ro-

91 389 233 418 manae
264 375 482 424 institutis,
532 388 628 427 quae
667 374 783 427 ipsos
824 375 989 428 equites
1032 375 1305 419 discernebat
1337 387 1362 416 a
1395 375 1534 428 plebe,
1588 388 1684 428 quae

91 447 223 487 etiam
256 446 300 487 in
332 445 605 487 senatoribus
638 445 929 498 spectabatur,
971 459 996 486 a
1037 442 1229 498 censu.¹)
1291 446 1339 487 Id
1370 448 1528 498 praeter
1559 446 1684 496 hanc,

90 530 219 570 quam
255 516 354 566 dixi,
403 517 696 557 institutorum
737 515 1061 559 similitudinem
1102 516 1186 557 alia
1222 516 1470 557 testimonia
1510 517 1685 558 minime

91 588 274 629 obscure
306 586 512 628 indicant.
576 586 740 628 Census
772 586 1035 639 praecipuam
1070 586 1114 627 in
1145 586 1358 628 iudicibus
1391 587 1582 640 legendis
1614 601 1685 628 ra-

92 658 254 700 tionem
286 657 483 698 habitam
516 656 649 698 fuisse
681 657 747 698 his
778 657 881 709 ipsis
913 656 1092 709 legibus,
1127 657 1282 710 quibus
1315 657 1498 698 tribunis
1523 658 1684 700 aerariis

89 741 190 782 pars
223 728 440 769 iudicandi
473 728 672 778 dabatur,
707 728 894 781 primum
929 727 982 768 de
1006 728 1213 780 Pompeia
1247 728 1340 781 lege
1364 730 1549 769 testatur
1573 728 1686 769 clare

89 795 369 851 Asconius2);
418 799 572 840 deinde
613 801 656 840 et
694 799 747 839 de
779 797 955 839 Aurelia
997 801 1040 839 et
1079 798 1132 839 de
1164 798 1371 851 Pompeia
1404 798 1552 840 Cicero
1584 799 1685 840 Phi-

91 869 193 923 lipp.
226 869 256 920 I,
297 870 336 919 8,
378 870 431 910 de
463 869 639 910 Antonii
678 870 771 922 lege
804 868 963 921 dicens,
1012 882 1097 922 qua
1130 869 1177 918 is,
1226 873 1371 922 spreto
1404 869 1520 911 omni
1552 883 1684 919 more,

90 941 362 981 centuriones
403 942 446 981 et
484 940 777 993 manipulares
820 952 872 980 ex
904 939 1069 992 legione
1100 939 1369 980 Alaudarum
1404 940 1459 980 ad
1491 940 1685 982 iudican-

91 1010 194 1051 dum
227 1010 414 1052 vocabat
446 1013 488 1052 et
521 1024 573 1051 ex
605 1011 654 1051 iis
688 1010 860 1051 tertiam
894 1010 1115 1052 decuriam
1149 1010 1452 1060 constituebat,
1487 1024 1583 1064 quae
1607 1024 1685 1064 pro

88 1080 273 1122 tribunis
306 1081 481 1131 aerariis,
531 1095 638 1134 quos
672 1081 818 1123 Caesar
856 1081 1101 1131 sustulerat,
1150 1081 1422 1122 senatoribus
1456 1084 1498 1123 et
1531 1082 1684 1135 equiti-

89 1151 170 1192 bus
216 1148 530 1204 adiiceretur.3)
594 1151 720 1202 Quod
752 1154 899 1192 autem
933 1151 1080 1193 Cicero
1113 1151 1156 1192 in
1188 1151 1327 1192 iudice
1371 1154 1417 1193 et
1464 1152 1685 1194 fortunam

89 1223 274 1275 spectari
318 1222 476 1264 debere
520 1227 561 1263 et
605 1222 857 1275 dignitatem
900 1222 1014 1272 dicit,
1064 1222 1248 1275 dignitas
1296 1235 1348 1263 ea
1395 1225 1473 1272 est,
1523 1236 1620 1275 quae
1660 1237 1685 1264 a

90 1294 275 1345 praetore
318 1293 487 1346 legente
531 1293 647 1335 fama
691 1295 733 1334 et
776 1293 968 1334 moribus
1012 1293 1217 1334 aestimari
1261 1292 1464 1334 debebat.
1542 1293 1605 1334 Ne
1650 1295 1684 1334 is

90 1362 276 1416 quidem,
327 1364 399 1416 qui
443 1364 649 1418 epistolas
693 1364 749 1405 ad
794 1364 1009 1405 Caesarem
1055 1364 1107 1404 de
1150 1377 1196 1404 re
1238 1363 1412 1416 publica
1445 1364 1685 1405 ordinanda

90 1434 344 1486 composuit,
395 1434 479 1476 alia
511 1448 569 1485 re,
620 1435 701 1476 nisi
735 1447 879 1484 censu,
929 1435 1095 1476 aditum
1129 1434 1185 1475 ad
1217 1434 1374 1475 iudicia
1408 1435 1569 1483 definit,
1619 1436 1686 1476 cui

90 1517 240 1546 omnes
272 1506 423 1558 primae
457 1505 605 1546 classis
638 1505 828 1546 iudicare
869 1506 1012 1558 placet
1050 1504 1103 1558 (c.
1139 1505 1160 1545 7
1197 1507 1239 1545 et
1273 1503 1358 1556 12).
1421 1505 1507 1546 Sed
1539 1505 1685 1546 claris-

91 1574 247 1616 simum
281 1575 334 1616 de
365 1575 458 1628 lege
480 1576 671 1625 Aurelia,
706 1576 748 1617 id
782 1578 858 1621 est,
893 1576 946 1617 de
977 1576 1162 1617 tribunis
1195 1575 1357 1616 aerariis
1390 1576 1685 1617 testimonium

128 1750 158 1794 1)
184 1752 254 1787 Cfr.
281 1753 325 1787 de
352 1763 482 1787 census
514 1752 685 1786 senatorii
717 1752 934 1796 antiquitate
961 1752 1093 1796 Opusc.
1126 1754 1251 1785 nostra
1283 1751 1404 1795 priora
1436 1763 1470 1796 p.
1500 1752 1543 1785 78
1569 1756 1605 1786 et
1633 1752 1686 1793 79,

186 1810 238 1854 [et
269 1812 387 1856 operis
421 1811 534 1846 nostri
571 1812 615 1845 de
647 1811 821 1845 institutis
853 1811 905 1846 rei
936 1811 1090 1855 publicae
1122 1810 1297 1844 Romanae
1332 1811 1401 1844 vol.
1430 1811 1444 1844 I
1476 1822 1510 1855 p.
1538 1810 1605 1844 138
1632 1812 1685 1846 ed.

186 1868 321 1913 Germ]

129 1926 158 1972 ²)
186 1929 241 1963 Ad
267 1929 503 1964 Pisonianam
530 1929 586 1970 39,
614 1928 676 1966 94;
704 1928 775 1962 vid.
802 1940 912 1973 supra
938 1940 972 1973 p.
998 1928 1068 1962 245
1094 1931 1168 1963 not.
1197 1928 1227 1962 1.

131 1985 159 2031 ³)
185 1990 234 2022 At
259 2000 338 2032 quoe
365 1994 416 2022 est
442 1990 512 2022 ista
538 1990 644 2022 tertia
670 1989 844 2021 decuria?
867 2005 910 2010 —
942 1988 1210 2030 Centurionum,
1242 1989 1370 2032 inquit.
1399 2007 1441 2010 —
1475 1988 1594 2029 Quid?
1628 1989 1689 2021 isti

187 2050 309 2082 ordini
333 2049 514 2081 iudicatus
539 2048 611 2090 leye
636 2048 744 2089 Iulia,
782 2048 889 2080 etiam
921 2052 1002 2080 ante
1028 2048 1210 2090 Pompeia,
1248 2048 1401 2081 Aurelia
1426 2057 1498 2080 non
1518 2047 1691 2089 patebat?

187 2125 231 2130 ——
263 2108 397 2141 Census
423 2106 708 2149 proefiniebatur,
741 2107 868 2149 inquit.
897 2123 939 2128 —-
967 2106 1046 2140 Non
1079 2107 1280 2140 centurioni
1304 2107 1446 2149 quidem
1471 2106 1595 2148 solum,
1629 2107 1689 2139 sed

187 2168 297 2210 equiti
320 2168 427 2199 etiam
453 2166 625 2199 Romano.
676 2166 802 2208 Itaque
827 2166 899 2198 viri
921 2166 1114 2207 fortissimi
1139 2170 1242 2208 atque
1268 2166 1519 2207 honestissimi,
1546 2167 1609 2208 qm?
1632 2176 1689 2199 ον-

188 2226 288 2258 dines
313 2226 507 2266 duxerunt,
533 2234 591 2256 res
617 2228 647 2256 et
673 2224 835 2257 iudicant
860 2229 891 2257 et
917 2225 1175 2257 iudicaverunt.
1215 2222 1320 2266 Quod
1348 2223 1457 2257 etiam
1484 2223 1561 2267 lege
1588 2223 1688 2258 Iulia.

189 2293 261 2326 qua
287 2283 353 2317 soli
379 2285 566 2316 senatores
593 2285 627 2315 et
654 2282 793 2325 equites
819 2282 934 2316 relicti
959 2282 1094 2316 iudices
1127 2285 1241 2323 erant,
1275 2282 1504 2316 centuriones
1531 2282 1689 2316 iudicare

189 2340 286 2382 dicit,
325 2341 578 2384 intelliguntur
610 2341 851 2381 centuriones,
891 2341 951 2385 qui
985 2352 1095 2375 censu
1128 2340 1286 2385 equestri
1312 2344 1426 2374 erant.
1477 2341 1554 2375 Hoc
1580 2342 1689 2381 enim,

189 2410 262 2433 non
295 2410 388 2444 equo
421 2400 566 2444 publico
600 2399 637 2433 in
670 2400 726 2433 his
759 2399 897 2443 legibus
923 2403 1091 2443 equestre
1124 2411 1258 2434 nomen
1285 2400 1542 2438 definiebatur3
1582 2400 1690 2444 idque

190 2459 416 2502 apertissime
451 2459 610 2492 declarat
636 2458 772 2492 Plinius
800 2459 842 2492 H.
870 2459 908 2492 N.
935 2459 1094 2499 XXXIII,
1130 2458 1160 2499 7,
1194 2463 1333 2492 turmas
1367 2469 1545 2502 equorum
1577 2460 1690 2503 publi-

190 2528 317 2551 corum
342 2529 514 2562 separans
540 2518 585 2551 ab
613 2529 654 2551 ea
682 2518 846 2561 equitum
871 2518 1116 2561 multitudine,
1150 2529 1230 2562 quae
1256 2518 1293 2551 in
1324 2518 1463 2552 iudiciis
1490 2519 1567 2562 lege
1593 2519 1690 2552 Seni-

190 2576 317 2620 pronia
343 2579 378 2610 et
403 2580 529 2619 postea
555 2576 633 2610 aliis
659 2579 874 2616 versaretur,
902 2580 1077 2620 tanquam
1104 2577 1211 2611 latius
1230 2577 1329 2617 fusa;
1358 2577 1424 2611 etsi
1442 2577 1518 2621 ipse
1536 2577 1691 2621 graviter

192 2638 227 2668 et
258 2635 452 2669 manifesto
485 2639 597 2676 errat,
637 2634 801 2679 equitum
835 2646 969 2669 nomen
1002 2636 1039 2669 in
1072 2636 1211 2677 turmis,
1251 2647 1429 2680 equorum
1462 2636 1691 2680 publicorum

192 2694 413 2735 substitisse,
459 2698 596 2729 ceteros
637 2697 778 2727 tantum
821 2694 954 2727 iudices
994 2695 1193 2738 appellatos
1231 2695 1403 2728 scribens.
1468 2694 1556 2736 Quis
1595 2694 1690 2727 enim

192 2753 316 2794 nescit,
357 2753 495 2797 equites
535 2753 720 2787 communi
758 2752 983 2796 antiquitatis
1022 2764 1201 2787 consensu
1240 2753 1455 2797 Sempronia
1493 2753 1570 2796 lege
1604 2752 1691 2785 iudi-

193 2822 291 2845 casse
318 2811 468 2853 narrari,
503 2812 621 2845 nullos
654 2811 767 2845 alios?
818 2812 887 2845 Sed
913 2812 1072 2855 abripuit
1096 2812 1266 2853 Plinium,
1305 2815 1345 2845 ut
1371 2811 1579 2855 saepissime,
1620 2815 1691 2844 stu-

194 2870 293 2904 dium
319 2870 450 2905 veteris
477 2869 716 2914 simplicitatis
742 2871 943 2906 laudandae.
977 2872 1033 2904 sui
1061 2870 1234 2914 temporis
1260 2869 1474 2914 arrogantiae
1502 2870 1691 2913 reprehen-

195 2929 332 2963 dendae.

1706 1163 1756 1189 :255
