1915 3235
817 118 869 159 51

53 252 108 294 ob
141 264 235 293 eam
270 264 361 292 rem
392 249 505 291 male
537 248 728 299 audiant,
763 250 805 289 et
836 247 952 300 quod
984 249 1125 288 exstat
1151 247 1205 288 de
1227 247 1298 289 illo
1321 261 1398 301 pro
1424 249 1635 310 contraria

54 321 267 364 sententia
303 320 474 374 prodita
511 332 650 372 nuper
689 318 923 372 disputatio
961 318 1013 359 A.
1047 317 1281 359 Weicherti
1320 317 1381 372 (in
1421 319 1635 361 dissertat.

54 393 107 434 de
138 391 298 433 Iarbita
331 389 577 443 Timagenis
611 390 862 431 aemulatore
892 389 993 430 inde
1025 402 1051 430 a
1081 403 1124 442 p.
1146 390 1233 431 429
1258 390 1315 431 ad
1338 403 1436 443 pag.
1459 390 1544 432 458
1570 391 1635 432 ed.

54 460 200 516 Lips.).
263 462 399 503 Locus
431 461 500 502 hic
532 463 615 501 est:

261 567 376 607 Dum
408 567 540 607 vitant
569 565 686 606 stulti
716 566 832 618 vitia,
866 566 911 605 in
942 565 1158 606 contraria
1189 570 1378 618 currunt,

262 636 504 678 sssalchinus
535 637 686 677 tunicis
717 636 908 676 demissis
941 635 1150 686 ambulat;
1183 640 1239 676 est
1271 637 1342 690 qui

263 707 425 761 Inquen
457 706 514 747 ad
545 706 760 747 obscenum
791 706 1003 747 subductis
1033 720 1160 760 usque
1188 706 1364 758 facetus.

56 815 103 855 In
126 814 249 867 longe
272 812 466 866 plurimis
492 812 709 853 codicibus
735 812 975 853 Malchinus
999 811 1210 861 scribitur,
1246 812 1493 863 Maltlzz'nus,
1527 814 1643 866 quod

57 885 101 926 in
125 885 239 926 edito
263 883 736 935 scholiastarumtextu
762 885 839 933 est,
872 883 915 923 in
938 882 1208 934 paucissimis
1234 881 1363 936 (unus
1388 884 1643 925 nominatim

59 955 225 1004 citatur,
274 953 484 1006 Bentleii),
534 953 741 994 Maltinus
778 953 822 994 in
859 953 1022 1006 paucis.
1085 953 1171 994 Sed
1217 954 1298 995 sub
1345 954 1426 995 hoc
1472 955 1644 996 nomine

58 1026 200 1067 Acron
238 1025 370 1066 tradit
408 1024 677 1065 illcecenatem
716 1025 853 1078 tanyi,
900 1024 1016 1064 idem
1061 1024 1326 1078 Porphyrius
1372 1025 1540 1077 plenius
1586 1026 1646 1066 ita

58 1096 217 1146 scribit,
251 1098 299 1136 ut
329 1095 555 1148 intelligas,
588 1095 890 1136 nonnullorum
926 1108 1022 1136 eam
1054 1095 1186 1136 fuisse
1218 1095 1520 1148 suspicionem,
1560 1109 1647 1138 non

59 1181 85 1209 a
130 1167 367 1216 veteribus,
417 1166 489 1219 qui
536 1166 588 1206 de
636 1166 830 1218 personis
877 1165 1127 1206 Horatianis
1174 1166 1458 1219 scripsissent,
1506 1179 1647 1219 neque

60 1240 307 1279 constanter
344 1237 550 1278 traditam
582 1233 910 1289 sententiam¹);
951 1249 1201 1288 quanquam
1233 1237 1277 1277 in
1308 1237 1555 1279 huiusmodi
1587 1251 1645 1288 re,

60 1309 134 1350 ubi
164 1322 252 1350 non
284 1308 337 1350 de
368 1321 554 1360 persona
585 1307 730 1360 aliqua
762 1309 837 1348 aut
868 1307 1047 1348 historia
1086 1320 1137 1348 ex
1170 1308 1426 1360 antiquitate
1459 1309 1649 1350 eruenda

62 1382 226 1433 agatur,
275 1379 352 1420 sed
391 1379 444 1419 de
482 1378 694 1419 notissimi
726 1378 910 1419 hominis
943 1380 1058 1418 tecta
1089 1378 1412 1430 significatione,
1461 1379 1566 1420 nihil
1598 1392 1650 1420 ex

61 1450 131 1491 illo
163 1449 281 1491 fonte
314 1448 497 1489 derivari
522 1449 725 1501 potuisse,
759 1461 836 1501 per
863 1461 908 1489 se
934 1450 1066 1501 patet,
1100 1462 1240 1501 neque
1264 1449 1494 1502 quicquam
1517 1450 1650 1491 ullam

62 1520 205 1561 valere
238 1519 552 1561 auctoritatem.
616 1519 879 1560 Scholiastas
912 1521 1165 1571 sequuntur,
1214 1522 1262 1561 ut
1300 1520 1540 1573 praecipuos
1572 1534 1650 1562 no-

62 1590 236 1648 minem,
286 1590 573 1639 Torrentius,-
598 1589 889 1640 Heindorfius,
937 1589 1225 1631 Buttmannus
1259 1589 1420 1643 (Ueber
1459 1591 1536 1633 das
1569 1591 1651 1633 Ge-

64 1660 339 1702 schichtliche
386 1661 476 1701 und
523 1660 590 1701 die
629 1660 953 1713 Anspielungen
991 1661 1049 1701 im
1082 1660 1255 1713 Horaz),
1305 1675 1520 1715 quemque
1566 1664 1652 1704 iam

63 1731 301 1781 nominavi,
359 1731 653 1780 Weichertus;
708 1731 1005 1772 dissenserunt
1059 1732 1314 1782 Lambinus,
1370 1733 1651 1782 Wielandius,

64 1802 109 1843 F.
142 1801 194 1842 A.
226 1801 408 1843 Wolfius
448 1801 508 1854 (in
547 1802 741 1843 Analect.
775 1802 902 1843 litter.
936 1803 952 1843 Ι
984 1816 1025 1855 p.
1060 1801 1176 1855 267).
1252 1804 1465 1845 Maecenas
1504 1804 1539 1844 si
1580 1816 1654 1844 ex-

65 1872 262 1922 cluditur,
310 1872 516 1913 Horatius
555 1873 800 1925 generalem
840 1873 1100 1914 sententiam
1147 1875 1344 1927 exemplo
1390 1874 1564 1915 habitus
1612 1877 1655 1915 et

66 1943 196 1984 vestis
230 1956 252 1983 e
285 1942 373 1983 vita
406 1943 668 1995 quotidiana,
709 1946 756 1984 ut
795 1943 915 1993 solet,
956 1946 1129 1997 sumpto
1171 1948 1213 1985 et
1246 1944 1301 1986 ob
1334 1945 1478 1986 oculos
1516 1945 1654 1998 posito

67 2014 127 2055 ita
160 2014 363 2063 declarat,
404 2019 451 2054 ut
491 2027 543 2054 ex
581 2013 711 2054 turba
749 2013 1082 2055 homuncionem
1115 2015 1386 2067 singulariter
1417 2017 1460 2056 in
1492 2015 1655 2068 vulgari

69 2085 212 2137 aliqua
243 2083 456 2137 pravitate
491 2084 770 2125 excellentem
803 2087 846 2125 et
877 2084 932 2125 ob
965 2085 1008 2125 id
1040 2088 1132 2126 tum
1164 2088 1328 2136 notum,
1368 2086 1445 2127 sed
1485 2086 1538 2127 de
1570 2099 1655 2138 quo

69 2155 172 2195 nihil
205 2155 261 2196 ad
292 2157 488 2207 posteros
520 2155 735 2208 perlatum
775 2168 869 2195 esse
908 2155 1082 2197 minime
1121 2157 1280 2197 mirum
1319 2156 1386 2207 sit,
1434 2156 1478 2197 in
1516 2159 1656 2197 trans-

71 2239 197 2267 cursu
236 2225 509 2278 perstringat,
559 2225 928 2277 quemadmodum
967 2226 1070 2267 facit
1107 2226 1254 2268 statim
1294 2227 1489 2279 proximo
1530 2239 1657 2268 versu

70 2297 114 2337 in
144 2296 303 2338 Rufillo
336 2298 378 2337 et
410 2295 635 2348 Gargonio,
685 2296 1052 2348 quemadmodum
1091 2297 1209 2338 initio
1248 2298 1392 2339 satirae
1430 2297 1657 2346 Fufidium,

72 2367 174 2408 alibi
218 2367 553 2416 Nomentanum,
601 2367 817 2416 Maenium,
868 2368 1109 2420 complures
1157 2368 1262 2409 alios
1310 2368 1495 2421 corripit.
1572 2368 1660 2409 Nec

73 2437 155 2478 dici
187 2438 417 2490 quicquam
449 2437 597 2490 possit,
639 2450 714 2478 cur
747 2451 797 2478 ea
836 2438 1050 2479 sententia
1080 2451 1167 2479 non
1199 2439 1362 2491 optima
1394 2439 1461 2489 sit,
1504 2439 1660 2492 quidve

74 2508 342 2549 desideretur
373 2508 572 2560 amplius.
635 2508 835 2549 Malchini
875 2511 1021 2549 autem
1052 2522 1224 2558 nomen,
1273 2510 1388 2561 quod
1435 2509 1537 2550 alibi
1574 2522 1660 2550 non

74 2578 154 2632 legi
186 2578 459 2619 Weichertus
491 2578 647 2619 mirum
680 2581 816 2630 putat,
851 2578 886 2620 si
920 2579 1005 2620 veri
1028 2580 1212 2621 hominis
1235 2580 1302 2630 sit,
1336 2580 1422 2621 iam
1444 2579 1662 2621 Bentleius

114 2764 141 2808 1)
171 2767 242 2800 Sub
270 2768 440 2800 Malthini
465 2769 603 2801 nomine
629 2768 777 2811 quidam
802 2767 1025 2800 ssIoeeenatem
1053 2769 1288 2810 suspicantur
1312 2769 1530 2811 siqnificari‚·
1556 2768 1599 2801 ab
1624 2778 1663 2800 re

171 2830 289 2859 tamen
311 2827 435 2868 ῥυείη·
458 2823 646 2870 μαλθακός
671 2828 763 2859 em'm
790 2828 896 2869 quasi
918 2823 1077 2869 μαλακός
1103 2828 1246 2860 (licitur.
1286 2828 1402 2860 Porro
1428 2831 1543 2860 autem
1570 2827 1664 2859 temi-

172 2886 222 2917 ce‘s
247 2885 409 2918 demissis
435 2886 618 2919 ambulare
643 2896 765 2919 eorum
790 2890 850 2925 est,
877 2887 940 2928 qui
963 2896 998 2918 se
1016 2887 1134 2919 molles
1152 2898 1194 2919 ac
1210 2887 1377 2920 delicatos
1394 2886 1518 2918 haberi
1534 2885 1664 2918 volunt.

173 2943 307 2977 Eadem
335 2943 408 2977 fere
434 2944 543 2977 hahet
568 2943 777 2978 scholiastes
804 2944 1042 2987 Cruquianus.

1344 3002 1385 3035 4*

1670 1540 1704 1566 65
