1915 3235
833 101 915 143 387

83 234 308 282 etiamtum,
340 232 384 273 in
414 231 557 272 verbis
590 230 815 284 iungendis
849 243 933 271 non
965 231 1244 272 aberrabunt.
1292 230 1417 283 AEgre
1450 230 1540 272 sero
1562 231 1667 272 talia

81 303 182 356 fingi
212 305 303 343 tam
336 315 465 354 saepe.

200 373 402 425 Sequitur
442 371 486 413 in
529 385 563 413 c.
597 372 666 421 63,
716 372 794 412 131
839 372 957 413 locus
1000 371 1129 424 paulo
1173 370 1368 412 licentius
1410 371 1466 413 ab
1509 371 1666 413 Orellio

81 446 304 493 tractatus,
337 445 558 496 praeeunte
591 442 845 490 Garatoni03
879 441 956 482 sed
987 440 1193 482 Orellium
1224 444 1451 494 perspecta
1473 442 1666 483 codicum

81 514 190 556 ratio
222 517 264 555 et
297 512 550 555 confirmata
581 512 777 565 pluribus
815 512 999 553 testibus
1032 511 1265 552 auctoritas
1297 524 1500 553 revocare
1532 512 1667 554 debu-

82 588 188 626 erat.
251 584 395 625 Edidit
426 583 560 624 enim:
608 596 734 637 quum
772 583 875 636 ipsis
914 581 1048 623 Nonis
1080 581 1303 623 Seoetilibus
1332 582 1443 623 idem
1475 582 1563 623 dies
1594 583 1668 623 ad-

84 660 222 696 uentu-s
253 655 334 695 mei
362 654 524 707 fuisset,
568 654 640 708 qui
682 653 840 694 natalis
881 652 990 693 idem
1023 653 1253 693 carissimce
1292 652 1407 705 filice,
1455 667 1580 707 quam
1621 667 1669 694 etr

78 726 327 780 qravissimo
358 729 444 765 tum
468 725 661 778 primum
693 723 900 764 desiderio
933 723 1120 777 luctuque
1152 724 1356 776 conspexi,
1394 723 1505 764 idem
1545 725 1668 764 etiam

83 797 213 850 ipsius
244 796 412 836 coloniae
444 794 736 847 Brundisime,
769 794 878 834 idem
901 793 1073 846 Salutis,
1105 798 1151 834 ut
1181 795 1307 835 scitis.
1354 794 1402 835 In
1426 808 1512 847 qua
1535 795 1668 847 scrip—

80 869 178 907 tura
209 865 341 907 miror
374 865 458 907 duo
491 866 695 907 orationis
738 865 840 906 vitia
880 865 1012 905 latere
1052 865 1256 916 potuisse,
1304 865 1505 917 primum,
1554 865 1669 918 quod

81 937 254 978 dicitur:
301 937 431 977 idem
463 936 552 978 dies
585 937 785 977 adventus
814 936 976 988 fuisset,
1017 935 1102 990 qui
1132 934 1265 975 idem
1298 937 1391 985 cet.,
1440 935 1669 977 manifesto

80 1008 344 1060 pleonasmo,
393 1008 590 1057 alterum,
639 1007 766 1059 quod,
816 1020 946 1059 quum
987 1005 1184 1058 proxima
1216 1004 1343 1058 (idem
1375 1007 1514 1059 etiam,
1559 1006 1669 1047 idem

83 1077 258 1131 Salutis)
306 1081 454 1131 aperte
493 1078 762 1131 anaphoram
795 1078 838 1118 in
869 1089 973 1118 voce
1006 1076 1115 1117 idem
1148 1076 1390 1126 ostendant,
1438 1079 1586 1118 tamen
1619 1090 1670 1118 ea

81 1149 260 1191 relativo
293 1149 440 1191 addito
473 1148 561 1204 (qui
592 1147 721 1201 idem)
753 1148 967 1189 turbatur.
1029 1147 1188 1188 Verum
1222 1147 1389 1188 codices
1422 1147 1464 1188 S.
1490 1148 1670 1189 Victoris

81 1223 123 1261 et
153 1220 288 1262 Paris.
321 1220 504 1261 habent:
552 1219 662 1259 idem
710 1219 799 1259 dies
846 1218 1046 1258 adventus
1091 1218 1173 1258 mei
1215 1217 1366 1270 fuisset
1402 1218 1562 1260 reditus
1600 1219 1671 1273 qui

82 1291 238 1331 natulis
268 1290 392 1340 idem,
432 1303 511 1331 nec
544 1290 667 1331 aliter
698 1290 741 1330 in
774 1289 900 1330 Bern.
934 1289 1074 1341 priore
1108 1288 1254 1337 fuisse,
1294 1289 1424 1330 fidem
1458 1289 1670 1330 secundus

81 1362 202 1411 facit;
241 1362 340 1403 hinc
373 1361 567 1410 efficitur,
611 1360 726 1413 quod
758 1360 980 1409 Gruterus,
1022 1359 1255 1408 Ernestius,
1297 1359 1547 1401 Schuetzius
1580 1360 1670 1401 edi-

81 1433 254 1474 derunt:
296 1432 497 1473 adventus
528 1432 608 1472 mei
638 1431 793 1483 fuisset·
818 1430 1068 1485 reditusque,
1108 1430 1266 1471 natalis
1297 1430 1408 1470 idem
1442 1433 1520 1472 cet.
1582 1430 1671 1472 Nec

82 1517 133 1545 ea
164 1504 376 1556 scriptura
407 1502 665 1555 reprehendi
696 1504 857 1554 potest,
904 1515 1007 1542 nam
1047 1514 1180 1553 quum
1214 1501 1266 1542 de
1298 1502 1439 1542 reditu
1471 1515 1549 1543 suo
1581 1501 1671 1543 dic-

80 1577 201 1615 turus
235 1577 350 1615 esset
382 1572 575 1626 (Reditus
606 1587 699 1613 vero
732 1586 845 1613 meus
866 1574 938 1628 qui
956 1572 1102 1626 fuerit,
1137 1574 1228 1628 quis
1249 1571 1475 1627 iquoruffl),
1509 1575 1668 1621 tamen,

82 1658 214 1698 quum
257 1657 357 1685 eum
400 1644 534 1694 diem,
584 1657 669 1697 quo
716 1643 992 1684 Brundisium
1038 1644 1247 1693 venisset,
1296 1646 1669 1694 commemoraret,

80 1729 167 1757 non
197 1717 369 1768 poterat
400 1714 649 1767 simpliciter
681 1714 844 1755 reditus
876 1714 942 1755 sui
975 1727 1074 1755 eum
1108 1714 1222 1755 diem
1255 1715 1495 1767 appellare;
1528 1727 1669 1767 neque

82 1786 195 1827 enim
218 1785 507 1834 Brundisium,
542 1785 620 1826 sed
651 1786 694 1825 in
723 1785 890 1826 Italiam
913 1786 1187 1837 Romamque
1221 1787 1478 1834 reverterat;
1510 1785 1668 1838 itaque,

82 1869 135 1897 ne
168 1856 331 1897 reditus
363 1860 510 1896 tamen
541 1856 659 1896 notio
699 1855 1016 1913 obscuraretur,
1066 1856 1303 1896 coniunxit:
1353 1856 1554 1897 adventus
1592 1857 1672 1896 mei

79 1927 229 1979 fuisset
260 1927 509 1981 reditusque.
558 1926 961 1978 Interpretationem
995 1926 1169 1978 quidem
1202 1926 1294 1967 voci
1320 1926 1520 1967 adventus
1543 1939 1670 1968 nemo

83 1998 377 2050 adscripturus
410 1999 523 2043 erat;
557 1999 599 2037 et
630 1999 751 2049 patet
783 1996 1044 2038 deteriorum
1067 1997 1262 2038 codicum
1285 1997 1507 2050 scripturae
1540 2010 1672 2038 causa

81 2068 124 2109 in
171 2069 253 2109 levi
301 2069 561 2121 optimorum
610 2068 766 2108 mendo
807 2066 895 2122 (qui
933 2081 1011 2120 pro
1051 2064 1203 2122 que).¹)
1266 2068 1429 2108 Deinde
1462 2081 1595 2121 quum
1627 2069 1670 2108 in

83 2139 299 2180 codicibus
333 2141 465 2180 esset:
498 2139 608 2179 idem
640 2143 684 2178 ut
715 2139 840 2187 scitis,
874 2140 989 2179 recte
1021 2138 1238 2179 Manutius
1270 2138 1370 2179 inde
1402 2138 1520 2179 fecit:
1561 2138 1669 2179 idem

83 2209 260 2260 Salutis,
308 2211 437 2251 modo
483 2223 537 2251 ne
584 2210 910 2262 interposuisset
948 2214 1003 2257 εἰς
1051 2222 1138 2250 non
1183 2211 1299 2249 recte
1346 2209 1582 2250 Lambinus
1630 2212 1671 2249 et

82 2280 264 2322 Orellius
297 2284 527 2333 utrumque
561 2281 892 2328 coniunxerunt3
927 2279 1030 2332 quid
1062 2282 1155 2320 erat
1182 2280 1309 2330 enim,
1344 2292 1419 2320 cur
1449 2280 1531 2320 hoc
1564 2279 1670 2320 Tul-

81 2352 160 2393 lius
194 2351 385 2401 adderet,
420 2354 495 2392 aut
527 2364 602 2392 cur
633 2351 677 2391 in
708 2351 789 2391 hoc
821 2350 1094 2402 potissimum
1116 2350 1313 2391 membro
1336 2350 1525 2391 iudicum
1549 2351 1670 2404 quasi

81 2423 326 2463 testimonio
359 2424 579 2463 uteretur?
627 2421 712 2462 Sed
753 2421 946 2461 nondum
984 2433 1115 2461 sanus
1159 2423 1225 2462 est
1265 2423 1380 2462 totus
1423 2422 1492 2462 hic
1530 2422 1670 2470 locus3

83 2492 327 2545 adiungitur
360 2493 492 2533 enim:
541 2506 744 2547 quumque
781 2506 843 2531 me
881 2491 1027 2531 domus
1059 2491 1213 2532 euclem·
1233 2493 1480 2545 optimorum
1513 2497 1549 2533 et
1579 2492 1670 2532 doe-

82 2562 335 2602 tissimormn
382 2561 682 2615 (probabiliter
729 2562 874 2602 Garat.
920 2561 1265 2615 fortissimorum)
1305 2564 1491 2613 virorum
1531 2562 1671 2603 Lcenii

120 2748 147 2792 ¹)
174 2748 444 2793 [Scribendumz
472 2762 581 2794 qaeizcm
609 2752 696 2793 ipsis
722 2751 835 2784 Nonis
856 2751 1049 2784 Sextilibus
1075 2751 1164 2784 idem
1182 2751 1256 2784 dies
1274 2752 1445 2784 adventus
1462 2752 1530 2783 vmei
1543 2751 1669 2792 fuisset

178 2811 379 2853 reditusque
406 2810 550 2851 natalis,
579 2810 669 2842 idem
695 2810 893 2842 carissimoe
915 2810 1009 2852 filice,
1038 2835 1185 2843 .....
1219 2811 1312 2843 idem
1338 2811 1444 2842 etiam
1479 2810 1592 2852 ipsius
1617 2819 1671 2841 eo-

176 2869 279 2902 ?om'ce
315 2869 549 2902 Brundi-since
581 2871 645 2901 cet.
705 2867 774 2901 Cfr.
808 2867 853 2900 ad
885 2867 958 2901 Att.
985 2867 1051 2908 III,
1084 2866 1139 2909 ΞΟ,
1176 2866 1213 2901 1;
1255 2869 1348 2901 diem
1384 2868 1539 2901 natalem
1576 2868 1670 2900 redi-

177 2932 234 2960 tus
259 2925 353 2969 mei]

1326 2984 1389 3017 95*

1691 2221 1742 2246 500
