1915 3235
123 2321 173 2346 247

923 120 1009 161 200

170 255 369 296 custodes
403 266 499 293 cum
534 253 595 301 iis,
631 264 737 303 quos
771 249 986 290 custodire
1019 247 1241 297 deberent,
1282 248 1450 288 iunctos
1483 249 1525 287 et
1557 247 1764 299 aequatos,

170 326 246 367 sed
278 325 454 367 omnino
486 323 701 363 universae
733 321 835 361 iuris
877 320 1033 360 veteris
1075 321 1242 359 naturae
1282 319 1496 371 repugnat
1533 317 1767 358 Vehemen-

171 397 335 438 tissime
378 395 475 436 talis
519 393 703 433 civitatis
735 404 823 431 non
855 389 1043 440 amissio,
1093 389 1170 430 sed
1212 389 1456 430 imminutio
1498 388 1541 428 in
1584 400 1647 437 eo,
1697 386 1769 440 qui

172 467 345 520 plenam
380 478 476 506 eam
503 466 632 504 antea
656 463 886 510 tenuisset3
920 474 999 502 nec
1023 461 1159 501 ullum
1184 462 1399 513 praeterea
1425 459 1515 499 eius
1542 458 1768 510 Vestigium

174 540 250 588 est,
299 537 379 577 nisi
422 537 465 576 in
503 547 633 587 poena
674 533 869 573 censoria
902 545 1065 581 eorum,
1116 531 1188 583 qui
1220 531 1336 572 tribu
1367 530 1668 578 movebantur,
1718 541 1771 569 ex

174 622 259 662 qua
282 609 376 661 ipsa
399 604 722 658 comparatione
756 603 808 643 de
841 605 933 644 tota
966 615 1011 643 re
1044 602 1223 644 iudicari
1251 604 1407 654 potest.
1460 600 1568 641 Illud
1592 601 1772 653 praeter-

174 680 223 720 iri
262 691 349 719 non
389 677 531 724 debet,
583 674 771 727 antiquis
814 672 1083 725 temporibus
1129 673 1185 713 ab
1228 672 1300 713 illa
1342 673 1437 725 ipsa
1476 672 1625 724 plebe,
1675 683 1773 723 quae

174 752 401 802 tantopere
434 748 494 788 rei
527 746 711 799 publicae
746 743 1101 785 administrandae
1136 743 1345 784 maiorem
1378 745 1548 795 partem
1580 742 1772 795 petebat,

176 822 352 872 eiusque
386 818 570 859 tribunis
603 816 845 870 postulatas
880 828 974 855 esse
1014 827 1216 867 agrorum
1260 814 1574 866 assignationes
1614 812 1774 853 coloni-

176 903 387 943 arumque
436 888 716 930 deductiones
761 885 854 939 (cfr.
889 886 977 926 Liv.
1012 885 1078 935 IV,
1131 885 1197 934 11,
1246 885 1317 934 47,
1366 884 1421 925 58
1471 883 1562 937 (ubi
1610 876 1798 924 veteres

178 964 386 1004 editiones
419 960 664 1002 necessaria
697 957 1000 999 emendatione
1034 957 1219 997 habent:
1253 969 1408 996 memor
1441 955 1645 996 libertatis
1676 954 1778 994 colo-

179 1035 348 1074 nim-nm
399 1036 471 1071 aut
519 1031 615 1085 (tyri
654 1029 816 1083 publici
864 1032 936 1068 aut
983 1026 1185 1082 suffmqic‘
1229 1026 1355 1066 liber-e
1392 1026 1562 1078 ferendi
1604 1026 1779 1066 cmzsilia

179 1102 335 1158 witot),
379 1103 427 1152 V,
468 1102 537 1151 24,
577 1101 644 1149 VI,
697 1100 763 1149 16,
806 1097 940 1151 alibi).
1004 1098 1154 1150 Neque
1187 1097 1274 1138 ulla
1308 1098 1398 1138 eius
1431 1097 1616 1138 instituti
1648 1108 1780 1137 causa

180 1173 412 1227 excogitari
444 1175 600 1226 potest.
656 1171 767 1212 Nam
803 1169 918 1222 quod
951 1169 1006 1210 ab
1040 1168 1148 1209 urbe
1181 1168 1452 1221 aliquantum
1485 1167 1780 1216 discedebant,

181 1247 321 1287 minus
370 1245 553 1286 fortasse
605 1241 831 1284 commode
874 1241 939 1281 ius
983 1253 1111 1280 suum
1144 1253 1293 1281 omnes
1328 1252 1528 1280 exercere
1560 1239 1782 1292 poterant3

182 1320 373 1359 ceterum
407 1315 720 1367 antiquissimae
754 1312 932 1353 coloniae
957 1311 1113 1352 civium
1139 1324 1225 1352 non
1251 1311 1418 1364 longius
1446 1310 1629 1351 aberant
1652 1323 1783 1362 quam

182 1388 416 1440 municipia
449 1385 653 1438 suffragio
687 1384 861 1433 donata,
903 1395 981 1423 nec
1014 1384 1103 1423 tam
1137 1382 1275 1422 multa
1308 1384 1399 1422 tum
1434 1381 1627 1429 comitia;
1675 1393 1784 1433 pau-

182 1460 303 1501 latim
351 1457 518 1510 longius
567 1455 916 1501 deducebantur;
974 1466 1125 1493 verum
1173 1453 1326 1494 eodem
1373 1452 1503 1493 modo
1551 1450 1785 1503 municipia

183 1529 551 1584 propagabantur,
587 1532 641 1577 et,
677 1529 895 1567 crescente
931 1538 974 1565 re
1008 1524 1194 1576 publica,
1235 1524 1377 1564 minus
1410 1524 1496 1563 iam
1530 1524 1602 1563 aut
1637 1534 1787 1562 omnes

185 1603 260 1643 aut
292 1600 429 1641 maior
453 1612 554 1652 pars
581 1599 751 1646 civium,
787 1597 944 1649 quibus
970 1595 1141 1644 licebat,
1176 1595 1415 1635 intererant
1438 1594 1568 1634 rebus
1594 1592 1786 1646 agendis.

185 1672 311 1723 Quid,
357 1671 472 1724 quod
511 1671 670 1723 saepius
703 1669 790 1709 iam
824 1667 1012 1720 antiquis
1046 1665 1315 1718 temporibus
1349 1677 1451 1717 ager
1483 1665 1588 1705 satis
1622 1664 1788 1716 longin-

187 1756 296 1796 quus
331 1741 509 1791 civibuS,
558 1741 766 1782 militibus
799 1739 1001 1787 maxime,
1051 1735 1326 1777 dividebatur
1370 1739 1411 1776 et
1443 1735 1471 1775 ii
1503 1736 1546 1776 in
1580 1748 1679 1775 eum
1712 1734 1788 1775 de-

188 1814 479 1862 ducebantur,
536 1812 655 1852 nulla
711 1809 946 1851 constituta
1002 1808 1197 1849 colonia?
1253 1820 1360 1859 quos
1408 1819 1536 1847 nemo
1584 1805 1789 1857 suffragio

188 1886 379 1939 privatos
412 1884 593 1936 putavit,
629 1895 762 1935 quum
795 1883 944 1921 tamen
976 1891 1152 1932 prorsus
1183 1878 1337 1919 eodem
1360 1878 1454 1919 loco
1478 1877 1630 1918 haberi
1656 1875 1789 1916 debe-

190 1959 283 1997 rent
333 1956 440 2008 (Lir.
473 1954 624 2003 XXXI,
674 1954 714 2003 4,
764 1950 853 2003 49).
923 1951 969 1991 In
1018 1951 1083 1991 his
1132 1951 1278 1990 autem
1327 1950 1510 2001 apparet
1556 1946 1791 1988 similitudo

193 2034 261 2064 τῶν
289 2029 496 2075 κληρούχων
523 2025 641 2078 apud
674 2024 859 2072 Graecos,
900 2022 1088 2062 maxime
1122 2021 1430 2068 Athenienses;
1470 2019 1514 2059 hi
1548 2019 1662 2059 enim
1696 2030 1792 2057 cum

191 2099 400 2139 Romanis
435 2096 610 2137 coloniis
652 2093 932 2147 comparandi
974 2096 1085 2141 sunt,
1136 2105 1221 2132 non
1265 2090 1441 2132 coloniae
1485 2090 1734 2131 Graecorum
1769 2101 1795 2129 a

193 2183 271 2210 sua
304 2170 464 2221 origine
499 2167 736 2207 disiunctae.
801 2164 879 2205 His
912 2167 1003 2204 tam
1036 2163 1273 2216 perspicuis
1314 2161 1593 2214 argumentis,
1638 2159 1795 2212 quibus

193 2240 440 2281 testimonia
474 2240 625 2291 postea
652 2237 920 2285 adiicientur,
956 2236 1181 2288 opponunt
1205 2234 1394 2287 primum
1420 2232 1636 2273 silentium
1661 2231 1794 2282 scrip-

194 2314 357 2358 torum;
406 2309 522 2362 quod
561 2311 711 2350 contra
750 2308 866 2360 ipsos
900 2307 1028 2347 valet.
1092 2304 1374 2346 Mutationem
1416 2303 1530 2343 enim
1563 2302 1606 2342 in
1640 2301 1794 2342 civium

196 2382 445 2424 condicione
479 2381 639 2421 factam
664 2393 744 2432 par
769 2381 861 2419 erat
888 2376 1238 2424 commemorari;
1272 2388 1386 2416 nunc
1409 2372 1659 2426 simpliciter
1684 2372 1796 2412 cives

197 2466 249 2494 ex
282 2453 389 2493 urbe
423 2452 575 2492 ductos
609 2451 840 2503 scriptores
873 2451 1073 2497 narrant;
1122 2460 1201 2487 nec
1234 2447 1273 2495 ii,
1316 2459 1423 2499 quos
1464 2445 1678 2485 sociorum
1718 2455 1796 2483 no-

197 2525 312 2566 mine
346 2524 397 2564 de
433 2524 596 2563 civibus
630 2521 884 2573 suffragium
917 2533 1004 2560 non
1036 2517 1299 2560 habentibus
1332 2530 1432 2557 usos
1466 2515 1676 2564 videmus,
1717 2526 1796 2553 un-

199 2608 329 2648 quam
379 2594 439 2634 ita
487 2593 539 2633 de
589 2592 753 2633 civibus
803 2591 1084 2639 coloniarum,
1133 2588 1214 2629 nisi
1263 2587 1315 2627 de
1364 2586 1584 2627 veteribus
1632 2584 1795 2633 incolis,

199 2666 446 2718 loquuntur.
509 2664 596 2704 Nec
630 2663 765 2704 ullum
806 2663 1050 2703 institutum
1092 2660 1194 2701 iuris
1235 2658 1290 2699 ad
1330 2671 1403 2698 eos
1438 2658 1565 2706 cives,
1614 2668 1798 2708 quorum

296 2829 418 2863 addita
445 2839 562 2873 poena,
595 2827 623 2861 si
657 2827 736 2871 quis
769 2837 843 2860 non
878 2826 962 2859 isset
988 2822 1105 2864 (Dion.
1133 2823 1246 2857 Halic.
1274 2822 1348 2862 VII,
1383 2820 1437 2862 13,
1471 2819 1653 2854 Plutarch.
1681 2817 1799 2852 Corio-

297 2890 367 2922 11111.
398 2887 466 2929 13).

1883 230 1901 275 Tlg

1882 285 1901 312 Ἴ,
