1915 3235
829 103 911 144 441

83 230 174 284 (51)
197 231 482 286 *Mamertinos
513 246 650 274 ommes
682 232 852 274 civitate
886 233 1071 274 donasse
1103 236 1304 286 putemus
1344 233 1404 286 (id
1437 237 1513 284 est,
1554 235 1666 276 Mes-

81 317 199 344 sanae
232 304 448 345 civitatem
480 302 735 357 sustulisse),
770 305 844 344 aut
876 304 1055 356 vestigia
1077 307 1278 357 corrupta
1301 305 1484 346 nominis
1507 307 1667 358 proprii

81 374 316 424 deleamus,
365 374 481 426 quod
519 374 654 415 infimi
692 374 847 415 codicis
887 374 1087 415 librarius
1120 387 1223 415 voce
1255 387 1341 415 non
1374 375 1588 416 intellecta
1621 389 1666 417 se

80 444 284 485 liberarit.
348 445 550 486 Extremo
594 445 732 497 capite
775 445 947 498 gravius
989 445 1195 486 mendum
1239 445 1407 494 subest3
1454 459 1557 487 nam
1588 459 1667 487 nec

84 515 244 556 Ennius
268 516 394 556 dixit:
428 516 613 570 quisquis
635 516 727 567 erit,
758 516 910 555 cuiatis
932 516 1019 563 siet,
1053 516 1182 557 modo
1204 516 1325 557 verbi
1346 530 1479 569 prave
1503 517 1667 558 variato

84 588 125 626 et
158 585 426 628 coniunctivo
460 587 630 636 soloeco,
680 599 758 627 nec
798 587 950 626 cuiatis
990 588 1055 626 est
1086 587 1408 641 mensamque,
1458 589 1499 627 et
1531 600 1668 627 omnes

79 669 157 708 pro
189 656 274 706 7200,
309 657 424 709 quod
455 657 618 697 habent
650 669 799 698 omnes
833 656 955 697 codd.
990 654 1142 708 [etiam
1174 656 1282 709 AB}
1316 657 1530 698 levissime
1563 658 1666 698 sub-

78 726 275 768 stitutum
316 730 393 768 est.
456 728 544 768 Aut
586 728 709 768 Ennii
751 727 913 779 aliquot
956 727 1089 768 Verba
1131 730 1230 780 post
1270 728 1345 768 siet
1387 728 1572 777 fuerunt,
1621 731 1667 769 ut

80 797 294 839 Ciceronis
327 799 564 850 inciperent
596 798 651 839 ab
684 798 834 838 habent
865 798 950 848 hoc,
991 801 1066 839 aut
1099 798 1228 839 etiam
1268 799 1419 839 cuiatis
1452 798 1666 840 Ciceronis

79 867 171 918 fuit,
204 869 415 921 pluraque
448 869 710 910 exciderunt.
775 867 993 920 [Proxime
1038 869 1093 910 ad
1130 882 1280 910 verum
1314 869 1544 910 accesserit
1575 869 1667 910 haec

80 938 312 991 scriptura:
361 941 478 980 cuias
519 941 611 994 (luis
653 941 741 992 siet,
791 939 835 979 id
878 940 1029 980 habent
1069 954 1177 980 nunc
1220 938 1325 991 (aut,
1374 942 1420 980 ut
1452 939 1665 989 Halmius,

79 1007 215 1062 hodie)
249 1009 331 1050 lere
364 1015 399 1051 et
430 1025 590 1064 semper
621 1010 889 1063 habuerunt]

195 1080 242 1121 In
275 1080 413 1133 capite
447 1081 515 1131 23,
550 1082 605 1122 52
652 1082 842 1123 tollenda
890 1085 954 1122 est
1000 1081 1273 1133 interpolatio
1312 1082 1353 1121 in
1396 1081 1602 1122 editiones
1643 1094 1669 1122 a

80 1150 260 1192 Grutero
294 1164 345 1192 ex
377 1151 540 1204 aliquot
573 1152 695 1193 codd.
728 1153 911 1193 invecta.
975 1152 1125 1193 Editur
1157 1152 1291 1192 enim:
1337 1151 1464 1192 Multi
1494 1153 1539 1192 in
1571 1153 1668 1192 eiri-

78 1226 202 1261 tatem
234 1223 385 1276 recepti
417 1236 465 1262 ex
497 1222 639 1263 liberis
668 1222 967 1278 foederatisque
991 1223 1161 1277 populis
1193 1227 1287 1263 sunt
1319 1222 1497 1262 liberati.
1547 1222 1667 1263 Lethe-

80 1293 167 1332 rati
207 1291 470 1346 intelligendi
509 1296 634 1334 erunt
681 1294 868 1343 absoluti,
918 1307 1002 1347 quo
1050 1294 1289 1346 significatu
1336 1293 1440 1333 illud
1487 1293 1666 1333 verbum

80 1361 226 1404 Cicero
258 1363 401 1415 posuit
432 1377 510 1416 pro
551 1363 744 1406 Cluentio
779 1378 813 1406 c.
847 1366 915 1414 22,
951 1365 1019 1415 60,
1054 1377 1199 1416 quum,
1234 1363 1505 1416 praecedente
1539 1363 1668 1404 absol-

82 1437 236 1482 verent,
285 1433 367 1474 alio
415 1435 547 1476 verbo
595 1436 656 1476 uti
704 1438 941 1488 cogeretur.
1019 1435 1127 1476 Mira
1175 1436 1239 1475 est
1286 1436 1432 1474 autem
1479 1434 1668 1475 brevitas

80 1503 340 1554 elocutionis,
390 1506 551 1546 omissa
594 1506 878 1547 accusationis
922 1508 964 1546 et
1002 1505 1190 1546 criminis
1230 1506 1467 1553 mentione,
1516 1505 1666 1546 Vitiosa

79 1573 229 1624 etiam3
267 1588 369 1616 nam
402 1576 560 1617 multos
594 1579 833 1626 accusatOS,
875 1576 1095 1618 absolutos
1128 1589 1278 1616 omnes
1312 1575 1393 1616 dici
1426 1576 1667 1628 oportebat.

78 1644 186 1685 Illud
218 1658 388 1698 quoque
421 1647 632 1688 rationem
664 1661 751 1688 non
774 1647 919 1696 habet,
954 1647 1069 1699 quod
1094 1646 1392 1699 gravissimum
1427 1647 1508 1687 hoc
1541 1659 1668 1698 argu-

79 1718 273 1757 mentum
306 1718 495 1759 secundo
528 1718 620 1759 loco
652 1719 807 1770 posuit,
843 1731 894 1758 ex
926 1717 975 1758 iis
998 1720 1232 1769 sumptum,
1267 1717 1460 1769 quivere
1483 1716 1670 1757 absoluti

79 1789 235 1838 essent,
269 1788 408 1840 primo
440 1790 585 1829 autem
620 1789 744 1830 valde
776 1788 968 1837 dubium,
1005 1801 1056 1828 ex
1089 1801 1151 1838 eo,
1186 1787 1301 1840 quod
1333 1787 1462 1839 aliqui
1495 1791 1670 1839 propter

78 1858 192 1898 hunc
238 1858 426 1900 iudicum
475 1861 667 1900 animum
716 1859 771 1900 ab
821 1858 1093 1900 accusatione
1142 1858 1357 1899 destitisse
1400 1859 1668 1910 putarentur.

79 1927 176 1976 Sed,
211 1929 326 1981 quod
360 1933 489 1982 caput
522 1933 599 1980 est,
633 1943 700 1971 res
734 1932 837 1979 tota,
872 1943 968 1981 quae
994 1929 1159 1978 dicitur,
1194 1929 1304 1970 falsa
1333 1930 1408 1978 est,
1443 1929 1536 1980 ipso
1560 1930 1670 1968 teste
1690 1941 1723 1964 4¹

81 1998 283 2040 Cicerone
315 2001 358 2041 in
390 2001 596 2053 proximis
627 2001 790 2042 verbis:
826 2014 940 2041 nemo
972 2014 1157 2054 unquam
1191 2005 1247 2040 est
1278 1999 1328 2040 (Ze
1361 2000 1524 2039 civitate
1553 2012 1669 2039 accet-

81 2074 208 2122 satus,
242 2071 350 2125 quod
383 2077 456 2112 aut
479 2073 662 2126 populus
691 2071 855 2124 fundus
884 2072 1025 2124 factus
1056 2084 1138 2111 non
1163 2075 1262 2111 esset
1286 2075 1358 2110 aut
1384 2069 1492 2124 quod
1513 2069 1670 2122 foedere

79 2141 259 2182 civitatis
290 2142 504 2183 mutandoe
536 2143 602 2183 ius
635 2142 920 2196 impediretur.
983 2141 1027 2182 Si
1059 2154 1186 2182 nemo
1226 2143 1291 2182 est
1324 2143 1563 2189 accusatus,
1598 2139 1670 2192 qui

80 2211 203 2252 multi
235 2212 451 2255 absoluti?
498 2213 556 2254 At
595 2213 679 2254 alia
717 2213 776 2254 illi
808 2213 974 2253 ratione
1007 2212 1210 2253 accusati.
1274 2211 1406 2263 Atqui
1438 2213 1532 2252 tum
1564 2210 1669 2251 nihil

80 2282 136 2322 ad
167 2282 291 2324 Balbi
325 2297 500 2325 causam
534 2286 576 2324 et
608 2284 662 2324 ad
695 2283 808 2324 hanc
848 2283 1183 2335 disputationem
1223 2283 1441 2335 pertinent
1481 2282 1669 2331 omnino,

81 2366 166 2405 qua
213 2354 360 2396 Cicero
407 2354 596 2396 iudicum
644 2354 697 2395 de
744 2355 826 2395 hoc
876 2353 1160 2394 accusationis
1208 2365 1364 2405 genere
1411 2353 1670 2394 sententiam

80 2424 280 2466 ostendit.
343 2425 528 2467 Omnem
574 2425 687 2466 hanc
735 2424 1032 2465 difficultatem
1080 2422 1190 2464 tollit
1229 2423 1364 2464 codex
1402 2423 1669 2473 parisiensis,

81 2495 166 2547 qui,
216 2496 581 2537 consentientibus
625 2495 956 2543 Oxoniensibus,
1005 2493 1097 2534 sine
1137 2494 1268 2535 dubio
1301 2494 1433 2535 etiam
1464 2493 1671 2535 Palatinis

80 2567 238 2617 praeter
268 2579 444 2617 nonum,
479 2569 521 2608 et
552 2566 801 2619 vulgaribus
835 2564 1035 2606 omnibus
1069 2566 1112 2606 et
1143 2564 1402 2606 edItionibus
1435 2566 1535 2606 ante
1562 2564 1671 2605 Gru-

81 2637 234 2687 terum,
283 2637 442 2678 omittit
483 2650 610 2679 voces
652 2641 748 2677 sunt
786 2635 965 2677 liberati.
1029 2636 1117 2676 Iam
1166 2636 1312 2676 omnia
1358 2637 1496 2677 recta:
1546 2634 1673 2675 Multi

81 2708 232 2760 recepti
268 2708 315 2748 in
353 2709 558 2749 civitatem
601 2722 650 2748 ex
690 2707 833 2748 liberis
873 2706 1172 2761 foederatisque
1211 2706 1377 2760 populis
1419 2704 1485 2758 (ut
1526 2704 1670 2757 ampla

83 2781 196 2818 esset
228 2778 514 2820 accusationis
546 2777 793 2819 huiusmodi
825 2775 1031 2829 occasio):
1063 2790 1180 2817 nemo
1212 2790 1399 2832 unquam
1423 2781 1479 2817 est
1502 2776 1552 2816 de
1575 2776 1671 2816 civi-

82 2851 164 2888 tate
196 2854 412 2890 accusatus
445 2852 524 2890 cet.
586 2847 930 2901 Interpolationis
963 2846 1122 2900 duplex
1154 2860 1285 2888 causa
1317 2847 1416 2896 fuit;
1449 2860 1550 2888 nam
1578 2858 1670 2895 nee,

84 2930 168 2970 quo
200 2921 446 2972 spectarent
477 2919 550 2960 illa
581 2917 729 2968 verba,
763 2918 1094 2971 intelligebatur,
1129 2930 1225 2970 quae
1256 2917 1461 2971 proximis
1496 2917 1672 2957 demum
