1915 3235
850 73 934 115 383

93 205 116 258 ἓ
152 206 233 247 118
267 204 542 258 (dispicientis
585 217 636 245 ex
676 203 799 245 codd.
832 203 1044 256 scriptura
1086 203 1348 258 despicientis
1390 220 1467 259 pro
1509 208 1683 261 vulgato

94 274 380 330 respicientis).
395 272 428 326 1)

206 346 253 386 In
286 359 320 387 c.
354 346 422 395 56.
467 345 562 393 120,
603 344 676 385 ubi
715 344 862 385 Cicero
903 344 1108 396 AEsopum
1151 358 1311 399 semper
1336 347 1528 400 partium
1562 348 1603 387 iu
1638 362 1682 388 re

81 416 266 470 publica,
300 421 501 470 tanquam
532 416 577 456 iu
608 428 743 467 scena,
777 415 1030 468 optimarum
1062 427 1155 455 esse
1188 415 1301 465 dicit,
1335 416 1442 458 scita
1467 421 1531 458 est
1558 417 1680 459 Orel-

89 486 130 527 lii
164 473 376 527 dubitatio
409 486 462 527 de
493 486 716 539 particulae
748 498 841 534 usu,
876 485 992 537 quod
1013 490 1214 540 tauquam
1244 499 1331 528 non
1360 488 1403 528 in
1435 487 1682 530 huiusmodi

90 557 411 609 comparatione
445 557 627 598 duarum
661 569 806 597 rerum
839 556 1122 597 discretarum
1160 558 1261 609 poni
1301 558 1451 607 soleat,
1497 572 1681 611 quarum

87 629 270 680 utraque
301 640 402 668 vere
435 627 487 668 sit
529 624 925 682 (quemadmodum),
975 626 1052 667 sed
1097 629 1203 676 tum,
1254 642 1385 681 quum
1429 629 1573 681 aliqua
1613 643 1680 672 res

88 697 235 738 similis
269 711 363 739 esse
396 698 576 746 dicatur,
611 710 661 738 ac
693 697 728 738 si
760 697 843 738 alia
877 698 944 738 sit.
1008 697 1094 738 Sed
1125 699 1206 740 hoc
1238 699 1297 740 ita
1330 702 1396 741 est
1426 713 1591 749 Verum,
1634 704 1681 742 ut

86 770 233 809 tamen
263 769 307 809 in
340 769 459 810 brevi
493 770 535 809 et
568 770 718 821 aperta
753 768 1050 809 coniunctione
1082 769 1306 823 utriusque
1331 771 1515 812 membri
1548 772 1680 814 inter-

86 838 189 878 dum
221 843 422 894 tanquam
454 839 525 880 illo
559 839 694 880 altero
726 839 855 880 modo
889 839 1067 887 dicatur,
1109 840 1224 892 quod
1262 842 1450 883 maxime
1483 846 1678 895 apparet,

85 909 156 949 ubi
191 914 392 965 tanquam
423 909 538 962 (cum
563 909 807 957 indicativo,
842 910 894 950 (16
926 922 972 950 re
1004 923 1119 952 vera.
1153 923 1240 952 non
1272 912 1325 952 (16
1357 913 1604 966 hypothesi)
1637 916 1680 955 et

83 982 141 1020 sz‘c
172 980 501 1034 coniunguntur,
534 981 653 1021 velut
684 980 803 1021 Brut.
822 980 891 1029 66,
926 980 1011 1020 234
1044 979 1260 1036 (tanquam
1298 983 1424 1024 Curio
1458 1007 1512 1012 -—
1535 986 1678 1038 tenuit,

83 1051 140 1090 sic
165 1050 238 1092 Cu.
263 1050 498 1104 Lentulus),
532 1051 588 1092 ad
610 1051 755 1101 Quint.
779 1051 845 1091 Fr.
869 1051 898 1099 Ι,
936 1051 972 1100 1,
1007 1063 1042 1091 0.
1070 1051 1136 1100 16,
1160 1051 1229 1101 46,
1265 1053 1438 1095 Τ1150111.
1462 1055 1509 1104 V,
1535 1057 1573 1105 ξ),
1612 1057 1677 1105 13,

83 1119 157 1172 [ad
199 1121 353 1171 Quirit.
398 1122 616 1175 postvred.
654 1123 690 1170 1,
733 1118 841 1174 4]‘²),
891 1125 945 1170 et,
994 1122 1084 1162 sine
1127 1123 1269 1173 verbo,
1319 1137 1407 1166 una
1448 1127 1676 1176 sententia,

81 1190 200 1232 Brut.
235 1192 302 1241 74,
349 1194 446 1242 258,
487 1193 543 1234 ad
575 1192 657 1243 Qu.
692 1192 758 1233 Fr.
791 1193 820 1242 Ι,
858 1194 894 1242 1,
941 1193 977 1242 1,
1018 1193 1059 1232 4.
1122 1193 1270 1245 Itaque
1314 1198 1356 1236 et
1394 1196 1475 1237 hoc
1508 1197 1600 1238 1000
1634 1199 1677 1238 ia

84 1275 129 1302 re
152 1276 198 1316 J).
232 1267 434 1318 tauquam
466 1265 509 1304 iu
542 1277 664 1304 scena
698 1262 758 1315 (id
791 1265 856 1304 est
887 1268 1087 1317 tauquam
1122 1265 1164 1304 iu
1196 1279 1331 1317 semaa,
1375 1268 1434 1307 sic
1465 1269 1510 1308 iu
1542 1283 1587 1309 re
1611 1268 1676 1322 p.)

81 1332 337 1383 defenditur,
379 1337 420 1375 et
452 1334 507 1375 ad
539 1334 668 1375 Attic.
702 1334 768 1383 VI,
806 1335 842 1383 1,
884 1334 930 1375 5:
977 1333 1084 1388 quod
1116 1334 1232 1375 video
1265 1336 1340 1376 tihi
1372 1339 1493 1378 etiam
1527 1353 1674 1380 uocum

82 1403 291 1455 accidisse,
335 1409 535 1459 tauquam
578 1405 694 1454 vulzi,
742 1405 817 1445 ubi
857 1404 1040 1446 Orellius
1081 1406 1238 1458 probat
1282 1407 1465 1450 Ernestii
1509 1412 1676 1452 0011160-
1712 1439 1716 1445 »

81 1476 244 1515 turam:
292 1479 374 1515 tam
409 1489 555 1516 novum
592 1475 791 1516 accidisse
823 1489 944 1530 quam
979 1475 1097 1516 mihi.
1147 1475 1252 1528 [Cfr.
1287 1478 1340 1519 de
1373 1480 1423 1520 N.
1457 1480 1507 1521 D.
1541 1481 1569 1529 Ι,
1604 1482 1673 1531 26,

84 1544 150 1594 74,
185 1545 312 1586 Τ1150.
347 1546 376 1595 Ι,
411 1546 478 1595 36,
514 1546 582 1595 88,
617 1546 672 1587 ad
705 1546 825 1586 Fam.
860 1546 929 1593 IX,
968 1547 1033 1596 16,
1068 1547 1106 1596 6,
1141 1548 1197 1588 ad
1229 1549 1318 1590 Att.
1352 1550 1418 1600 ΙΙΙ,
1458 1552 1522 1594 15.
1564 1550 1674 1605 4.]3)

79 1614 126 1656 111
157 1615 239 1657 hac
272 1617 427 1658 eadem
461 1616 663 1665 sectione,
712 1616 787 1657 ubi
826 1615 1010 1658 Orellius
1051 1631 1103 1658 ex
1143 1619 1242 1660 edit.
1277 1620 1480 1674 Hervagii
1521 1614 1672 1664 edidit:

83 1686 163 1739 eqit
214 1686 329 1740 apud
371 1687 575 1741 populum
614 1686 870 1737 Romanum,
920 1688 1096 1741 propius
1145 1690 1201 1730 ad
1248 1691 1443 1732 codicum
1492 1694 1673 1747 vestigia

81 1754 125 1808 (a
152 1756 200 1797 Ρ.
236 1755 307 1809 R.)
341 1758 547 1798 accedere
579 1758 768 1799 videtur:
803 1759 860 1799 (ul
884 1772 983 1813 pop.
1017 1759 1069 1800 R.
1120 1760 1233 1801 Tum
1266 1761 1308 1802 in
1341 1763 1497 1804 veteris
1530 1767 1672 1816 poetae

78 1839 218 1876 versu,
252 1827 326 1868 ubi
359 1828 517 1869 editur:
552 1829 613 1869 Re
635 1829 778 1881 dubia,
812 1843 884 1870 nec
906 1829 1113 1871 dubitarit
1133 1832 1262 1872 vitam.
1285 1832 1448 1885 offerre,
1482 1834 1670 1886 primum

79 1896 186 1938 duas
234 1899 396 1950 primas
444 1912 569 1940 voces
618 1900 812 1941 Nobbius
856 1904 1005 1942 contra
1048 1901 1263 1944 Ciceronis
1305 1907 1496 1946 mentem
1538 1906 1671 1947 inter-

77 1968 307 2020 pungendo
341 1969 543 2023 disiungit
574 1983 599 2011 a
632 1971 818 2023 reliquis,
866 1973 1076 2024 tanquam
1121 1973 1177 2013 ad
1218 1974 1440 2026 superiora
1482 1976 1670 2028 pertine-

79 2041 173 2087 ant3
220 2052 360 2092 neque
409 2041 520 2081 enim
570 2041 717 2082 Cicero
764 2044 856 2082 tum
904 2043 964 2083 510
1011 2056 1161 2084 versus
1205 2044 1437 2086 divellisset
1477 2047 1668 2097 citand03

78 2108 233 2150 deinde
264 2124 342 2163 pro
376 2125 446 2152 nee
478 2112 645 2153 codices
684 2112 848 2153 habent
880 2118 924 2153 ut
967 2113 1095 2166 (Par.,
1137 2115 1336 2173 1361111,
1378 2117 1425 2165 2;
1474 2117 1527 2158 (16
1560 2118 1669 2159 Gru-

114 2306 141 2350 1)
167 2307 188 2351 ἓ
215 2309 282 2343 119
309 2311 385 2344 cod.
412 2311 492 2345 Par.
519 2322 602 2346 cum
631 2312 708 2346 Vat.
737 2323 778 2345 ne
804 2323 875 2355 qua
901 2313 1037 2346 levitate
1063 2325 1125 2347 me.

112 2365 140 2409 ²)
166 2368 235 2402 Cfr.
264 2369 407 2404 Terent.
434 2371 598 2405 Eunuch.
625 2371 668 2408 II,
695 2369 727 2412 2,
754 2370 799 2403 32>
826 2369 944 2413 (sumo
971 2382 992 2405 a
1017 2372 1301 2416 Ruddimanno).

112 2423 139 2468 ³)
165 2427 304 2462 Similia
342 2428 410 2462 dici
449 2429 492 2463 de
531 2431 637 2473 quasi
673 2433 835 2473 possunt,
875 2430 971 2473 quod
997 2430 1146 2466 Plautus
1179 2433 1309 2477 saepius
1342 2432 1427 2476 [vid.
1456 2435 1594 2480 Ussing.
1622 2436 1668 2470 ad

168 2485 301 2530 Amph.
331 2486 410 2529 159,
441 2488 512 2522 Mil.
540 2487 619 2529 392,
656 2491 691 2521 et
717 2488 904 2522 Lucretius
931 2489 990 2530 III,
1024 2489 1091 2522 147
1117 2490 1276 2533 Lachm.,
1309 2493 1367 2534 IV,
1402 2493 1479 2535 161,
1513 2495 1553 2537 V,
1587 2495 1666 2537 549,

168 2544 225 2585 VI,
251 2544 347 2588 877],
375 2546 496 2581 Cicero
523 2547 646 2587 semel,
674 2547 770 2590 quod
796 2546 918 2588 sciam,
946 2558 1030 2581 cum
1056 2549 1249 2584 indicativo
1275 2552 1395 2595 posuit
1420 2564 1484 2596 pro
1502 2556 1667 2597 quemad-

166 2605 320 2646 modum,
355 2605 399 2639 de
425 2606 564 2640 Senect.
593 2606 648 2647 19,
677 2605 738 2643 71;
778 2606 855 2640 51116
881 2606 992 2640 verbo
1018 2610 1142 2642 autem
1168 2608 1228 2643 illo
1255 2611 1363 2645 modo
1390 2611 1516 2646 itidem
1543 2614 1666 2655 semel,

166 2663 212 2696 ad
230 2663 256 2696 F
259 2674 328 2697 am.
349 2664 406 2705 IX,
434 2664 489 2706 16,
516 2664 537 2697 2
564 2664 627 2708 (ut,
655 2666 761 2709 quasi
785 2677 918 2699 aurum
938 2667 1024 2709 iqui,
1051 2669 1101 2700 sic
1119 2668 1353 2703 benevolentia
1369 2671 1483 2712 fidelis
1502 2673 1665 2714 periculo

167 2722 286 2765 aliquo
306 2725 469 2767 perspici
487 2723 618 2767 possit)
652 2723 779 2767 [etiam
805 2724 848 2758 de
875 2724 977 2758 Finn.
1003 2725 1029 2766 Ι,
1063 2725 1116 2766 18,
1152 2726 1207 2768 60,
1241 2728 1324 2762 Lael.
1352 2727 1428 2771 63];
1468 2730 1581 2763 semel
1615 2733 1666 2764 sic·

166 2790 239 2814 non
265 2781 399 2822 addito,
427 2782 470 2816 de
488 2782 528 2817 N.
547 2783 587 2817 D.
607 2783 633 2824 I,
659 2782 715 2823 36,
744 2782 827 2816 102:
855 2784 1040 2826 Epicurus
1065 2788 1172 2829 quasi
1189 2789 1301 2830 pueri
1324 2789 1467 2821 delicati
1476 2801 1484 2828 ;
1511 2799 1596 2822 nam
1619 2789 1664 2822 ad

164 2839 352 2883 vulgarem
378 2841 556 2875 rationem
591 2841 786 2876 dicendum
818 2845 911 2876 erat:
951 2845 1057 2886 quasi
1080 2856 1177 2887 puer
1208 2846 1380 2880 delicatus
1413 2845 1497 2889 (sit).
1550 2845 1663 2890 [Suet.

164 2896 242 2932 Tib.
269 2896 341 2941 50]

1693 1776 1744 1801 495
