1915 3235
167 770 217 796 161

990 126 1073 167 130

236 268 396 310 tamem
438 273 518 301 nec
551 258 722 300 aliunde
756 259 898 298 ortum
932 258 997 296 est
1028 259 1127 303 tam,
1168 253 1285 306 quod
1316 252 1470 306 legitur
1502 253 1544 294 in
1577 253 1746 294 duobus
1780 265 1832 294 ex

236 332 421 386 optimis,
461 331 688 372 Pithoeano
722 329 764 368 et
796 326 889 367 cod.
923 324 1132 378 Stephani
1170 323 1337 377 (quinti,
1379 323 1664 375 Coloniensis,
1698 326 1832 379 scrip-

237 407 335 446 tura
372 404 523 444 notata
561 412 648 440 non
689 395 784 449 est).
862 396 970 437 Eam
1012 394 1270 448 particulam
1316 394 1467 436 referri
1505 397 1627 448 patet
1665 395 1722 437 ad
1760 406 1851 437 su-·
1914 392 1915 399 ’

236 473 380 527 perius
422 471 526 513 illud
567 468 744 511 etiamsi.
807 467 957 519 Itaque
1005 466 1064 507 ibi
1111 479 1235 507 novae
1275 466 1501 507 sententiae
1539 465 1708 507 initium
1755 468 1833 508 est.

237 544 359 585 Adeo
391 556 438 585 se
472 555 570 583 eam
602 539 902 593 gloriationem
934 551 1021 579 non
1052 536 1359 590 pertimescere
1392 535 1540 579 Cicero
1574 537 1634 578 ait
1666 536 1760 591 (cfr.
1794 538 1833 589 8,

238 613 325 667 23),
358 616 419 664 ut,
473 610 642 654 etiamsi
682 610 854 662 culpam
892 607 1209 662 prohibitorum
1241 608 1462 660 provincia
1494 607 1778 649 Tuberonum
1810 620 1837 650 a

238 685 406 738 Ligario
438 694 662 725 removere
695 681 843 734 possit,
879 679 1071 721 confiteri
1103 678 1238 719 malit.
1287 678 1436 731 Itaque
1469 692 1516 719 re
1548 691 1650 720 vera
1675 692 1701 720 a
1723 679 1836 721 Varo

240 758 282 797 et
313 755 406 797 aliis
440 754 636 795 exclusos
670 765 743 794 eos
767 764 873 800 esse,
908 750 1148 803 significare
1182 749 1312 791 debet
1344 748 1491 802 (idque
1523 749 1625 791 facit
1648 763 1682 791 c.
1708 750 1746 800 7,
1781 750 1837 791 22

239 828 282 867 et
314 838 348 867 c.
382 826 422 875 9,
457 823 544 877 27).
594 823 704 876 Ergo
736 835 823 864 non
856 822 994 863 essetis
1025 823 1235 873 tanquam
1261 820 1314 861 de
1337 833 1383 862 re
1407 820 1508 861 ficta
1540 820 1668 862 scribi
1698 820 1870 874 potuit,

239 896 336 950 (nec
377 897 472 937 turn
514 896 629 936 recte
675 895 929 946 sequeretur
973 890 1228 945 confitebor),
1278 892 1355 933 sed
1394 893 1501 933 estis.
1572 891 1839 944 Frequenter

239 969 283 1009 in
313 965 561 1009 huiusmodi
600 964 824 1007 sententiis
864 962 1246 1011 condicionalibus,
1296 961 1483 1002 maxime
1523 965 1621 1016 post
1661 964 1838 1013 etiamsi,

239 1038 497 1080 indicativus
528 1037 574 1078 in
606 1035 926 1078 conjunctivum
960 1047 985 1076 a
1018 1034 1203 1075 librariis
1232 1030 1486 1085 mutatur.¹)
1534 1033 1659 1075 Edidi
1690 1033 1838 1087 igitur:

237 1110 373 1163 fuisse
405 1132 462 1138 —
493 1107 742 1150 tradituros.
806 1105 990 1147 Etiamsi
1021 1119 1047 1146 a
1090 1104 1203 1145 Varo
1246 1109 1282 1145 et
1320 1104 1569 1159 quibusdam
1610 1105 1708 1146 aliis
1739 1118 1840 1159 pro-

240 1180 364 1222 hibiti
396 1180 504 1232 estis,
538 1193 608 1234 eqo
640 1183 780 1220 tamen
812 1176 1031 1230 confitebor
1063 1177 1143 1217 cet.

360 1250 577 1293 Orationis
620 1263 699 1304 pro
737 1261 837 1302 rege
876 1248 1079 1289 Deiotaro
1122 1246 1249 1288 unius
1292 1248 1450 1299 praeter
1493 1259 1606 1297 eum,
1655 1246 1708 1288 de
1757 1260 1842 1300 quo

241 1335 375 1376 supra
407 1322 493 1363 dixi
526 1321 579 1375 (c.
614 1322 653 1371 3,
688 1319 745 1373 8),
789 1320 871 1361 loci
904 1317 1150 1360 emendatio
1182 1317 1252 1358 hic
1283 1317 1446 1358 tuenda
1479 1319 1557 1368 est,
1600 1330 1634 1359 c.
1672 1317 1738 1368 10,
1772 1317 1841 1369 29,

242 1405 374 1446 quem
405 1393 546 1434 locum
580 1393 641 1433 ita
674 1390 857 1433 Orellius
890 1389 1080 1443 scripsit:
1133 1389 1268 1440 Quum
1307 1401 1414 1440 vere,
1456 1389 1638 1429 exercitu
1677 1389 1842 1441 amisso,

244 1478 328 1519 eqo,
368 1465 440 1519 qm·
471 1464 595 1518 pacis
634 1467 778 1504 auctor
809 1474 982 1515 semper,
1023 1465 1119 1515 post
1150 1460 1449 1501 Pharsalicam
1482 1464 1619 1500 autem
1643 1459 1845 1514 proelium

243 1548 394 1576 suasor
423 1534 600 1587 fuissem
643 1546 859 1574 armorum
891 1546 975 1572 reon
1006 1530 1356 1586 deponendorum,
1395 1530 1468 1571 sed
1500 1530 1844 1584 abiiciendoram,

245 1606 354 1647 hune
387 1605 444 1646 ad
485 1619 621 1646 meam
664 1604 953 1645 auctoritatem
991 1617 1073 1644 rton
1104 1603 1227 1657 potui
1266 1602 1488 1654 adducere,
1537 1601 1646 1657 qaod
1686 1606 1722 1642 et
1759 1602 1847 1655 ipse

247 1676 423 1718 ardebat
453 1676 591 1718 studio
623 1676 757 1730 ipsius
790 1675 884 1715 belli
922 1679 958 1716 et
988 1675 1112 1728 patri
1149 1673 1497 1726 satisfaciendum
1540 1686 1623 1714 esse
1662 1672 1845 1714 arbitra-

248 1748 384 1789 batur.
447 1747 588 1789 Huius
620 1747 786 1800 periodi
818 1746 983 1787 nullam
1016 1758 1111 1787 esse
1144 1746 1408 1786 structuram
1440 1746 1582 1797 patet;
1616 1757 1699 1786 vox
1732 1745 1846 1786 enim

248 1824 387 1860 autem
433 1819 493 1860 ita
541 1818 759 1870 coniungit
805 1817 878 1858 illa
914 1830 1076 1870 semper
1115 1818 1158 1857 et
1181 1820 1277 1870 post
1309 1815 1607 1856 Pharsalicum
1631 1815 1846 1869 proelium,

249 1893 296 1932 ut
326 1903 414 1932 una
451 1890 507 1931 sit
546 1889 760 1930 sententia
798 1889 870 1943 qui
909 1911 965 1916 —-
1001 1887 1191 1940 fuissem.
1254 1887 1404 1940 Itaque
1446 1886 1551 1927 illud
1590 1900 1716 1942 qaum
1753 1899 1848 1927 vero

248 1962 377 2014 plane
416 1960 577 2014 pendet
629 1973 708 2001 nec
755 1959 908 2008 habet,
958 1971 1042 2011 quo
1083 1958 1310 1999 referatur.
1380 1958 1468 1999 Nec
1505 1957 1741 2000 tolerabilis
1785 1960 1850 2000 est

250 2031 536 2086 superiorum,
586 2030 769 2079 Gruteri,
812 2029 981 2077 Graevii,
1023 2028 1208 2070 Ernestii
1241 2028 1339 2082 (etsi
1371 2029 1406 2070 is
1438 2027 1674 2082 improbat)
1714 2029 1849 2083 scrip-

250 2106 361 2154 tura,
394 2103 439 2144 in
471 2116 556 2156 qua
586 2102 656 2155 fui
688 2103 786 2155 post
816 2115 977 2155 semper
1007 2100 1193 2149 additur,
1227 2100 1479 2142 abundante
1511 2102 1553 2142 et
1586 2102 1850 2142 structuram
1903 2132 1905 2135 -

180 2192 232 2219 162
251 2174 455 2216 turbante
502 2174 714 2226 particula
754 2177 904 2222 autem,
954 2185 1051 2224 quae
1098 2172 1260 2221 relicta,
1309 2184 1483 2224 quoquo
1530 2171 1660 2214 modo
1708 2173 1851 2214 cetera

292 2314 319 2359 l)
344 2315 530 2350 Eiusmodi
557 2318 634 2349 erat
659 2315 836 2349 mendum
860 2314 898 2348 in
923 2317 1012 2348 orat.
1040 2325 1104 2358 pro
1130 2313 1201 2348 Mil.
1221 2312 1275 2354 11,
1302 2312 1358 2354 30,
1386 2313 1571 2347 sublatum
1597 2323 1618 2346 a
1644 2323 1703 2346 me
1721 2311 1852 2346 codicis

348 2373 576 2419 palimpsesti
602 2373 833 2410 auctoritate3
872 2372 909 2407 in
942 2384 1014 2417 quo
1046 2373 1124 2407 loco
1157 2383 1271 2417 quum
1304 2372 1469 2406 nonnulli
1494 2383 1647 2416 pravam
1673 2382 1752 2406 esse
1777 2371 1853 2406 vul-

347 2436 472 2478 gatam
497 2432 715 2476 scripturam
741 2432 949 2473 sensissent,
975 2443 1042 2467 nec
1067 2435 1191 2466 tamen
1216 2434 1314 2466 recte
1340 2433 1553 2472 mutassent,
1582 2430 1642 2464 alii
1667 2431 1770 2475 peius
1796 2430 1854 2465 de-

351 2491 555 2532 fenderunt,
594 2491 697 2535 quasi
736 2491 780 2525 de
817 2494 982 2535 tempore
1013 2491 1122 2526 modo
1153 2491 1254 2525 verbi
1286 2494 1462 2535 ageretur,
1502 2501 1575 2524 non
1601 2489 1855 2523 animadversa

351 2549 610 2585 condicionalis
636 2550 826 2584 sententiae
852 2550 1002 2585 ratione.
1041 2550 1147 2585 Nulla
1164 2561 1222 2584 res
1239 2555 1300 2593 est,
1327 2551 1360 2584 si
1385 2550 1501 2583 altera
1519 2554 1616 2592 esset,
1643 2559 1709 2582 nec
1728 2547 1854 2592 magis,

351 2611 385 2644 si
413 2611 553 2652 fuisset.
605 2608 657 2642 Ex
689 2608 929 2643 disiunctione
967 2608 1046 2652 (aut
1077 2609 1227 2643 omnino
1258 2619 1332 2643 non
1364 2608 1482 2653 potuit
1516 2608 1599 2642 Milo
1632 2607 1710 2642 iure
1741 2607 1855 2642 vitam

353 2668 450 2703 caede
476 2668 626 2702 alterius
652 2679 797 2702 servare
823 2672 886 2703 aut
905 2667 1039 2713 potuit)
1064 2668 1140 2702 haec
1167 2667 1322 2702 efficitur
1342 2667 1555 2712 disputatio:
1583 2666 1613 2701 si
1632 2677 1706 2700 non
1726 2665 1854 2710 potuit,

354 2726 444 2761 nihil
471 2737 568 2762 nunc
595 2726 663 2761 dici
690 2730 824 2771 potest3
864 2727 893 2761 si
924 2728 1053 2771 potuit,
1092 2727 1328 2772 quaerendum
1361 2729 1425 2770 est,
1464 2736 1565 2767 num,
1604 2725 1701 2770 quod
1726 2724 1854 2769 potuit,

354 2785 493 2820 factum
518 2785 574 2827 sit,
600 2789 641 2820 ut
666 2785 744 2820 iure
770 2786 951 2820 occiderit.
989 2787 1094 2820 Modo
1120 2785 1322 2820 necessario
1348 2785 1525 2820 utendum
1553 2787 1629 2819 erat
1649 2784 1854 2825 indicativo,

354 2848 530 2889 tempore,
569 2845 742 2889 quoniam
776 2845 821 2879 ad
854 2845 947 2879 hanc
972 2856 1085 2879 unam
1112 2845 1247 2879 caedem
1273 2844 1510 2888 quaestionem
1537 2843 1739 2884 adstrinxit,
1778 2853 1856 2887 per-

357 2904 469 2942 feeto;
509 2904 538 2938 si
564 2903 703 2938 infinite
729 2907 917 2948 quaereret,
944 2910 1062 2948 potest
1087 2904 1231 2945 diceret,
1270 2914 1354 2944 non,
1392 2906 1433 2937 ut
1459 2902 1674 2938 Garatonius
1700 2902 1855 2944 volebat,

350 2965 479 3007 possit.
