<?xml version="1.0" encoding="UTF-8"?>
<!DOCTYPE html PUBLIC "-//W3C//DTD XHTML 1.0 Transitional//EN"
    "http://www.w3.org/TR/xhtml1/DTD/xhtml1-transitional.dtd">
<html xmlns="http://www.w3.org/1999/xhtml" xml:lang="en" lang="en">
 <head>
  <title>
</title>
<meta http-equiv="Content-Type" content="text/html;charset=utf-8" />
  <meta name='ocr-system' content='tesseract 3.04.00' />
  <meta name='ocr-capabilities' content='ocr_page ocr_carea ocr_par ocr_line ocrx_word'/>
</head>
<body>
  <div class='ocr_page' id='page_1' title='image "./ionicolaimadvigi00madvuoft_0789.png"; bbox 0 0 1915 3235; ppageno 0'>
   <div class='ocr_carea' id='block_1_1' title="bbox 116 249 861 2350">
    <p class='ocr_par' dir='ltr' id='par_1_1' title="bbox 163 249 860 700">
     <span class='ocr_line' id='line_1_1' title="bbox 163 249 856 294; baseline 0.003 -11"><span class='ocrx_word' id='word_1_1' title='bbox 163 260 201 283; x_wconf 87' lang='lat' dir='ltr'>re</span> <span class='ocrx_word' id='word_1_2' title='bbox 227 249 403 294; x_wconf 80' lang='lat' dir='ltr'><strong>tantisper</strong></span> <span class='ocrx_word' id='word_1_3' title='bbox 434 250 600 284; x_wconf 82' lang='lat' dir='ltr'>facienda</span> <span class='ocrx_word' id='word_1_4' title='bbox 631 251 673 292; x_wconf 95' lang='grc' dir='ltr'>ΙΙ,</span> <span class='ocrx_word' id='word_1_5' title='bbox 707 251 762 293; x_wconf 87' lang='grc'>91,</span> <span class='ocrx_word' id='word_1_6' title='bbox 795 252 856 293; x_wconf 86' lang='grc'>96;</span> 
     </span>
     <span class='ocr_line' id='line_1_2' title="bbox 165 308 858 352; baseline 0.006 -11"><span class='ocrx_word' id='word_1_7' title='bbox 165 308 202 341; x_wconf 85' lang='grc'>111</span> <span class='ocrx_word' id='word_1_8' title='bbox 228 308 462 352; x_wconf 85' lang='lat' dir='ltr'>significanda</span> <span class='ocrx_word' id='word_1_9' title='bbox 487 309 660 344; x_wconf 86' lang='lat' dir='ltr'>dilatione</span> <span class='ocrx_word' id='word_1_10' title='bbox 687 314 722 344; x_wconf 91' lang='lat' dir='ltr'>et</span> <span class='ocrx_word' id='word_1_11' title='bbox 745 314 858 345; x_wconf 87' lang='lat' dir='ltr'>trans—</span> 
     </span>
     <span class='ocr_line' id='line_1_3' title="bbox 164 367 859 410; baseline 0.003 -9"><span class='ocrx_word' id='word_1_12' title='bbox 164 367 297 401; x_wconf 84' lang='lat' dir='ltr'>latione</span> <span class='ocrx_word' id='word_1_13' title='bbox 336 367 387 401; x_wconf 90' lang='lat' dir='ltr'>rei</span> <span class='ocrx_word' id='word_1_14' title='bbox 425 368 467 408; x_wconf 88' lang='lat' dir='ltr'>II,</span> <span class='ocrx_word' id='word_1_15' title='bbox 506 368 561 409; x_wconf 89' lang='grc'>91,</span> <span class='ocrx_word' id='word_1_16' title='bbox 601 368 656 409; x_wconf 93' lang='grc'>92,</span> <span class='ocrx_word' id='word_1_17' title='bbox 695 369 750 410; x_wconf 89' lang='grc'>96,</span> <span class='ocrx_word' id='word_1_18' title='bbox 791 369 859 403; x_wconf 94' lang='grc'>105</span> 
     </span>
     <span class='ocr_line' id='line_1_4' title="bbox 164 426 860 467; baseline 0.006 -8"><span class='ocrx_word' id='word_1_19' title='bbox 164 429 249 467; x_wconf 88' lang='lat' dir='ltr'>not.,</span> <span class='ocrx_word' id='word_1_20' title='bbox 289 426 333 460; x_wconf 90' lang='lat' dir='ltr'>de</span> <span class='ocrx_word' id='word_1_21' title='bbox 370 426 512 460; x_wconf 88' lang='lat' dir='ltr'>actione</span> <span class='ocrx_word' id='word_1_22' title='bbox 550 427 701 462; x_wconf 89' lang='lat' dir='ltr'>ulterius</span> <span class='ocrx_word' id='word_1_23' title='bbox 736 428 860 463; x_wconf 87' lang='lat' dir='ltr'>futura</span> 
     </span>
     <span class='ocr_line' id='line_1_5' title="bbox 163 483 860 530; baseline 0.006 -13"><span class='ocrx_word' id='word_1_24' title='bbox 163 485 206 525; x_wconf 83' lang='grc' dir='ltr'>ΙΙ,</span> <span class='ocrx_word' id='word_1_25' title='bbox 244 483 300 518; x_wconf 80' lang='grc'>92.</span> <span class='ocrx_word' id='word_1_26' title='bbox 350 484 428 519; x_wconf 91' lang='lat' dir='ltr'>Fut.</span> <span class='ocrx_word' id='word_1_27' title='bbox 468 489 636 520; x_wconf 79' lang='lat' dir='ltr'>exactum</span> <span class='ocrx_word' id='word_1_28' title='bbox 674 498 738 530; x_wconf 88' lang='lat' dir='ltr'>pro</span> <span class='ocrx_word' id='word_1_29' title='bbox 776 487 860 521; x_wconf 88' lang='lat' dir='ltr'>sim-</span> 
     </span>
     <span class='ocr_line' id='line_1_6' title="bbox 163 543 860 590; baseline 0.006 -14"><span class='ocrx_word' id='word_1_30' title='bbox 163 543 258 587; x_wconf 82' lang='lat' dir='ltr'>plici,</span> <span class='ocrx_word' id='word_1_31' title='bbox 273 547 511 578; x_wconf 82' lang='lat' dir='ltr'>evanescente</span> <span class='ocrx_word' id='word_1_32' title='bbox 525 544 741 585; x_wconf 77' lang='lat' dir='ltr'>discrimine,</span> <span class='ocrx_word' id='word_1_33' title='bbox 763 547 860 590; x_wconf 90' lang='lat' dir='ltr'>apud</span> 
     </span>
     <span class='ocr_line' id='line_1_7' title="bbox 164 602 859 648; baseline 0.004 -13"><span class='ocrx_word' id='word_1_34' title='bbox 164 602 319 636; x_wconf 89' lang='lat' dir='ltr'>comicos</span> <span class='ocrx_word' id='word_1_35' title='bbox 345 603 387 642; x_wconf 84' lang='lat'>11,</span> <span class='ocrx_word' id='word_1_36' title='bbox 414 602 469 640; x_wconf 81' lang='grc'>93,</span> <span class='ocrx_word' id='word_1_37' title='bbox 497 604 594 647; x_wconf 87' lang='lat' dir='ltr'>apud</span> <span class='ocrx_word' id='word_1_38' title='bbox 620 604 707 637; x_wconf 89' lang='lat' dir='ltr'>alios</span> <span class='ocrx_word' id='word_1_39' title='bbox 734 608 859 648; x_wconf 87' lang='lat' dir='ltr'>poetas</span> 
     </span>
     <span class='ocr_line' id='line_1_8' title="bbox 163 661 495 700; baseline 0.003 -6"><span class='ocrx_word' id='word_1_40' title='bbox 163 661 344 694; x_wconf 78' lang='lat' dir='ltr'>rarissime</span> <span class='ocrx_word' id='word_1_41' title='bbox 371 661 413 700; x_wconf 88' lang='lat' dir='ltr'>II,</span> <span class='ocrx_word' id='word_1_42' title='bbox 440 661 495 695; x_wconf 87' lang='grc'>97.</span> 
     </span>
    </p>

    <p class='ocr_par' dir='ltr' id='par_1_2' title="bbox 116 719 861 1941">
     <span class='ocr_line' id='line_1_9' title="bbox 116 719 859 755; baseline 0.003 -2"><span class='ocrx_word' id='word_1_43' title='bbox 116 719 293 754; x_wconf 86' lang='lat' dir='ltr'>Futurum</span> <span class='ocrx_word' id='word_1_44' title='bbox 319 723 488 753; x_wconf 82' lang='lat' dir='ltr'>exactum</span> <span class='ocrx_word' id='word_1_45' title='bbox 514 721 732 755; x_wconf 78' lang='lat' dir='ltr'>coniunctivi</span> <span class='ocrx_word' id='word_1_46' title='bbox 761 722 859 755; x_wconf 88' lang='lat' dir='ltr'>modi</span> 
     </span>
     <span class='ocr_line' id='line_1_10' title="bbox 164 778 859 822; baseline 0.003 -10"><span class='ocrx_word' id='word_1_47' title='bbox 164 778 363 822; x_wconf 82' lang='lat' dir='ltr'>seiungitur</span> <span class='ocrx_word' id='word_1_48' title='bbox 389 790 410 812; x_wconf 87' lang='lat' dir='ltr'>a</span> <span class='ocrx_word' id='word_1_49' title='bbox 443 779 603 822; x_wconf 83' lang='lat' dir='ltr'>perfecto</span> <span class='ocrx_word' id='word_1_50' title='bbox 640 780 859 814; x_wconf 85' lang='lat' dir='ltr'>coniunctivi</span> 
     </span>
     <span class='ocr_line' id='line_1_11' title="bbox 164 836 858 878; baseline 0.006 -9"><span class='ocrx_word' id='word_1_51' title='bbox 164 837 207 877; x_wconf 87' lang='grc' dir='ltr'>ΙΙ,</span> <span class='ocrx_word' id='word_1_52' title='bbox 233 836 289 878; x_wconf 85' lang='grc'>87,</span> <span class='ocrx_word' id='word_1_53' title='bbox 317 836 372 878; x_wconf 84' lang='grc'>97,</span> <span class='ocrx_word' id='word_1_54' title='bbox 399 836 485 877; x_wconf 86' lang='grc'>101;</span> <span class='ocrx_word' id='word_1_55' title='bbox 512 838 786 873; x_wconf 81' lang='lat' dir='ltr'>terminationes</span> <span class='ocrx_word' id='word_1_56' title='bbox 807 850 858 873; x_wconf 93' lang='lat' dir='ltr'>se-</span> 
     </span>
     <span class='ocr_line' id='line_1_12' title="bbox 165 895 860 940; baseline 0.004 -11"><span class='ocrx_word' id='word_1_57' title='bbox 165 895 292 929; x_wconf 83' lang='lat' dir='ltr'>cundae</span> <span class='ocrx_word' id='word_1_58' title='bbox 324 906 416 939; x_wconf 90' lang='lat' dir='ltr'>pers.</span> <span class='ocrx_word' id='word_1_59' title='bbox 443 895 544 940; x_wconf 63' lang='lat' dir='ltr'>sing„</span> <span class='ocrx_word' id='word_1_60' title='bbox 582 897 709 940; x_wconf 80' lang='lat' dir='ltr'>primae</span> <span class='ocrx_word' id='word_1_61' title='bbox 741 901 776 932; x_wconf 92' lang='lat' dir='ltr'>et</span> <span class='ocrx_word' id='word_1_62' title='bbox 808 909 860 932; x_wconf 86' lang='lat' dir='ltr'>se-</span> 
     </span>
     <span class='ocr_line' id='line_1_13' title="bbox 165 955 859 999; baseline 0.004 -11"><span class='ocrx_word' id='word_1_63' title='bbox 165 955 291 988; x_wconf 88' lang='lat' dir='ltr'>cundae</span> <span class='ocrx_word' id='word_1_64' title='bbox 316 955 408 998; x_wconf 91' lang='lat' dir='ltr'>plur.</span> <span class='ocrx_word' id='word_1_65' title='bbox 444 955 545 989; x_wconf 88' lang='lat' dir='ltr'>cuius</span> <span class='ocrx_word' id='word_1_66' title='bbox 572 967 751 990; x_wconf 85' lang='lat' dir='ltr'>mensurae</span> <span class='ocrx_word' id='word_1_67' title='bbox 777 957 859 999; x_wconf 74' lang='lat' dir='ltr'>sint,</span> 
     </span>
     <span class='ocr_line' id='line_1_14' title="bbox 164 1012 860 1054; baseline 0.006 -8"><span class='ocrx_word' id='word_1_68' title='bbox 164 1013 213 1054; x_wconf 91' lang='grc' dir='ltr'>ΙΙ,</span> <span class='ocrx_word' id='word_1_69' title='bbox 252 1012 313 1054; x_wconf 89' lang='grc'>98;</span> <span class='ocrx_word' id='word_1_70' title='bbox 359 1013 435 1047; x_wconf 90' lang='lat' dir='ltr'>eius</span> <span class='ocrx_word' id='word_1_71' title='bbox 473 1025 560 1047; x_wconf 87' lang='lat' dir='ltr'>usus</span> <span class='ocrx_word' id='word_1_72' title='bbox 598 1014 634 1048; x_wconf 89' lang='lat' dir='ltr'>in</span> <span class='ocrx_word' id='word_1_73' title='bbox 673 1016 860 1050; x_wconf 82' lang='lat' dir='ltr'>sententiis</span> 
     </span>
     <span class='ocr_line' id='line_1_15' title="bbox 164 1072 860 1109; baseline 0.004 -3"><span class='ocrx_word' id='word_1_74' title='bbox 164 1072 471 1106; x_wconf 82' lang='lat' dir='ltr'>condicionalibus</span> <span class='ocrx_word' id='word_1_75' title='bbox 498 1076 561 1106; x_wconf 89' lang='lat' dir='ltr'>aut</span> <span class='ocrx_word' id='word_1_76' title='bbox 587 1074 631 1107; x_wconf 90' lang='lat' dir='ltr'>ob</span> <span class='ocrx_word' id='word_1_77' title='bbox 652 1074 761 1108; x_wconf 91' lang='lat' dir='ltr'>aliam</span> <span class='ocrx_word' id='word_1_78' title='bbox 780 1085 860 1109; x_wconf 90' lang='lat' dir='ltr'>cau-</span> 
     </span>
     <span class='ocr_line' id='line_1_16' title="bbox 163 1131 860 1177; baseline 0.003 -12"><span class='ocrx_word' id='word_1_79' title='bbox 163 1143 243 1165; x_wconf 84' lang='lat' dir='ltr'>sam</span> <span class='ocrx_word' id='word_1_80' title='bbox 254 1131 525 1165; x_wconf 81' lang='lat' dir='ltr'>coniunctivum</span> <span class='ocrx_word' id='word_1_81' title='bbox 536 1132 755 1166; x_wconf 80' lang='lat' dir='ltr'>habentibus</span> <span class='ocrx_word' id='word_1_82' title='bbox 764 1134 860 1177; x_wconf 85' lang='lat' dir='ltr'>apud</span> 
     </span>
     <span class='ocr_line' id='line_1_17' title="bbox 164 1190 861 1235; baseline 0.003 -11"><span class='ocrx_word' id='word_1_83' title='bbox 164 1190 385 1234; x_wconf 82' lang='lat' dir='ltr'>antiquiores</span> <span class='ocrx_word' id='word_1_84' title='bbox 422 1190 466 1231; x_wconf 88' lang='grc' dir='ltr'>ΙΙ,</span> <span class='ocrx_word' id='word_1_85' title='bbox 505 1190 566 1231; x_wconf 88' lang='grc'>99,</span> <span class='ocrx_word' id='word_1_86' title='bbox 608 1192 704 1235; x_wconf 86' lang='lat' dir='ltr'>apud</span> <span class='ocrx_word' id='word_1_87' title='bbox 742 1192 861 1226; x_wconf 87' lang='lat' dir='ltr'>inferi-</span> 
     </span>
     <span class='ocr_line' id='line_1_18' title="bbox 165 1248 860 1295; baseline 0.003 -12"><span class='ocrx_word' id='word_1_88' title='bbox 165 1261 244 1284; x_wconf 89' lang='lat' dir='ltr'>ores</span> <span class='ocrx_word' id='word_1_89' title='bbox 270 1250 312 1290; x_wconf 87' lang='lat'>11,</span> <span class='ocrx_word' id='word_1_90' title='bbox 340 1248 424 1290; x_wconf 86' lang='lat'>101;</span> <span class='ocrx_word' id='word_1_91' title='bbox 463 1249 610 1283; x_wconf 87' lang='lat' dir='ltr'>liberior</span> <span class='ocrx_word' id='word_1_92' title='bbox 643 1261 730 1284; x_wconf 90' lang='lat' dir='ltr'>usus</span> <span class='ocrx_word' id='word_1_93' title='bbox 764 1252 860 1295; x_wconf 90' lang='lat' dir='ltr'>apud</span> 
     </span>
     <span class='ocr_line' id='line_1_19' title="bbox 165 1307 860 1352; baseline 0.003 -10"><span class='ocrx_word' id='word_1_94' title='bbox 165 1309 320 1342; x_wconf 88' lang='lat' dir='ltr'>comicos</span> <span class='ocrx_word' id='word_1_95' title='bbox 347 1308 389 1349; x_wconf 92' lang='lat' dir='ltr'>II,</span> <span class='ocrx_word' id='word_1_96' title='bbox 418 1307 485 1341; x_wconf 84' lang='lat'>100</span> <span class='ocrx_word' id='word_1_97' title='bbox 494 1321 501 1348; x_wconf 90' lang='lat'>;</span> <span class='ocrx_word' id='word_1_98' title='bbox 538 1320 603 1352; x_wconf 88' lang='lat' dir='ltr'>pro</span> <span class='ocrx_word' id='word_1_99' title='bbox 630 1309 752 1343; x_wconf 71' lang='lat' dir='ltr'>futuro</span> <span class='ocrx_word' id='word_1_100' title='bbox 779 1321 860 1344; x_wconf 92' lang='lat' dir='ltr'>con-</span> 
     </span>
     <span class='ocr_line' id='line_1_20' title="bbox 165 1367 860 1411; baseline 0.001 -10"><span class='ocrx_word' id='word_1_101' title='bbox 165 1367 315 1401; x_wconf 87' lang='lat' dir='ltr'>iunctivi</span> <span class='ocrx_word' id='word_1_102' title='bbox 347 1367 501 1411; x_wconf 77' lang='lat' dir='ltr'>simplici</span> <span class='ocrx_word' id='word_1_103' title='bbox 533 1368 629 1411; x_wconf 87' lang='lat' dir='ltr'>apud</span> <span class='ocrx_word' id='word_1_104' title='bbox 664 1369 860 1402; x_wconf 81' lang='lat' dir='ltr'>vetustissi-</span> 
     </span>
     <span class='ocr_line' id='line_1_21' title="bbox 166 1426 860 1471; baseline 0.003 -12"><span class='ocrx_word' id='word_1_105' title='bbox 166 1437 242 1460; x_wconf 85' lang='lat' dir='ltr'>mos</span> <span class='ocrx_word' id='word_1_106' title='bbox 268 1430 394 1470; x_wconf 87' lang='lat' dir='ltr'>poetas</span> <span class='ocrx_word' id='word_1_107' title='bbox 419 1426 514 1460; x_wconf 88' lang='lat' dir='ltr'>intra</span> <span class='ocrx_word' id='word_1_108' title='bbox 540 1437 630 1470; x_wconf 90' lang='lat' dir='ltr'>quos</span> <span class='ocrx_word' id='word_1_109' title='bbox 655 1427 746 1461; x_wconf 87' lang='lat' dir='ltr'>fines</span> <span class='ocrx_word' id='word_1_110' title='bbox 768 1428 860 1471; x_wconf 88' lang='lat' dir='ltr'>posi-</span> 
     </span>
     <span class='ocr_line' id='line_1_22' title="bbox 166 1484 858 1530; baseline 0.003 -12"><span class='ocrx_word' id='word_1_111' title='bbox 166 1488 243 1518; x_wconf 83' lang='lat' dir='ltr'>tum</span> <span class='ocrx_word' id='word_1_112' title='bbox 281 1484 343 1519; x_wconf 87' lang='lat' dir='ltr'>sit.</span> <span class='ocrx_word' id='word_1_113' title='bbox 390 1485 440 1526; x_wconf 89' lang='lat' dir='ltr'>II,</span> <span class='ocrx_word' id='word_1_114' title='bbox 487 1484 553 1518; x_wconf 84' lang='lat'>103</span> <span class='ocrx_word' id='word_1_115' title='bbox 595 1484 706 1530; x_wconf 87' lang='lat' dir='ltr'>(apud</span> <span class='ocrx_word' id='word_1_116' title='bbox 744 1487 858 1527; x_wconf 58' lang='lat' dir='ltr'>Lucu,</span> 
     </span>
     <span class='ocr_line' id='line_1_23' title="bbox 166 1543 858 1585; baseline 0.001 -8"><span class='ocrx_word' id='word_1_117' title='bbox 166 1544 300 1583; x_wconf 84' lang='lat' dir='ltr'>Horat.,</span> <span class='ocrx_word' id='word_1_118' title='bbox 340 1543 517 1585; x_wconf 75' lang='lat' dir='ltr'>Sallust.&gt;;</span> <span class='ocrx_word' id='word_1_119' title='bbox 559 1556 599 1578; x_wconf 80' lang='lat' dir='ltr'>ne</span> <span class='ocrx_word' id='word_1_120' title='bbox 636 1547 790 1578; x_wconf 63' lang='lat' dir='ltr'>dixerim</span> <span class='ocrx_word' id='word_1_121' title='bbox 815 1545 858 1582; x_wconf 87' lang='grc' dir='ltr'>ΙΙ,</span> 
     </span>
     <span class='ocr_line' id='line_1_24' title="bbox 167 1602 859 1646; baseline 0.004 -12"><span class='ocrx_word' id='word_1_122' title='bbox 167 1602 251 1639; x_wconf 80' lang='grc'>104;</span> <span class='ocrx_word' id='word_1_123' title='bbox 277 1602 313 1636; x_wconf 88' lang='grc'>111</span> <span class='ocrx_word' id='word_1_124' title='bbox 340 1603 510 1646; x_wconf 81' lang='lat' dir='ltr'>optando,</span> <span class='ocrx_word' id='word_1_125' title='bbox 536 1604 573 1637; x_wconf 86' lang='lat' dir='ltr'>in</span> <span class='ocrx_word' id='word_1_126' title='bbox 591 1604 747 1638; x_wconf 78' lang='lat' dir='ltr'>vetando</span> <span class='ocrx_word' id='word_1_127' title='bbox 772 1606 859 1646; x_wconf 80' lang='grc'>(11011</span> 
     </span>
     <span class='ocr_line' id='line_1_25' title="bbox 166 1659 859 1703; baseline 0.003 -9"><span class='ocrx_word' id='word_1_128' title='bbox 166 1661 201 1694; x_wconf 85' lang='grc'>111</span> <span class='ocrx_word' id='word_1_129' title='bbox 229 1659 399 1703; x_wconf 90' lang='lat' dir='ltr'>iubendo)</span> <span class='ocrx_word' id='word_1_130' title='bbox 426 1662 468 1702; x_wconf 85' lang='grc' dir='ltr'>ΙΙ,</span> <span class='ocrx_word' id='word_1_131' title='bbox 502 1662 585 1699; x_wconf 85' lang='grc'>105;</span> <span class='ocrx_word' id='word_1_132' title='bbox 621 1663 733 1697; x_wconf 82' lang='lat' dir='ltr'>futuri</span> <span class='ocrx_word' id='word_1_133' title='bbox 760 1662 859 1697; x_wconf 86' lang='lat' dir='ltr'>dubi—</span> 
     </span>
     <span class='ocr_line' id='line_1_26' title="bbox 165 1720 861 1765; baseline 0.003 -12"><span class='ocrx_word' id='word_1_134' title='bbox 165 1720 267 1754; x_wconf 88' lang='lat' dir='ltr'>tativi</span> <span class='ocrx_word' id='word_1_135' title='bbox 298 1720 376 1754; x_wconf 91' lang='lat' dir='ltr'>loco</span> <span class='ocrx_word' id='word_1_136' title='bbox 408 1721 449 1760; x_wconf 86' lang='grc' dir='ltr'>Π,</span> <span class='ocrx_word' id='word_1_137' title='bbox 484 1720 551 1754; x_wconf 89' lang='grc'>108</span> <span class='ocrx_word' id='word_1_138' title='bbox 582 1720 677 1763; x_wconf 86' lang='grc'>(1310</span> <span class='ocrx_word' id='word_1_139' title='bbox 711 1722 861 1765; x_wconf 83' lang='lat' dir='ltr'>antiqua</span> 
     </span>
     <span class='ocr_line' id='line_1_27' title="bbox 167 1779 859 1824; baseline 0.003 -12"><span class='ocrx_word' id='word_1_140' title='bbox 167 1780 283 1813; x_wconf 89' lang='lat' dir='ltr'>forma</span> <span class='ocrx_word' id='word_1_141' title='bbox 307 1779 344 1813; x_wconf 89' lang='lat' dir='ltr'>in</span> <span class='ocrx_word' id='word_1_142' title='bbox 369 1781 437 1812; x_wconf 76' lang='lat' dir='ltr'>sim</span> <span class='ocrx_word' id='word_1_143' title='bbox 463 1780 505 1820; x_wconf 89' lang='lat' dir='ltr'>II,</span> <span class='ocrx_word' id='word_1_144' title='bbox 539 1779 631 1822; x_wconf 86' lang='lat'>108),</span> <span class='ocrx_word' id='word_1_145' title='bbox 667 1781 756 1814; x_wconf 87' lang='lat' dir='ltr'>falso</span> <span class='ocrx_word' id='word_1_146' title='bbox 783 1791 859 1824; x_wconf 91' lang='lat' dir='ltr'>per-</span> 
     </span>
     <span class='ocr_line' id='line_1_28' title="bbox 165 1838 860 1882; baseline -0.001 -10"><span class='ocrx_word' id='word_1_147' title='bbox 165 1838 301 1872; x_wconf 85' lang='lat' dir='ltr'>fectum</span> <span class='ocrx_word' id='word_1_148' title='bbox 319 1841 469 1882; x_wconf 89' lang='lat' dir='ltr'>putatur</span> <span class='ocrx_word' id='word_1_149' title='bbox 486 1839 528 1880; x_wconf 90' lang='grc' dir='ltr'>ΙΙ,</span> <span class='ocrx_word' id='word_1_150' title='bbox 559 1839 633 1873; x_wconf 78' lang='grc'>109.</span> <span class='ocrx_word' id='word_1_151' title='bbox 672 1839 860 1873; x_wconf 75' lang='lat' dir='ltr'>Transitus</span> 
     </span>
     <span class='ocr_line' id='line_1_29' title="bbox 165 1897 858 1941; baseline 0 -10"><span class='ocrx_word' id='word_1_152' title='bbox 165 1897 201 1930; x_wconf 92' lang='lat' dir='ltr'>in</span> <span class='ocrx_word' id='word_1_153' title='bbox 227 1897 429 1941; x_wconf 81' lang='lat' dir='ltr'>perfectum</span> <span class='ocrx_word' id='word_1_154' title='bbox 457 1897 675 1931; x_wconf 78' lang='lat' dir='ltr'>coniunctivi</span> <span class='ocrx_word' id='word_1_155' title='bbox 702 1898 744 1938; x_wconf 82' lang='grc' dir='ltr'>ΙΙ,</span> <span class='ocrx_word' id='word_1_156' title='bbox 781 1898 858 1931; x_wconf 92' lang='grc'>111.</span> 
     </span>
    </p>

    <p class='ocr_par' dir='ltr' id='par_1_3' title="bbox 118 1956 827 1997">
     <span class='ocr_line' id='line_1_30' title="bbox 118 1956 827 1997; baseline 0.001 -8"><span class='ocrx_word' id='word_1_157' title='bbox 118 1956 241 1990; x_wconf 89' lang='lat' dir='ltr'>Futur.</span> <span class='ocrx_word' id='word_1_158' title='bbox 268 1956 368 1989; x_wconf 89' lang='lat' dir='ltr'>infin.</span> <span class='ocrx_word' id='word_1_159' title='bbox 395 1956 513 1990; x_wconf 86' lang='lat' dir='ltr'>forma</span> <span class='ocrx_word' id='word_1_160' title='bbox 539 1960 677 1990; x_wconf 83' lang='lat' dir='ltr'>tentata</span> <span class='ocrx_word' id='word_1_161' title='bbox 703 1957 745 1997; x_wconf 88' lang='grc' dir='ltr'>ΙΙ,</span> <span class='ocrx_word' id='word_1_162' title='bbox 776 1957 827 1990; x_wconf 75' lang='grc'>71.</span> 
     </span>
    </p>

    <p class='ocr_par' dir='ltr' id='par_1_4' title="bbox 117 2014 860 2232">
     <span class='ocr_line' id='line_1_31' title="bbox 117 2014 860 2058; baseline 0.001 -10"><span class='ocrx_word' id='word_1_163' title='bbox 117 2014 196 2049; x_wconf 90' lang='lat' dir='ltr'>Fut.</span> <span class='ocrx_word' id='word_1_164' title='bbox 223 2015 376 2058; x_wconf 78' lang='lat' dir='ltr'>simplex</span> <span class='ocrx_word' id='word_1_165' title='bbox 402 2015 446 2048; x_wconf 90' lang='lat' dir='ltr'>ab</span> <span class='ocrx_word' id='word_1_166' title='bbox 473 2018 599 2049; x_wconf 81' lang='lat' dir='ltr'>exacto</span> <span class='ocrx_word' id='word_1_167' title='bbox 620 2016 719 2050; x_wconf 87' lang='lat' dir='ltr'>tenui</span> <span class='ocrx_word' id='word_1_168' title='bbox 742 2016 860 2049; x_wconf 88' lang='lat' dir='ltr'>discri-</span> 
     </span>
     <span class='ocr_line' id='line_1_32' title="bbox 166 2062 860 2115; baseline 0.001 -8"><span class='ocrx_word' id='word_1_169' title='bbox 166 2073 263 2107; x_wconf 85' lang='lat' dir='ltr'>mine</span> <span class='ocrx_word' id='word_1_170' title='bbox 279 2062 463 2107; x_wconf 85' lang='lat' dir='ltr'>interdum</span> <span class='ocrx_word' id='word_1_171' title='bbox 483 2074 619 2108; x_wconf 83' lang='lat' dir='ltr'>distans</span> <span class='ocrx_word' id='word_1_172' title='bbox 642 2075 684 2110; x_wconf 89' lang='grc' dir='ltr'>ΙΙ.</span> <span class='ocrx_word' id='word_1_173' title='bbox 712 2074 757 2107; x_wconf 90' lang='grc'>80</span> <span class='ocrx_word' id='word_1_174' title='bbox 774 2078 860 2115; x_wconf 86' lang='lat' dir='ltr'>not.,</span> 
     </span>
     <span class='ocr_line' id='line_1_33' title="bbox 167 2133 860 2177; baseline 0 -11"><span class='ocrx_word' id='word_1_175' title='bbox 167 2144 248 2166; x_wconf 90' lang='grc'>011111</span> <span class='ocrx_word' id='word_1_176' title='bbox 288 2144 330 2166; x_wconf 93' lang='lat' dir='ltr'>eo</span> <span class='ocrx_word' id='word_1_177' title='bbox 368 2134 578 2177; x_wconf 88' lang='lat' dir='ltr'>copulatum</span> <span class='ocrx_word' id='word_1_178' title='bbox 617 2144 699 2167; x_wconf 89' lang='lat' dir='ltr'>cum</span> <span class='ocrx_word' id='word_1_179' title='bbox 742 2133 860 2166; x_wconf 82' lang='lat' dir='ltr'>discri-</span> 
     </span>
     <span class='ocr_line' id='line_1_34' title="bbox 164 2191 502 2232; baseline 0.003 -7"><span class='ocrx_word' id='word_1_180' title='bbox 164 2191 263 2226; x_wconf 86' lang='lat' dir='ltr'>mine</span> <span class='ocrx_word' id='word_1_181' title='bbox 289 2192 331 2232; x_wconf 93' lang='grc' dir='ltr'>ΙΙ,</span> <span class='ocrx_word' id='word_1_182' title='bbox 357 2191 403 2225; x_wconf 87' lang='grc'>85</span> <span class='ocrx_word' id='word_1_183' title='bbox 428 2195 502 2226; x_wconf 91' lang='lat' dir='ltr'>not.</span> 
     </span>
    </p>

    <p class='ocr_par' dir='ltr' id='par_1_5' title="bbox 118 2248 860 2350">
     <span class='ocr_line' id='line_1_35' title="bbox 118 2248 860 2294; baseline 0 -10"><span class='ocrx_word' id='word_1_184' title='bbox 118 2250 296 2285; x_wconf 89' lang='lat' dir='ltr'>Futurum</span> <span class='ocrx_word' id='word_1_185' title='bbox 322 2251 359 2285; x_wconf 92' lang='lat' dir='ltr'>in</span> <span class='ocrx_word' id='word_1_186' title='bbox 384 2251 565 2294; x_wconf 69' lang='lat' dir='ltr'>praeterito</span> <span class='ocrx_word' id='word_1_187' title='bbox 593 2250 773 2293; x_wconf 71' lang='lat' dir='ltr'>(facturus</span> <span class='ocrx_word' id='word_1_188' title='bbox 790 2248 860 2294; x_wconf 72' lang='lat' dir='ltr'>fui)</span> 
     </span>
     <span class='ocr_line' id='line_1_36' title="bbox 166 2308 738 2350; baseline -0.003 -7"><span class='ocrx_word' id='word_1_189' title='bbox 166 2309 459 2343; x_wconf 87' lang='lat' dir='ltr'>condicionaliter</span> <span class='ocrx_word' id='word_1_190' title='bbox 484 2310 526 2350; x_wconf 92' lang='grc' dir='ltr'>ΙΙ,</span> <span class='ocrx_word' id='word_1_191' title='bbox 554 2309 633 2349; x_wconf 76' lang='grc'>227,</span> <span class='ocrx_word' id='word_1_192' title='bbox 660 2308 738 2342; x_wconf 86' lang='grc'>229.</span> 
     </span>
    </p>
   </div>
   <div class='ocr_carea' id='block_1_2' title="bbox 119 2463 862 2930">
    <p class='ocr_par' dir='ltr' id='par_1_6' title="bbox 119 2463 862 2930">
     <span class='ocr_line' id='line_1_37' title="bbox 461 2463 509 2503; baseline 0 0"><span class='ocrx_word' id='word_1_193' title='bbox 461 2463 509 2503; x_wconf 89' lang='lat' dir='ltr'>G.</span> 
     </span>
     <span class='ocr_line' id='line_1_38' title="bbox 119 2541 826 2588; baseline -0.004 -9"><span class='ocrx_word' id='word_1_194' title='bbox 119 2545 321 2579; x_wconf 87' lang='lat' dir='ltr'>Geminatio</span> <span class='ocrx_word' id='word_1_195' title='bbox 349 2555 479 2578; x_wconf 89' lang='lat' dir='ltr'>vocum</span> <span class='ocrx_word' id='word_1_196' title='bbox 504 2554 616 2588; x_wconf 84' lang='lat' dir='ltr'>prava</span> <span class='ocrx_word' id='word_1_197' title='bbox 643 2542 721 2583; x_wconf 91' lang='grc'>158,</span> <span class='ocrx_word' id='word_1_198' title='bbox 748 2541 826 2576; x_wconf 86' lang='grc'>511.</span> 
     </span>
     <span class='ocr_line' id='line_1_39' title="bbox 119 2601 860 2645; baseline -0.005 -7"><span class='ocrx_word' id='word_1_199' title='bbox 119 2603 290 2638; x_wconf 89' lang='lat' dir='ltr'>Gerundii</span> <span class='ocrx_word' id='word_1_200' title='bbox 316 2603 543 2637; x_wconf 86' lang='lat' dir='ltr'>accusativus</span> <span class='ocrx_word' id='word_1_201' title='bbox 570 2613 590 2635; x_wconf 93' lang='lat' dir='ltr'>a</span> <span class='ocrx_word' id='word_1_202' title='bbox 608 2601 860 2645; x_wconf 79' lang='lat' dir='ltr'>praepositione</span> 
     </span>
     <span class='ocr_line' id='line_1_40' title="bbox 167 2659 860 2705; baseline -0.006 -9"><span class='ocrx_word' id='word_1_203' title='bbox 167 2666 286 2696; x_wconf 87' lang='lat' dir='ltr'>rectus</span> <span class='ocrx_word' id='word_1_204' title='bbox 310 2674 384 2696; x_wconf 89' lang='lat' dir='ltr'>non</span> <span class='ocrx_word' id='word_1_205' title='bbox 402 2662 491 2705; x_wconf 82' lang='lat' dir='ltr'>regit</span> <span class='ocrx_word' id='word_1_206' title='bbox 509 2660 755 2694; x_wconf 80' lang='lat' dir='ltr'>accusativum</span> <span class='ocrx_word' id='word_1_207' title='bbox 779 2659 860 2693; x_wconf 88' lang='lat' dir='ltr'>sub-</span> 
     </span>
     <span class='ocr_line' id='line_1_41' title="bbox 167 2718 861 2762; baseline -0.006 -7"><span class='ocrx_word' id='word_1_208' title='bbox 167 2721 324 2761; x_wconf 77' lang='lat' dir='ltr'>stantivi,</span> <span class='ocrx_word' id='word_1_209' title='bbox 351 2721 413 2755; x_wconf 91' lang='lat' dir='ltr'>sed</span> <span class='ocrx_word' id='word_1_210' title='bbox 430 2719 560 2754; x_wconf 86' lang='lat' dir='ltr'>transit</span> <span class='ocrx_word' id='word_1_211' title='bbox 576 2719 613 2752; x_wconf 93' lang='lat' dir='ltr'>in</span> <span class='ocrx_word' id='word_1_212' title='bbox 631 2718 861 2762; x_wconf 85' lang='lat' dir='ltr'>participium</span> 
     </span>
     <span class='ocr_line' id='line_1_42' title="bbox 167 2777 861 2823; baseline -0.006 -10"><span class='ocrx_word' id='word_1_213' title='bbox 167 2778 236 2812; x_wconf 83' lang='lat'>380</span> <span class='ocrx_word' id='word_1_214' title='bbox 260 2790 338 2823; x_wconf 88' lang='lat' dir='ltr'>sqq.</span> <span class='ocrx_word' id='word_1_215' title='bbox 382 2778 572 2813; x_wconf 82' lang='lat' dir='ltr'>Ablativus</span> <span class='ocrx_word' id='word_1_216' title='bbox 599 2778 727 2811; x_wconf 88' lang='lat' dir='ltr'>eodem</span> <span class='ocrx_word' id='word_1_217' title='bbox 754 2777 861 2810; x_wconf 90' lang='lat' dir='ltr'>modo</span> 
     </span>
     <span class='ocr_line' id='line_1_43' title="bbox 167 2835 862 2881; baseline -0.004 -10"><span class='ocrx_word' id='word_1_218' title='bbox 167 2837 236 2871; x_wconf 84' lang='lat'>388</span> <span class='ocrx_word' id='word_1_219' title='bbox 261 2849 337 2881; x_wconf 91' lang='lat' dir='ltr'>sqq.</span> <span class='ocrx_word' id='word_1_220' title='bbox 387 2837 557 2881; x_wconf 82' lang='lat' dir='ltr'>Exceptio</span> <span class='ocrx_word' id='word_1_221' title='bbox 583 2836 654 2870; x_wconf 88' lang='lat' dir='ltr'>ibd.</span> <span class='ocrx_word' id='word_1_222' title='bbox 695 2835 862 2869; x_wconf 87' lang='lat' dir='ltr'>Nomina-</span> 
     </span>
     <span class='ocr_line' id='line_1_44' title="bbox 168 2893 862 2930; baseline -0.004 0"><span class='ocrx_word' id='word_1_223' title='bbox 168 2897 263 2930; x_wconf 86' lang='lat' dir='ltr'>tivus</span> <span class='ocrx_word' id='word_1_224' title='bbox 311 2900 347 2930; x_wconf 87' lang='lat' dir='ltr'>et</span> <span class='ocrx_word' id='word_1_225' title='bbox 395 2895 622 2930; x_wconf 86' lang='lat' dir='ltr'>accusativus</span> <span class='ocrx_word' id='word_1_226' title='bbox 669 2893 862 2928; x_wconf 86' lang='lat' dir='ltr'>substanti-</span> 
     </span>
    </p>
   </div>
   <div class='ocr_carea' id='block_1_3' title="bbox 170 2952 918 2998">
    <p class='ocr_par' dir='ltr' id='par_1_7' title="bbox 170 2952 918 2998">
     <span class='ocr_line' id='line_1_45' title="bbox 170 2952 918 2998; baseline -0.003 -11"><span class='ocrx_word' id='word_1_227' title='bbox 170 2966 255 2989; x_wconf 83' lang='lat' dir='ltr'>vum</span> <span class='ocrx_word' id='word_1_228' title='bbox 277 2966 404 2998; x_wconf 81' lang='lat' dir='ltr'>regens</span> <span class='ocrx_word' id='word_1_229' title='bbox 429 2954 498 2987; x_wconf 86' lang='lat'>380</span> <span class='ocrx_word' id='word_1_230' title='bbox 523 2964 599 2997; x_wconf 81' lang='lat' dir='ltr'>sqq.</span> <span class='ocrx_word' id='word_1_231' title='bbox 639 2952 862 2987; x_wconf 85' lang='lat' dir='ltr'>Gerundium</span> <span class='ocrx_word' id='word_1_232' title='bbox 902 2966 918 2994; x_wconf 59' lang='lat' dir='ltr'>&gt;i</span> 
     </span>
    </p>
   </div>
   <div class='ocr_carea' id='block_1_4' title="bbox 870 124 954 166">
    <p class='ocr_par' dir='ltr' id='par_1_8' title="bbox 870 124 954 166">
     <span class='ocr_line' id='line_1_46' title="bbox 870 124 954 166; baseline 0.012 -1"><span class='ocrx_word' id='word_1_233' title='bbox 870 124 954 166; x_wconf 82' lang='lat'>763</span> 
     </span>
    </p>
   </div>
   <div class='ocr_carea' id='block_1_5' title="bbox 912 1714 917 2398">
    <p class='ocr_par' dir='ltr' id='par_1_9' title="bbox 912 1714 917 2398">
     <span class='ocr_line' id='line_1_47' title="bbox 912 1714 917 2398; baseline 0 0"><span class='ocrx_word' id='word_1_234' title='bbox 912 1714 917 2398; x_wconf 95' lang='lat' dir='ltr'> </span> 
     </span>
    </p>
   </div>
   <div class='ocr_carea' id='block_1_6' title="bbox 968 252 1710 878">
    <p class='ocr_par' dir='ltr' id='par_1_10' title="bbox 1013 252 1706 344">
     <span class='ocr_line' id='line_1_48' title="bbox 1015 252 1706 296; baseline -0.001 -10"><span class='ocrx_word' id='word_1_235' title='bbox 1015 253 1161 296; x_wconf 89' lang='lat' dir='ltr'>quando</span> <span class='ocrx_word' id='word_1_236' title='bbox 1200 263 1274 286; x_wconf 91' lang='lat' dir='ltr'>non</span> <span class='ocrx_word' id='word_1_237' title='bbox 1311 255 1471 286; x_wconf 85' lang='lat' dir='ltr'>transeat</span> <span class='ocrx_word' id='word_1_238' title='bbox 1509 252 1546 286; x_wconf 87' lang='lat' dir='ltr'>in</span> <span class='ocrx_word' id='word_1_239' title='bbox 1583 252 1706 296; x_wconf 88' lang='lat' dir='ltr'>partic.</span> 
     </span>
     <span class='ocr_line' id='line_1_49' title="bbox 1013 310 1093 344; baseline 0 0"><span class='ocrx_word' id='word_1_240' title='bbox 1013 310 1093 344; x_wconf 86' lang='lat'>383.</span> 
     </span>
    </p>

    <p class='ocr_par' dir='ltr' id='par_1_11' title="bbox 968 369 1708 472">
     <span class='ocr_line' id='line_1_50' title="bbox 968 369 1708 413; baseline 0 -10"><span class='ocrx_word' id='word_1_241' title='bbox 968 369 1217 403; x_wconf 87' lang='lat' dir='ltr'>Gerundivum</span> <span class='ocrx_word' id='word_1_242' title='bbox 1262 372 1442 403; x_wconf 85' lang='lat' dir='ltr'>mutatum</span> <span class='ocrx_word' id='word_1_243' title='bbox 1488 369 1525 403; x_wconf 89' lang='lat' dir='ltr'>in</span> <span class='ocrx_word' id='word_1_244' title='bbox 1568 369 1708 413; x_wconf 85' lang='lat' dir='ltr'>partici-</span> 
     </span>
     <span class='ocr_line' id='line_1_51' title="bbox 1014 427 1572 472; baseline 0 -10"><span class='ocrx_word' id='word_1_245' title='bbox 1014 429 1116 472; x_wconf 90' lang='lat' dir='ltr'>pium</span> <span class='ocrx_word' id='word_1_246' title='bbox 1142 428 1292 472; x_wconf 85' lang='lat' dir='ltr'>perfecti</span> <span class='ocrx_word' id='word_1_247' title='bbox 1318 429 1360 469; x_wconf 91' lang='lat' dir='ltr'>II,</span> <span class='ocrx_word' id='word_1_248' title='bbox 1388 427 1466 469; x_wconf 83' lang='lat'>145,</span> <span class='ocrx_word' id='word_1_249' title='bbox 1494 427 1572 462; x_wconf 84' lang='lat'>149.</span> 
     </span>
    </p>

    <p class='ocr_par' dir='ltr' id='par_1_12' title="bbox 971 488 1433 530">
     <span class='ocr_line' id='line_1_52' title="bbox 971 488 1433 530; baseline 0 -9"><span class='ocrx_word' id='word_1_250' title='bbox 971 489 1106 522; x_wconf 79' lang='lat' dir='ltr'>Glossoe</span> <span class='ocrx_word' id='word_1_251' title='bbox 1130 499 1162 521; x_wconf 87' lang='lat' dir='ltr'>v.</span> <span class='ocrx_word' id='word_1_252' title='bbox 1190 488 1433 530; x_wconf 57' lang='lat' dir='ltr'>Inter-poleno.</span> 
     </span>
    </p>

    <p class='ocr_par' dir='ltr' id='par_1_13' title="bbox 969 545 1710 878">
     <span class='ocr_line' id='line_1_53' title="bbox 969 545 1710 590; baseline 0 -10"><span class='ocrx_word' id='word_1_253' title='bbox 969 546 1297 580; x_wconf 85' lang='lat' dir='ltr'>Grammaticorum</span> <span class='ocrx_word' id='word_1_254' title='bbox 1310 545 1514 580; x_wconf 87' lang='lat' dir='ltr'>studiorum</span> <span class='ocrx_word' id='word_1_255' title='bbox 1531 547 1627 590; x_wconf 89' lang='lat' dir='ltr'>apud</span> <span class='ocrx_word' id='word_1_256' title='bbox 1641 546 1710 580; x_wconf 88' lang='lat' dir='ltr'>Ro-</span> 
     </span>
     <span class='ocr_line' id='line_1_54' title="bbox 1018 604 1709 639; baseline 0.001 -1"><span class='ocrx_word' id='word_1_257' title='bbox 1018 616 1145 638; x_wconf 90' lang='lat' dir='ltr'>manos</span> <span class='ocrx_word' id='word_1_258' title='bbox 1164 605 1266 638; x_wconf 89' lang='lat' dir='ltr'>initia</span> <span class='ocrx_word' id='word_1_259' title='bbox 1290 604 1485 639; x_wconf 79' lang='lat'>105—106.</span> <span class='ocrx_word' id='word_1_260' title='bbox 1525 604 1709 639; x_wconf 84' lang='lat' dir='ltr'>Gramma-</span> 
     </span>
     <span class='ocr_line' id='line_1_55' title="bbox 1016 663 1709 697; baseline 0.001 -1"><span class='ocrx_word' id='word_1_261' title='bbox 1016 663 1170 697; x_wconf 88' lang='lat' dir='ltr'>ticorum</span> <span class='ocrx_word' id='word_1_262' title='bbox 1196 664 1455 697; x_wconf 88' lang='lat' dir='ltr'>nonnullorum</span> <span class='ocrx_word' id='word_1_263' title='bbox 1481 667 1604 697; x_wconf 85' lang='lat' dir='ltr'>aetates</span> <span class='ocrx_word' id='word_1_264' title='bbox 1631 663 1709 697; x_wconf 87' lang='grc'>108.</span> 
     </span>
     <span class='ocr_line' id='line_1_56' title="bbox 1016 721 1710 756; baseline 0.001 -1"><span class='ocrx_word' id='word_1_265' title='bbox 1016 721 1250 755; x_wconf 88' lang='lat' dir='ltr'>Grammatici</span> <span class='ocrx_word' id='word_1_266' title='bbox 1275 721 1393 755; x_wconf 87' lang='lat' dir='ltr'>Latini</span> <span class='ocrx_word' id='word_1_267' title='bbox 1425 722 1603 756; x_wconf 86' lang='lat' dir='ltr'>inferioris</span> <span class='ocrx_word' id='word_1_268' title='bbox 1629 726 1710 756; x_wconf 82' lang='lat' dir='ltr'>aeta-</span> 
     </span>
     <span class='ocr_line' id='line_1_57' title="bbox 1015 780 1709 824; baseline 0.001 -11"><span class='ocrx_word' id='word_1_269' title='bbox 1015 780 1061 813; x_wconf 87' lang='lat' dir='ltr'>tis</span> <span class='ocrx_word' id='word_1_270' title='bbox 1101 791 1191 824; x_wconf 89' lang='lat' dir='ltr'>quos</span> <span class='ocrx_word' id='word_1_271' title='bbox 1230 780 1421 824; x_wconf 88' lang='lat' dir='ltr'>scriptores</span> <span class='ocrx_word' id='word_1_272' title='bbox 1457 781 1651 815; x_wconf 85' lang='lat' dir='ltr'>lectitarint</span> <span class='ocrx_word' id='word_1_273' title='bbox 1678 781 1709 822; x_wconf 82' lang='lat'>7,</span> 
     </span>
     <span class='ocr_line' id='line_1_58' title="bbox 1016 838 1130 878; baseline 0.009 -7"><span class='ocrx_word' id='word_1_274' title='bbox 1016 838 1047 878; x_wconf 86' lang='grc'>8,</span> <span class='ocrx_word' id='word_1_275' title='bbox 1076 838 1130 872; x_wconf 88' lang='grc'>15.</span> 
     </span>
    </p>
   </div>
   <div class='ocr_carea' id='block_1_7' title="bbox 1311 933 1365 974">
    <p class='ocr_par' dir='ltr' id='par_1_14' title="bbox 1311 933 1365 974">
     <span class='ocr_line' id='line_1_59' title="bbox 1311 933 1365 974; baseline 0 0"><span class='ocrx_word' id='word_1_276' title='bbox 1311 933 1365 974; x_wconf 92' lang='lat' dir='ltr'>H.</span> 
     </span>
    </p>
   </div>
   <div class='ocr_carea' id='block_1_8' title="bbox 968 1013 1711 1528">
    <p class='ocr_par' dir='ltr' id='par_1_15' title="bbox 968 1013 1570 1056">
     <span class='ocr_line' id='line_1_60' title="bbox 968 1013 1570 1056; baseline 0 -8"><span class='ocrx_word' id='word_1_277' title='bbox 968 1016 1037 1048; x_wconf 78' lang='lat' dir='ltr'>Hie</span> <span class='ocrx_word' id='word_1_278' title='bbox 1063 1018 1097 1048; x_wconf 91' lang='lat' dir='ltr'>et</span> <span class='ocrx_word' id='word_1_279' title='bbox 1122 1017 1154 1049; x_wconf 79' lang='lat' dir='ltr'>is</span> <span class='ocrx_word' id='word_1_280' title='bbox 1179 1014 1248 1048; x_wconf 85' lang='lat'>400</span> <span class='ocrx_word' id='word_1_281' title='bbox 1273 1018 1358 1055; x_wconf 87' lang='lat' dir='ltr'>not.,</span> <span class='ocrx_word' id='word_1_282' title='bbox 1385 1014 1464 1056; x_wconf 82' lang='lat'>508,</span> <span class='ocrx_word' id='word_1_283' title='bbox 1492 1013 1570 1048; x_wconf 85' lang='grc'>524.</span> 
     </span>
    </p>

    <p class='ocr_par' dir='ltr' id='par_1_16' title="bbox 970 1073 1531 1117">
     <span class='ocr_line' id='line_1_61' title="bbox 970 1073 1531 1117; baseline 0 -10"><span class='ocrx_word' id='word_1_284' title='bbox 970 1074 1045 1107; x_wconf 67' lang='lat' dir='ltr'>Hoc</span> <span class='ocrx_word' id='word_1_285' title='bbox 1068 1076 1213 1117; x_wconf 77' lang='lat' dir='ltr'>proemii</span> <span class='ocrx_word' id='word_1_286' title='bbox 1237 1077 1271 1107; x_wconf 89' lang='lat' dir='ltr'>et</span> <span class='ocrx_word' id='word_1_287' title='bbox 1297 1073 1428 1107; x_wconf 87' lang='lat' dir='ltr'>similia</span> <span class='ocrx_word' id='word_1_288' title='bbox 1453 1073 1531 1107; x_wconf 86' lang='grc'>512.</span> 
     </span>
    </p>

    <p class='ocr_par' dir='ltr' id='par_1_17' title="bbox 969 1132 1711 1225">
     <span class='ocr_line' id='line_1_62' title="bbox 969 1132 1711 1176; baseline 0 -10"><span class='ocrx_word' id='word_1_289' title='bbox 969 1133 1149 1176; x_wconf 76' lang='lat' dir='ltr'>Hodieque</span> <span class='ocrx_word' id='word_1_290' title='bbox 1173 1143 1238 1176; x_wconf 87' lang='lat' dir='ltr'>pro</span> <span class='ocrx_word' id='word_1_291' title='bbox 1264 1133 1365 1166; x_wconf 75' lang='lat' dir='ltr'>hodie</span> <span class='ocrx_word' id='word_1_292' title='bbox 1382 1144 1518 1176; x_wconf 75' lang='lat' dir='ltr'>quoque</span> <span class='ocrx_word' id='word_1_293' title='bbox 1535 1132 1657 1167; x_wconf 88' lang='lat' dir='ltr'>Cicero</span> <span class='ocrx_word' id='word_1_294' title='bbox 1675 1135 1711 1166; x_wconf 86' lang='lat' dir='ltr'>et</span> 
     </span>
     <span class='ocr_line' id='line_1_63' title="bbox 1016 1191 1535 1225; baseline 0 -1"><span class='ocrx_word' id='word_1_295' title='bbox 1016 1191 1138 1225; x_wconf 79' lang='lat' dir='ltr'>Livius</span> <span class='ocrx_word' id='word_1_296' title='bbox 1164 1201 1237 1224; x_wconf 91' lang='lat' dir='ltr'>non</span> <span class='ocrx_word' id='word_1_297' title='bbox 1263 1191 1432 1225; x_wconf 78' lang='lat' dir='ltr'>dixerunt</span> <span class='ocrx_word' id='word_1_298' title='bbox 1456 1191 1535 1225; x_wconf 87' lang='grc'>390.</span> 
     </span>
    </p>

    <p class='ocr_par' dir='ltr' id='par_1_18' title="bbox 970 1250 1711 1342">
     <span class='ocr_line' id='line_1_64' title="bbox 970 1250 1711 1290; baseline 0.001 -7"><span class='ocrx_word' id='word_1_299' title='bbox 970 1251 1129 1284; x_wconf 74' lang='lat' dir='ltr'>Honoris</span> <span class='ocrx_word' id='word_1_300' title='bbox 1155 1251 1308 1283; x_wconf 74' lang='lat' dir='ltr'>alieuius</span> <span class='ocrx_word' id='word_1_301' title='bbox 1334 1261 1444 1283; x_wconf 74' lang='lat' dir='ltr'>causa</span> <span class='ocrx_word' id='word_1_302' title='bbox 1472 1250 1555 1290; x_wconf 83' lang='lat'>168;</span> <span class='ocrx_word' id='word_1_303' title='bbox 1588 1252 1627 1283; x_wconf 75' lang='lat' dir='ltr'>in</span> <span class='ocrx_word' id='word_1_304' title='bbox 1651 1251 1711 1284; x_wconf 76' lang='grc' dir='ltr'><em>Ῐιο-</em></span> 
     </span>
     <span class='ocr_line' id='line_1_65' title="bbox 1019 1308 1415 1342; baseline 0.003 -1"><span class='ocrx_word' id='word_1_305' title='bbox 1019 1320 1139 1342; x_wconf 80' lang='lat' dir='ltr'>norem</span> <span class='ocrx_word' id='word_1_306' title='bbox 1165 1310 1318 1342; x_wconf 71' lang='lat' dir='ltr'>alieuius</span> <span class='ocrx_word' id='word_1_307' title='bbox 1343 1308 1415 1342; x_wconf 90' lang='lat' dir='ltr'>ibd.</span> 
     </span>
    </p>

    <p class='ocr_par' dir='ltr' id='par_1_19' title="bbox 971 1367 1711 1528">
     <span class='ocr_line' id='line_1_66' title="bbox 971 1367 1711 1402; baseline 0.003 -2"><span class='ocrx_word' id='word_1_308' title='bbox 971 1367 1142 1401; x_wconf 86' lang='lat' dir='ltr'>Horatius</span> <span class='ocrx_word' id='word_1_309' title='bbox 1167 1367 1204 1400; x_wconf 89' lang='lat' dir='ltr'>in</span> <span class='ocrx_word' id='word_1_310' title='bbox 1230 1367 1349 1400; x_wconf 84' lang='lat' dir='ltr'>satiris</span> <span class='ocrx_word' id='word_1_311' title='bbox 1375 1367 1478 1401; x_wconf 81' lang='lat' dir='ltr'>tectis</span> <span class='ocrx_word' id='word_1_312' title='bbox 1504 1368 1711 1402; x_wconf 85' lang='lat' dir='ltr'>nominibus</span> 
     </span>
     <span class='ocr_line' id='line_1_67' title="bbox 1016 1425 1711 1461; baseline 0 -1"><span class='ocrx_word' id='word_1_313' title='bbox 1016 1437 1090 1460; x_wconf 90' lang='grc'>11011</span> <span class='ocrx_word' id='word_1_314' title='bbox 1127 1426 1242 1460; x_wconf 88' lang='lat' dir='ltr'>utitur</span> <span class='ocrx_word' id='word_1_315' title='bbox 1280 1425 1334 1459; x_wconf 81' lang='grc'>68.</span> <span class='ocrx_word' id='word_1_316' title='bbox 1397 1426 1481 1460; x_wconf 87' lang='grc' dir='ltr'>Ε1113</span> <span class='ocrx_word' id='word_1_317' title='bbox 1518 1427 1711 1461; x_wconf 86' lang='lat' dir='ltr'>satirarum</span> 
     </span>
     <span class='ocr_line' id='line_1_68' title="bbox 1018 1484 1350 1528; baseline -0.003 -10"><span class='ocrx_word' id='word_1_318' title='bbox 1018 1488 1181 1528; x_wconf 83' lang='lat' dir='ltr'>tempora</span> <span class='ocrx_word' id='word_1_319' title='bbox 1209 1484 1252 1517; x_wconf 79' lang='lat'>70</span> <span class='ocrx_word' id='word_1_320' title='bbox 1278 1487 1350 1518; x_wconf 84' lang='lat' dir='ltr'>not.</span> 
     </span>
    </p>
   </div>
   <div class='ocr_carea' id='block_1_9' title="bbox 1325 1638 1354 1679">
    <p class='ocr_par' dir='ltr' id='par_1_20' title="bbox 1325 1638 1354 1679">
     <span class='ocr_line' id='line_1_69' title="bbox 1325 1638 1354 1679; baseline 0.034 -1"><span class='ocrx_word' id='word_1_321' title='bbox 1325 1638 1354 1679; x_wconf 93' lang='grc' dir='ltr'>Ι.</span> 
     </span>
    </p>
   </div>
   <div class='ocr_carea' id='block_1_10' title="bbox 970 1719 1710 1938">
    <p class='ocr_par' dir='ltr' id='par_1_21' title="bbox 970 1719 1710 1812">
     <span class='ocr_line' id='line_1_70' title="bbox 970 1719 1710 1763; baseline -0.001 -9"><span class='ocrx_word' id='word_1_322' title='bbox 970 1722 993 1754; x_wconf 89' lang='grc' dir='ltr'><em>Ι</em></span> <span class='ocrx_word' id='word_1_323' title='bbox 1023 1723 1058 1753; x_wconf 87' lang='lat' dir='ltr'>et</span> <span class='ocrx_word' id='word_1_324' title='bbox 1093 1731 1108 1753; x_wconf 91' lang='lat' dir='ltr'>e</span> <span class='ocrx_word' id='word_1_325' title='bbox 1144 1731 1188 1753; x_wconf 82' lang='lat' dir='ltr'>ex</span> <span class='ocrx_word' id='word_1_326' title='bbox 1223 1732 1245 1753; x_wconf 83' lang='grc' dir='ltr'><em>α</em></span> <span class='ocrx_word' id='word_1_327' title='bbox 1279 1720 1315 1753; x_wconf 88' lang='grc'>111</span> <span class='ocrx_word' id='word_1_328' title='bbox 1351 1720 1557 1763; x_wconf 88' lang='lat' dir='ltr'>compositis</span> <span class='ocrx_word' id='word_1_329' title='bbox 1591 1720 1632 1761; x_wconf 90' lang='grc' dir='ltr'>ΙΙ,</span> <span class='ocrx_word' id='word_1_330' title='bbox 1666 1719 1710 1753; x_wconf 85' lang='grc'>65</span> 
     </span>
     <span class='ocr_line' id='line_1_71' title="bbox 1016 1782 1088 1812; baseline 0 0"><span class='ocrx_word' id='word_1_331' title='bbox 1016 1782 1088 1812; x_wconf 91' lang='lat' dir='ltr'>not.</span> 
     </span>
    </p>

    <p class='ocr_par' dir='ltr' id='par_1_22' title="bbox 971 1836 1710 1938">
     <span class='ocr_line' id='line_1_72' title="bbox 971 1836 1710 1881; baseline -0.001 -10"><span class='ocrx_word' id='word_1_332' title='bbox 971 1840 1034 1881; x_wconf 75' lang='lat' dir='ltr'>Ici,</span> <span class='ocrx_word' id='word_1_333' title='bbox 1061 1840 1163 1871; x_wconf 74' lang='lat' dir='ltr'>icisse</span> <span class='ocrx_word' id='word_1_334' title='bbox 1189 1836 1375 1881; x_wconf 88' lang='lat' dir='ltr'>(scriptum</span> <span class='ocrx_word' id='word_1_335' title='bbox 1399 1848 1493 1880; x_wconf 62' lang='lat' dir='ltr'>saepe</span> <span class='ocrx_word' id='word_1_336' title='bbox 1519 1848 1540 1870; x_wconf 91' lang='lat' dir='ltr'>a</span> <span class='ocrx_word' id='word_1_337' title='bbox 1557 1837 1710 1871; x_wconf 85' lang='lat' dir='ltr'>librariis</span> 
     </span>
     <span class='ocr_line' id='line_1_73' title="bbox 1016 1895 1447 1938; baseline -0.002 -8"><span class='ocrx_word' id='word_1_338' title='bbox 1016 1896 1150 1938; x_wconf 70' lang='lat' dir='ltr'>iecisse)</span> <span class='ocrx_word' id='word_1_339' title='bbox 1176 1897 1218 1937; x_wconf 89' lang='lat' dir='ltr'>II,</span> <span class='ocrx_word' id='word_1_340' title='bbox 1245 1896 1290 1929; x_wconf 85' lang='grc'>35</span> <span class='ocrx_word' id='word_1_341' title='bbox 1316 1899 1388 1929; x_wconf 91' lang='lat' dir='ltr'>not.</span> <span class='ocrx_word' id='word_1_342' title='bbox 1415 1895 1447 1929; x_wconf 88' lang='grc'>2.</span> 
     </span>
    </p>
   </div>
   <div class='ocr_carea' id='block_1_11' title="bbox 913 1945 1351 1990">
    <p class='ocr_par' dir='ltr' id='par_1_23' title="bbox 913 1945 1351 1990">
     <span class='ocr_line' id='line_1_74' title="bbox 913 1945 1351 1990; baseline -0.005 0"><span class='ocrx_word' id='word_1_343' title='bbox 913 1945 916 1956; x_wconf 60' lang='grc'>’</span> <span class='ocrx_word' id='word_1_344' title='bbox 972 1957 1069 1990; x_wconf 81' lang='lat' dir='ltr'>Idem</span> <span class='ocrx_word' id='word_1_345' title='bbox 1095 1958 1158 1989; x_wconf 76' lang='lat' dir='ltr'>iste</span> <span class='ocrx_word' id='word_1_346' title='bbox 1185 1954 1250 1988; x_wconf 85' lang='lat'>131</span> <span class='ocrx_word' id='word_1_347' title='bbox 1277 1958 1351 1988; x_wconf 87' lang='lat' dir='ltr'>not.</span> 
     </span>
    </p>
   </div>
   <div class='ocr_carea' id='block_1_12' title="bbox 970 2013 1712 2351">
    <p class='ocr_par' dir='ltr' id='par_1_24' title="bbox 970 2013 1710 2106">
     <span class='ocr_line' id='line_1_75' title="bbox 970 2013 1710 2057; baseline -0.001 -9"><span class='ocrx_word' id='word_1_348' title='bbox 970 2016 1125 2048; x_wconf 73' lang='lat' dir='ltr'>Idoneus</span> <span class='ocrx_word' id='word_1_349' title='bbox 1154 2016 1216 2057; x_wconf 79' lang='lat' dir='ltr'>fio,</span> <span class='ocrx_word' id='word_1_350' title='bbox 1258 2019 1293 2047; x_wconf 79' lang='lat' dir='ltr'>ut</span> <span class='ocrx_word' id='word_1_351' title='bbox 1327 2025 1399 2047; x_wconf 89' lang='lat' dir='ltr'>non</span> <span class='ocrx_word' id='word_1_352' title='bbox 1436 2013 1710 2047; x_wconf 88' lang='lat' dir='ltr'>Ciceronianum</span> 
     </span>
     <span class='ocr_line' id='line_1_76' title="bbox 1016 2073 1095 2106; baseline -0.013 0"><span class='ocrx_word' id='word_1_353' title='bbox 1016 2073 1095 2106; x_wconf 84' lang='grc'>352.</span> 
     </span>
    </p>

    <p class='ocr_par' dir='ltr' id='par_1_25' title="bbox 970 2130 1712 2351">
     <span class='ocr_line' id='line_1_77' title="bbox 970 2130 1712 2175; baseline -0.004 -9"><span class='ocrx_word' id='word_1_354' title='bbox 970 2134 1035 2167; x_wconf 80' lang='lat' dir='ltr'>Ille</span> <span class='ocrx_word' id='word_1_355' title='bbox 1060 2134 1134 2175; x_wconf 72' lang='lat' dir='ltr'>ipse</span> <span class='ocrx_word' id='word_1_356' title='bbox 1160 2135 1195 2165; x_wconf 86' lang='lat' dir='ltr'>et</span> <span class='ocrx_word' id='word_1_357' title='bbox 1225 2134 1300 2174; x_wconf 77' lang='lat' dir='ltr'>ipse</span> <span class='ocrx_word' id='word_1_358' title='bbox 1332 2132 1390 2164; x_wconf 80' lang='lat' dir='ltr'>ille</span> <span class='ocrx_word' id='word_1_359' title='bbox 1416 2130 1493 2163; x_wconf 82' lang='lat'>130.</span> <span class='ocrx_word' id='word_1_360' title='bbox 1545 2131 1609 2163; x_wconf 80' lang='lat' dir='ltr'>Ille</span> <span class='ocrx_word' id='word_1_361' title='bbox 1635 2132 1712 2174; x_wconf 70' lang='lat' dir='ltr'>qui-</span> 
     </span>
     <span class='ocr_line' id='line_1_78' title="bbox 1017 2187 1711 2232; baseline -0.003 -8"><span class='ocrx_word' id='word_1_362' title='bbox 1017 2193 1093 2225; x_wconf 85' lang='lat' dir='ltr'>dem</span> <span class='ocrx_word' id='word_1_363' title='bbox 1121 2189 1316 2231; x_wconf 81' lang='lat' dir='ltr'>(Ciceronis</span> <span class='ocrx_word' id='word_1_364' title='bbox 1347 2193 1381 2223; x_wconf 88' lang='lat' dir='ltr'>et</span> <span class='ocrx_word' id='word_1_365' title='bbox 1415 2189 1567 2232; x_wconf 83' lang='lat' dir='ltr'>Augusti</span> <span class='ocrx_word' id='word_1_366' title='bbox 1593 2187 1711 2227; x_wconf 80' lang='lat' dir='ltr'>aetate)</span> 
     </span>
     <span class='ocr_line' id='line_1_79' title="bbox 1018 2248 1710 2292; baseline -0.001 -10"><span class='ocrx_word' id='word_1_367' title='bbox 1018 2249 1060 2290; x_wconf 91' lang='lat' dir='ltr'>II,</span> <span class='ocrx_word' id='word_1_368' title='bbox 1086 2248 1154 2282; x_wconf 80' lang='grc'>314</span> <span class='ocrx_word' id='word_1_369' title='bbox 1177 2259 1265 2292; x_wconf 68' lang='lat' dir='ltr'>sqq„</span> <span class='ocrx_word' id='word_1_370' title='bbox 1292 2259 1365 2282; x_wconf 87' lang='lat' dir='ltr'>non</span> <span class='ocrx_word' id='word_1_371' title='bbox 1391 2249 1532 2292; x_wconf 77' lang='lat' dir='ltr'>quidem</span> <span class='ocrx_word' id='word_1_372' title='bbox 1559 2249 1614 2281; x_wconf 84' lang='lat' dir='ltr'>ille</span> <span class='ocrx_word' id='word_1_373' title='bbox 1639 2248 1710 2281; x_wconf 87' lang='lat' dir='ltr'>ibd.</span> 
     </span>
     <span class='ocr_line' id='line_1_80' title="bbox 1017 2305 1710 2351; baseline -0.001 -10"><span class='ocrx_word' id='word_1_374' title='bbox 1017 2308 1201 2342; x_wconf 90' lang='lat' dir='ltr'>Omissum</span> <span class='ocrx_word' id='word_1_375' title='bbox 1219 2317 1420 2351; x_wconf 90' lang='lat' dir='ltr'>pronomen</span> <span class='ocrx_word' id='word_1_376' title='bbox 1439 2306 1481 2347; x_wconf 93' lang='grc' dir='ltr'>ΙΙ,</span> <span class='ocrx_word' id='word_1_377' title='bbox 1500 2305 1569 2339; x_wconf 88' lang='grc'>315</span> <span class='ocrx_word' id='word_1_378' title='bbox 1586 2309 1659 2340; x_wconf 88' lang='lat' dir='ltr'>not.</span> <span class='ocrx_word' id='word_1_379' title='bbox 1679 2305 1710 2340; x_wconf 77' lang='lat'>2.</span> 
     </span>
    </p>
   </div>
   <div class='ocr_carea' id='block_1_13' title="bbox 913 2364 1711 2410">
    <p class='ocr_par' dir='ltr' id='par_1_26' title="bbox 913 2364 1711 2410">
     <span class='ocr_line' id='line_1_81' title="bbox 913 2364 1711 2410; baseline -0.003 -10"><span class='ocrx_word' id='word_1_380' title='bbox 913 2364 916 2378; x_wconf 96' lang='lat'>&#39;</span> <span class='ocrx_word' id='word_1_381' title='bbox 971 2366 1179 2410; x_wconf 85' lang='lat' dir='ltr'>Imperativi</span> <span class='ocrx_word' id='word_1_382' title='bbox 1205 2366 1380 2406; x_wconf 86' lang='lat' dir='ltr'>futurum,</span> <span class='ocrx_word' id='word_1_383' title='bbox 1407 2365 1442 2398; x_wconf 91' lang='lat' dir='ltr'>id</span> <span class='ocrx_word' id='word_1_384' title='bbox 1467 2368 1530 2405; x_wconf 91' lang='lat' dir='ltr'>est,</span> <span class='ocrx_word' id='word_1_385' title='bbox 1558 2365 1711 2398; x_wconf 86' lang='lat' dir='ltr'>aoristus</span> 
     </span>
    </p>
   </div>
   <div class='ocr_carea' id='block_1_14' title="bbox 971 2423 1712 2985">
    <p class='ocr_par' dir='ltr' id='par_1_27' title="bbox 1016 2423 1712 2816">
     <span class='ocr_line' id='line_1_82' title="bbox 1017 2423 1710 2468; baseline -0.001 -11"><span class='ocrx_word' id='word_1_386' title='bbox 1017 2424 1097 2458; x_wconf 80' lang='lat'>476.</span> <span class='ocrx_word' id='word_1_387' title='bbox 1148 2423 1357 2468; x_wconf 75' lang='lat' dir='ltr'>Imperativi</span> <span class='ocrx_word' id='word_1_388' title='bbox 1374 2423 1507 2468; x_wconf 83' lang='lat' dir='ltr'>passivi</span> <span class='ocrx_word' id='word_1_389' title='bbox 1525 2423 1651 2456; x_wconf 86' lang='lat' dir='ltr'>formae</span> <span class='ocrx_word' id='word_1_390' title='bbox 1668 2423 1710 2464; x_wconf 91' lang='lat' dir='ltr'>II,</span> 
     </span>
     <span class='ocr_line' id='line_1_83' title="bbox 1017 2481 1711 2526; baseline 0 -11"><span class='ocrx_word' id='word_1_391' title='bbox 1017 2482 1085 2516; x_wconf 88' lang='grc'>239</span> <span class='ocrx_word' id='word_1_392' title='bbox 1113 2482 1164 2524; x_wconf 81' lang='lat' dir='ltr'>&lt;in</span> <span class='ocrx_word' id='word_1_393' title='bbox 1182 2485 1300 2516; x_wconf 79' lang='lat' dir='ltr'>minor</span> <span class='ocrx_word' id='word_1_394' title='bbox 1316 2481 1505 2523; x_wconf 75' lang='lat' dir='ltr'>barbara);</span> <span class='ocrx_word' id='word_1_395' title='bbox 1533 2482 1711 2526; x_wconf 88' lang='lat' dir='ltr'>deponen-</span> 
     </span>
     <span class='ocr_line' id='line_1_84' title="bbox 1016 2540 1712 2585; baseline -0.001 -10"><span class='ocrx_word' id='word_1_396' title='bbox 1016 2541 1108 2576; x_wconf 89' lang='lat' dir='ltr'>tium</span> <span class='ocrx_word' id='word_1_397' title='bbox 1122 2541 1248 2585; x_wconf 89' lang='lat' dir='ltr'>imper.</span> <span class='ocrx_word' id='word_1_398' title='bbox 1264 2542 1445 2575; x_wconf 87' lang='lat' dir='ltr'>interdum</span> <span class='ocrx_word' id='word_1_399' title='bbox 1461 2541 1578 2575; x_wconf 87' lang='lat' dir='ltr'>activa</span> <span class='ocrx_word' id='word_1_400' title='bbox 1595 2540 1712 2574; x_wconf 86' lang='lat' dir='ltr'>forma</span> 
     </span>
     <span class='ocr_line' id='line_1_85' title="bbox 1018 2598 1711 2644; baseline 0 -12"><span class='ocrx_word' id='word_1_401' title='bbox 1018 2600 1066 2641; x_wconf 89' lang='grc' dir='ltr'>ΙΙ,</span> <span class='ocrx_word' id='word_1_402' title='bbox 1099 2598 1178 2634; x_wconf 87' lang='grc'>241.</span> <span class='ocrx_word' id='word_1_403' title='bbox 1241 2600 1498 2644; x_wconf 81' lang='lat' dir='ltr'>Imperativus,</span> <span class='ocrx_word' id='word_1_404' title='bbox 1537 2602 1711 2642; x_wconf 88' lang='lat' dir='ltr'>sequente</span> 
     </span>
     <span class='ocr_line' id='line_1_86' title="bbox 1018 2657 1710 2702; baseline -0.003 -10"><span class='ocrx_word' id='word_1_405' title='bbox 1018 2658 1150 2695; x_wconf 78' lang='lat' dir='ltr'>futuro.</span> <span class='ocrx_word' id='word_1_406' title='bbox 1181 2658 1392 2702; x_wconf 88' lang='lat' dir='ltr'>interposito</span> <span class='ocrx_word' id='word_1_407' title='bbox 1419 2664 1450 2692; x_wconf 78' lang='lat' dir='ltr'>et</span> <span class='ocrx_word' id='word_1_408' title='bbox 1475 2661 1537 2692; x_wconf 88' lang='lat' dir='ltr'>aut</span> <span class='ocrx_word' id='word_1_409' title='bbox 1563 2668 1635 2691; x_wconf 89' lang='lat' dir='ltr'>non</span> <span class='ocrx_word' id='word_1_410' title='bbox 1661 2657 1710 2690; x_wconf 90' lang='lat' dir='ltr'>in-</span> 
     </span>
     <span class='ocr_line' id='line_1_87' title="bbox 1018 2717 1710 2761; baseline -0.001 -11"><span class='ocrx_word' id='word_1_411' title='bbox 1018 2717 1190 2761; x_wconf 87' lang='lat' dir='ltr'>terposito</span> <span class='ocrx_word' id='word_1_412' title='bbox 1217 2720 1279 2751; x_wconf 85' lang='lat' dir='ltr'>aut</span> <span class='ocrx_word' id='word_1_413' title='bbox 1305 2718 1383 2751; x_wconf 88' lang='lat' dir='ltr'>aliis</span> <span class='ocrx_word' id='word_1_414' title='bbox 1418 2717 1534 2750; x_wconf 87' lang='lat' dir='ltr'>modis</span> <span class='ocrx_word' id='word_1_415' title='bbox 1566 2719 1710 2750; x_wconf 80' lang='lat' dir='ltr'>notatus</span> 
     </span>
     <span class='ocr_line' id='line_1_88' title="bbox 1018 2774 1315 2816; baseline 0.003 -7"><span class='ocrx_word' id='word_1_416' title='bbox 1018 2776 1060 2816; x_wconf 88' lang='grc' dir='ltr'>ΙΙ,</span> <span class='ocrx_word' id='word_1_417' title='bbox 1088 2774 1155 2808; x_wconf 85' lang='grc'>162</span> <span class='ocrx_word' id='word_1_418' title='bbox 1182 2779 1216 2809; x_wconf 90' lang='lat' dir='ltr'>et</span> <span class='ocrx_word' id='word_1_419' title='bbox 1242 2780 1315 2810; x_wconf 89' lang='lat' dir='ltr'>not.</span> 
     </span>
    </p>

    <p class='ocr_par' dir='ltr' id='par_1_28' title="bbox 971 2833 1711 2985">
     <span class='ocr_line' id='line_1_89' title="bbox 971 2833 1711 2878; baseline -0.003 -10"><span class='ocrx_word' id='word_1_420' title='bbox 971 2834 1228 2878; x_wconf 88' lang='lat' dir='ltr'>Imperfectum</span> <span class='ocrx_word' id='word_1_421' title='bbox 1270 2833 1489 2868; x_wconf 86' lang='lat' dir='ltr'>coniunctivi</span> <span class='ocrx_word' id='word_1_422' title='bbox 1536 2833 1711 2866; x_wconf 86' lang='lat' dir='ltr'>condicio-</span> 
     </span>
     <span class='ocr_line' id='line_1_90' title="bbox 1017 2890 1711 2936; baseline -0.006 -9"><span class='ocrx_word' id='word_1_423' title='bbox 1017 2893 1100 2927; x_wconf 88' lang='lat' dir='ltr'>nale</span> <span class='ocrx_word' id='word_1_424' title='bbox 1126 2893 1162 2926; x_wconf 91' lang='lat' dir='ltr'>in</span> <span class='ocrx_word' id='word_1_425' title='bbox 1189 2892 1368 2927; x_wconf 88' lang='lat' dir='ltr'>sententia</span> <span class='ocrx_word' id='word_1_426' title='bbox 1385 2891 1557 2936; x_wconf 84' lang='lat' dir='ltr'>pendenti</span> <span class='ocrx_word' id='word_1_427' title='bbox 1575 2891 1617 2931; x_wconf 87' lang='grc' dir='ltr'>ΙΙ,</span> <span class='ocrx_word' id='word_1_428' title='bbox 1642 2890 1711 2924; x_wconf 85' lang='grc'>228</span> 
     </span>
     <span class='ocr_line' id='line_1_91' title="bbox 1018 2955 1089 2985; baseline 0.014 -1"><span class='ocrx_word' id='word_1_429' title='bbox 1018 2955 1089 2985; x_wconf 87' lang='lat' dir='ltr'>not.</span> 
     </span>
    </p>
   </div>
  </div>
 </body>
</html>
