1915 3235
937 129 1022 171 390

187 257 344 299 ironice
375 257 535 310 fingere
569 258 758 311 aliquam
790 272 914 311 paene
947 258 1283 309 excusationem,
1317 259 1440 312 quasi
1467 260 1682 312 probabili
1706 274 1777 302 ra-

185 329 300 370 tione
332 328 462 370 homo
494 329 537 369 in
570 341 666 370 eam
701 329 899 371 fraudem
932 329 1139 380 inciderit,
1189 329 1345 371 deinde
1386 329 1530 371 subito
1570 343 1777 372 conversa

186 399 379 440 oratione
410 412 582 452 negare,
623 399 854 453 quicquam
887 413 1037 442 eorum
1070 413 1177 441 esse.
1240 401 1330 442 Iam
1363 400 1602 451 videamus,
1646 415 1775 454 quam

186 469 242 510 ad
272 460 384 511 hanc
416 469 600 530 formam
635 473 777 512 cetera
810 473 914 524 apta
956 470 1052 512 sint.
1115 471 1289 512 Leniter
1327 484 1419 512 rem
1458 472 1696 525 ingreditur
1736 476 1778 515 et

185 541 365 581 sensim:
405 540 654 591 „Familiam
687 541 999 595 gladiatoriam,
1033 541 1174 592 credo,
1209 544 1363 583 nactus
1395 544 1472 593 est,
1506 543 1770 595 pulchram.“

185 610 297 661 Quid
341 613 463 652 tum‘?
530 612 689 662 „Norat
734 613 881 666 populi
928 612 1109 654 studia.“
1192 611 1304 663 Quid
1360 612 1542 654 deinde?
1611 614 1779 663 „Homo

183 682 327 735 gloriae
360 682 540 735 cupidus
572 685 720 725 tenere
752 697 798 725 se
838 696 925 725 non
965 683 1105 736 potuit
1137 684 1241 724 cet.“
1309 682 1416 724 Haec
1454 696 1567 725 nunc
1606 687 1776 737 pertur-

113 762 165 788 503
184 753 260 794 bat
291 753 448 794 rustice
480 754 627 795 statim
659 754 845 807 positum
892 756 1022 808 caput
1062 755 1277 807 responsi:
1328 753 1418 795 Ista
1459 755 1593 796 nimia
1633 756 1779 810 9lori0e

184 823 422 878 eupiditate.
486 824 625 866 Credo
656 825 784 877 igitur
815 825 1092 867 manifestum
1128 837 1236 874 esse,
1278 824 1528 866 Ciceronem
1560 826 1654 867 haec
1685 829 1779 872 tan-

183 897 276 936 tum
315 895 555 948 scripsisse:
606 919 661 924 —
707 900 793 937 tam
832 896 1146 951 intemperans?
1192 895 1423 936 Familiam
1461 896 1778 951 ylaolz'atoriam,

184 966 317 1019 eredo,
365 971 512 1007 nactus
544 971 601 1007 est
633 969 726 1017 cet.,
775 967 942 1020 reliqua
982 968 1025 1008 in
1056 969 1224 1008 textum
1256 966 1479 1019 irrepsisse
1512 980 1565 1008 ex
1597 970 1779 1010 annota-

184 1036 300 1078 tione
333 1037 477 1090 aliqua
509 1038 795 1088 scholiastica,
839 1051 925 1091 qua
958 1038 1111 1090 aliquis
1143 1038 1231 1078 vim
1262 1037 1390 1078 huius
1422 1038 1594 1079 ironicae
1628 1052 1778 1080 narra-

182 1108 309 1150 tionis
342 1109 530 1150 breviter
562 1109 811 1162 complexus
843 1109 896 1149 sit
929 1108 987 1150 ad
1018 1109 1203 1150 formam
1236 1108 1431 1161 responsi
1456 1109 1779 1162 interrogationi

183 1179 378 1220 subiecti.
441 1179 591 1231 Neque
629 1179 742 1219 hanc
780 1179 1068 1232 suspicionem
1108 1181 1271 1220 temere
1314 1179 1497 1232 confingi
1536 1180 1589 1220 de
1634 1180 1779 1221 codice

183 1252 418 1304 archetypo
450 1249 578 1291 huius
610 1249 828 1301 orationis,
864 1251 967 1292 satis
1001 1251 1087 1292 iam
1120 1250 1272 1303 opinor
1304 1262 1435 1302 supra
1470 1263 1564 1291 esse
1599 1250 1778 1292 demon-

183 1324 382 1363 stratum.

300 1392 463 1435 Eodem
486 1391 639 1444 capite,
673 1390 696 1443 ξ
722 1391 818 1442 135,
852 1392 1013 1434 editur:
1050 1392 1177 1444 Quem
1209 1405 1291 1433 non
1322 1396 1409 1432 tam
1432 1390 1636 1443 admiror,
1670 1391 1780 1446 quod

182 1477 316 1504 meam
348 1464 474 1518 leyem
512 1467 755 1515 contemnat,
803 1462 982 1504 hominis
1023 1464 1196 1516 inimici,
1245 1476 1371 1518 quam
1412 1461 1521 1517 quod
1563 1475 1604 1503 se
1635 1463 1780 1503 statuit

183 1536 347 1576 omnino
394 1535 651 1576 consularem
699 1535 825 1589 leqem
872 1535 1031 1575 nullam
1071 1539 1241 1588 putare.
1305 1533 1534 1575 Manifesto
1578 1532 1778 1574 vitiosam

183 1606 526 1647 coniunctionem
566 1604 826 1659 (eontemuat‚
866 1603 1041 1657 statuit),
1084 1605 1128 1645 in
1167 1618 1253 1658 qua
1292 1605 1407 1646 solus
1440 1605 1619 1646 offendit
1650 1605 1778 1646 Lam-

183 1676 322 1727 binus,
372 1676 630 1718 Garatonius
673 1676 733 1717 ita
776 1676 980 1726 defendit,
1029 1678 1076 1717 ut
1118 1675 1359 1728 perfectum
1397 1677 1543 1717 statuit
1575 1676 1779 1729 praesenti

183 1747 333 1788 subiici
364 1760 491 1800 posse
524 1747 698 1797 doceat3
746 1747 892 1800 itaque
939 1760 993 1787 ne
1041 1746 1147 1787 vidit
1194 1746 1382 1799 quidem,
1430 1747 1474 1788 in
1516 1747 1646 1788 modo
1687 1747 1778 1788 sine

183 1831 314 1860 causa
346 1818 513 1859 variato
551 1818 703 1859 vitium
744 1831 860 1867 esse;
910 1831 1007 1859 eam
1053 1820 1201 1859 tamen
1228 1817 1545 1859 ‘defensionem
1594 1817 1777 1858 Orellius

182 1889 364 1943 repetiit.
442 1889 528 1930 Sed
575 1889 698 1930 codd.
743 1888 873 1942 (Pan,
917 1889 1043 1930 Bern.
1077 1886 1160 1941 pr.)
1203 1889 1368 1930 habent
1409 1894 1674 1943 contempnet,
1726 1901 1777 1929 ex

182 1973 266 2013 quo
297 1973 384 2001 non
416 1960 557 2001 minus
590 1959 714 2001 facile
746 1961 912 2001 rectum
951 1960 1170 2000 contemnit
1206 1960 1254 2000 fit
1293 1973 1425 2012 quam
1463 1973 1647 2013 pravum
1687 1973 1777 2000 con-

181 2036 336 2072 temnat
357 2030 491 2085 (quod
512 2032 598 2072 iam
621 2032 665 2072 in
687 2031 812 2072 Bern.
836 2031 862 2072 2
886 2028 982 2083 est).
1032 2030 1117 2072 Sed
1154 2033 1367 2084 praeterea
1399 2031 1513 2072 idem
1547 2031 1616 2071 ille
1649 2031 1801 2071 Lam-·

181 2102 307 2143 binus
339 2102 455 2143 solus
489 2102 807 2152 animadvertit,
848 2114 935 2143 non
975 2101 1057 2142 dici
1090 2102 1240 2143 Latine
1273 2103 1419 2158 statuit
1449 2116 1491 2143 se
1521 2101 1668 2155 faeere
1699 2114 1777 2154 pro

183 2187 245 2223 eo,
290 2173 405 2225 quod
444 2175 509 2214 est
545 2174 691 2214 statuit
726 2173 881 2226 faeere.
944 2173 1094 2225 Itaque
1126 2186 1167 2213 se
1200 2173 1370 2214 delevit.
1433 2173 1522 2214 Nec
1554 2172 1776 2214 meliorem

182 2243 419 2296 corrigendi
466 2244 679 2285 rationem
727 2245 969 2297 excogitare
1016 2257 1208 2296 possum.
1271 2244 1383 2284 Nam
1431 2245 1479 2284 ut
1526 2243 1775 2285 Ciceronem

182 2314 338 2356 dixisse
370 2319 538 2367 putem:
580 2315 638 2355 sie
669 2316 827 2367 statuit,
861 2315 1026 2355 omnino
1058 2315 1317 2355 consularem
1350 2315 1478 2369 leyem
1509 2314 1671 2355 nullam
1696 2328 1776 2368 pu-

181 2390 284 2436 tare,
332 2385 600 2427 abundantia
639 2386 829 2438 quadam
866 2385 1102 2438 particulae,
1152 2398 1247 2438 quae
1290 2387 1497 2438 sequente
1530 2384 1776 2434 accusativo

182 2469 279 2497 cum
311 2455 519 2497 infinitivo
551 2456 752 2508 frequens
792 2458 869 2506 est,
917 2457 988 2497 vix
1027 2456 1232 2497 adducor.
1297 2455 1400 2508 (Cfr.
1440 2458 1590 2497 tamen
1628 2455 1774 2496 Plane.

182 2527 224 2567 in
256 2539 322 2579 ep.
356 2526 412 2567 ad
444 2526 563 2567 Fam.
591 2527 642 2577 X,
677 2527 715 2577 8,
750 2527 796 2568 6:
845 2526 916 2568 Ita
947 2541 1039 2568 sum
1071 2528 1211 2568 animo
1236 2531 1435 2580 paratus,
1482 2527 1544 2567 vel
1577 2549 1632 2555 —-
1664 2527 1775 2567 tueri

183 2595 281 2650 cet.)
359 2595 473 2649 [Duo
517 2597 600 2637 alia
642 2597 839 2650 exempla
883 2598 1030 2638 addidi
1072 2597 1129 2638 ad
1171 2598 1257 2639 Cic.
1299 2598 1352 2638 de
1392 2597 1513 2638 Finn.
1547 2597 1595 2647 II,
1635 2596 1676 2646 4,
1722 2597 1774 2637 13

182 2682 223 2720 p.
260 2667 341 2709 158
375 2681 467 2720 sqq.
502 2667 568 2707 ed.
602 2666 663 2719 3.]
726 2667 830 2708 Cod.
863 2670 1012 2708 tamen
1042 2668 1141 2709 Par.
1174 2669 1224 2717 si,
1258 2681 1345 2709 non
1377 2682 1431 2709 se.

300 2735 345 2777 C.
369 2736 438 2786 67,
474 2735 557 2778 140
579 2750 705 2790 cogor
727 2724 947 2790 sumptam
980 2752 1002 2779 e
1034 2738 1157 2780 codd.
1191 2738 1374 2779 fortasse
1407 2737 1608 2779 omnibus
1641 2735 1774 2789 (certe

110 2823 162 2848 504
181 2806 279 2847 Par.
313 2808 356 2847 et
387 2806 561 2860 Bernn.)
605 2808 660 2848 ab
704 2807 861 2849 Orellio
901 2809 1159 2861 scripturam
1199 2810 1459 2861 postponere
1490 2808 1637 2857 veteri,
1687 2820 1773 2847 una

183 2876 225 2917 in
256 2876 398 2918 littera
430 2876 702 2930 discrepanti.
765 2878 908 2920 Edidit
940 2879 1073 2920 enim:
1113 2892 1222 2920 unus
1252 2879 1298 2918 in
1329 2878 1408 2919 hae
1438 2879 1616 2930 civitate,
1656 2891 1774 2932 quem

183 2947 348 3002 quidem
381 2961 449 3002 eqo
473 2961 678 3002 possum
711 2948 859 3001 dicere,
900 2950 1110 3011 praeclare
1148 2950 1214 2989 vir
1253 2948 1303 2989 de
1334 2962 1380 2989 re
1404 2962 1450 3002 2).
1484 2949 1670 3000 meritus,
1720 2947 1771 2988 L.
