1915 3235
843 135 899 176 25

71 267 225 317 forma,
259 279 392 319 quum
424 265 541 315 nihil,
575 265 690 317 quod
713 268 979 317 sequeretur,
1011 264 1206 314 haberet,
1240 264 1325 305 huc
1346 264 1446 306 illuc
1467 266 1665 318 vagantis
1686 276 1718 301 31

73 342 115 379 et
161 342 369 389 tanquam
418 336 461 376 in
507 335 698 376 tenebris
746 335 963 388 palpantis
1018 335 1219 387 quodque
1273 335 1490 376 obiectum
1538 341 1666 385 esset,

72 407 315 461 arripientis
348 411 390 448 et
421 407 598 457 propter
629 404 742 447 hanc
780 407 920 459 ipsam
960 419 1137 447 causam
1169 411 1380 458 perpetuo
1412 405 1665 456 dubitantis,

72 491 203 531 quam
236 478 308 530 qui
341 476 477 519 secuti
509 481 622 526 sunt,
663 490 912 529 quanquam
951 476 1145 518 laborem
1179 476 1457 529 studiumque
1490 481 1532 517 et
1564 476 1666 518 doc-

71 548 196 589 trinae
229 559 402 599 quoque
434 546 656 598 quandam
690 548 858 600 copiam
900 547 1151 597 attulerunt,
1199 547 1341 588 officio
1379 549 1528 588 tamen
1565 547 1667 588 boni

72 618 333 659 enarratoris
373 630 460 658 non
500 617 815 668 satisfecerunt,
856 618 1206 670 reliqueruntque
1244 631 1331 659 non
1364 618 1667 659 contemnendi

69 688 229 730 laboris
263 688 490 729 materiam
524 688 574 736 ei,
609 688 681 740 qui
712 689 825 730 hanc
859 688 1088 730 enarrandi
1120 689 1333 730 rationem
1367 688 1423 729 ad
1448 701 1667 741 gramma-

70 760 200 800 ticam
240 764 281 799 et
323 759 573 799 historicam
617 760 895 800 severitatem
943 764 1224 800 revocaturus
1273 764 1351 800 est.
1423 758 1549 809 Quod
1596 759 1667 810 qui

69 834 167 883 post
214 829 497 870 Heineckium
546 828 665 881 (nam
712 830 967 879 Heinrichii,
1016 831 1094 871 viri
1145 830 1390 879 clarissimi,
1446 842 1579 882 opera
1625 830 1669 870 in

69 901 218 953 paucis
252 900 354 941 locis
388 899 599 952 substitit)
634 900 776 942 facere
809 906 989 942 conatus
1024 905 1102 950 est,
1151 900 1326 950 XVeber,
1379 902 1422 941 in
1460 901 1510 941 iis
1549 900 1666 950 locis,

70 984 177 1024 quos
226 972 269 1011 in
316 971 767 1012 animadversionibus
816 971 989 1012 editioni
1047 985 1138 1012 suae
1192 971 1396 1013 subiectis
1452 972 1667 1021 tractavit,

69 1041 255 1083 voluisse
288 1042 392 1082 mihi
424 1042 562 1094 magis
594 1042 767 1082 videtur
802 1054 933 1094 quam
966 1039 1220 1094 potuisse.¹)

165 1194 414 1234 committunt;
455 1195 553 1228 velut
585 1194 665 1238 quis
698 1196 790 1228 ferat
823 1194 1032 1227 etiamnunc
1059 1194 1095 1228 in
1121 1194 1392 1228 commentariis
1418 1194 1584 1238 Rupertii
1610 1193 1669 1237 (ad

164 1253 220 1293 VI,
247 1251 330 1294 469)
363 1253 587 1287 circumferri
614 1253 816 1288 scholiastae
849 1253 885 1287 in
912 1264 949 1287 re
976 1253 1165 1287 notissima
1193 1264 1353 1288 errorem
1382 1254 1426 1287 de
1452 1253 1608 1298 Poppaea
1634 1254 1669 1288 in

166 1312 333 1346 exsilium
360 1312 496 1346 missa?

108 1369 134 1412 1)
161 1371 288 1415 Inique
320 1372 457 1406 dictum
491 1372 559 1405 hoc
591 1371 703 1405 videri
736 1375 865 1415 potest,
900 1375 995 1405 certe
1023 1382 1094 1405 non
1130 1382 1220 1415 opus
1254 1372 1364 1405 fuisse
1399 1371 1478 1406 dici.
1530 1372 1600 1405 Sed
1635 1372 1670 1405 in

166 1431 267 1465 foedis
300 1431 368 1465 illis
401 1431 653 1465 laudationum
686 1441 750 1474 per
776 1431 1027 1475 ephemerides
1054 1431 1287 1465 Germanicas
1321 1431 1487 1465 sordibus
1520 1434 1555 1465 et
1586 1432 1670 1465 levi-

164 1492 238 1523 tate
272 1493 307 1523 et
340 1490 377 1524 in
409 1491 477 1524 hac
511 1490 691 1524 scribendi
726 1493 761 1524 et
799 1493 964 1524 veterum
997 1501 1105 1534 opera
1140 1490 1270 1524 edendi
1303 1491 1496 1524 sedulitate
1529 1494 1669 1525 rectum

165 1548 253 1581 mihi
292 1549 434 1583 videtur
473 1550 656 1583 interdum
695 1560 819 1583 severe
864 1553 899 1582 et
938 1552 1078 1592 aperte,
1125 1560 1197 1583 non
1237 1550 1515 1590 contumeliose,
1560 1550 1670 1593 loqui.

165 1606 289 1650 Neque
316 1609 424 1650 enim,
453 1620 665 1653 quanquam
691 1608 859 1652 quaedam
887 1619 959 1642 non
979 1609 1247 1642 contemnenda
1266 1608 1366 1649 dixit,
1394 1608 1439 1642 ad
1457 1608 1669 1642 Iuvenalem

165 1668 409 1701 enarrandum
438 1671 501 1702 aut
528 1668 661 1702 iustam
693 1667 871 1701 sermonis
904 1667 1073 1711 peritiam
1106 1668 1270 1702 attulisse
1304 1668 1417 1701 videri
1451 1668 1568 1708 debet,
1609 1668 1671 1711 qui

165 1723 224 1766 (ad
250 1729 316 1760 sat.
343 1727 416 1766 XV,
444 1726 490 1759 35
515 1738 549 1770 p.
576 1726 659 1767 377)
688 1727 898 1761 Iuvenalem
926 1727 1107 1761 dicentem
1141 1727 1243 1761 facit:
1282 1728 1405 1761 odium
1437 1728 1539 1761 ardet
1572 1725 1671 1769 (urit)

170 1784 295 1818 Ombos
329 1791 359 1819 et
398 1788 568 1830 Tentyra,
608 1789 643 1819 et
683 1786 727 1819 ad
773 1787 869 1820 hunc
901 1786 1146 1820 soloecismum
1180 1786 1357 1820 tuendum
1391 1786 1544 1819 advocat
1576 1786 1669 1829 Virg.

166 1842 290 1887 Georg.
319 1845 375 1885 IV,
409 1844 479 1878 4-25
514 1844 609 1886 (Iam
636 1847 790 1888 rapidus
815 1851 956 1880 torrens
989 1847 1146 1879 sitientes
1182 1846 1304 1879 Sirius
1336 1847 1446 1879 Indos
1478 1845 1669 1887 Ardebat);

165 1906 228 1936 aut
253 1904 493 1939 subtilitatem
520 1905 808 1948 grammaticam,
843 1905 904 1948 qui
937 1904 973 1938 in
1000 1904 1056 1938 his
1083 1905 1202 1938 verbis
1230 1904 1318 1945 (VII,
1348 1904 1414 1937 129
1441 1916 1474 1948 p.
1502 1904 1587 1947 274)
1620 1907 1671 1939 sic

167 1963 262 1996 Pedo
289 1966 488 2007 conturbat,
516 1966 638 1998 Matho
665 1965 790 2006 deficit,
817 1965 934 1997 exitus
959 1965 1015 1997 hic
1041 1969 1091 1997 est
1122 1965 1271 2007 Toizye'li,
1306 1975 1378 1998 non
1405 1964 1503 1998 videt
1530 1968 1565 1998 et
1591 1976 1671 1999 con«-

166 2023 289 2055 teu-bat
316 2027 351 2057 et
369 2025 485 2066 deficit
511 2024 638 2057 eodem
665 2023 772 2057 modo
800 2023 845 2056 ad
871 2023 1088 2067 particulam
1114 2025 1165 2056 3ἰο
1192 2023 1317 2057 referri
1339 2027 1374 2057 et
1395 2023 1530 2057 similes
1552 2024 1670 2058 exitus

165 2080 319 2115 Pedonis
347 2086 381 2116 et
407 2082 587 2116 Mathonis
615 2093 657 2116 ex
684 2082 812 2115 eadem
839 2092 948 2115 causa
968 2082 1169 2125 significari,
1198 2082 1261 2116 sed
1284 2083 1457 2116 Pedonem
1480 2083 1571 2116 alios
1592 2084 1671 2126 qui-

164 2141 242 2173 dem
274 2142 487 2175 conturbare
526 2139 575 2182 (in
615 2152 686 2184 quo
720 2141 809 2174 allos
847 2140 926 2174 illos
967 2144 1001 2174 et
1040 2141 1231 2175 locutionis
1270 2142 1485 2175 conturbare
1517 2142 1672 2185 aliquem

165 2199 464 2242 significationem
491 2200 567 2244 ipse
593 2200 721 2242 finxit),
749 2202 809 2233 secl
836 2201 1039 2234 Mathonem
1066 2202 1209 2243 deficere
1241 2200 1516 2244 interpretatur;
1545 2203 1608 2234 aut
1634 2200 1671 2233 in

164 2259 452 2301 argumentando
485 2259 709 2299 cautionem,
749 2259 811 2302 qui
843 2270 887 2292 ex
921 2270 980 2299 eo,
1020 2260 1116 2303 quod
1149 2260 1217 2293 hoc
1249 2260 1328 2293 1000
1361 2259 1484 2293 Matho
1518 2259 1670 2293 deficere

165 2317 306 2359 dicitur,
334 2318 532 2352 exhaustus
550 2318 803 2352 ostentationis
824 2318 1040 2362 sumptibus,
1068 2330 1102 2362 p.
1124 2318 1190 2351 13ss
1209 2318 1330 2359 efficit,
1357 2329 1523 2352 macrum
1549 2318 1670 2358 fuisse,

164 2388 230 2411 nec
256 2377 472 2411 obesitatem
498 2376 612 2411 inflati
639 2377 798 2421 corporis
826 2377 861 2410 in
889 2388 930 2411 eo
957 2377 1041 2411 alibi
1069 2389 1090 2411 a
1115 2381 1223 2421 poeta
1249 2377 1367 2411 notari
1393 2377 1554 2420 potuisse
1564 2390 1572 2418 ;
1607 2380 1671 2410 aut

164 2447 286 2470 rerum
324 2436 558 2480 antiquarum
597 2436 851 2480 cognitionem,
890 2436 951 2480 qui
988 2440 1070 2480 post
1109 2436 1409 2470 Schurtzfleischii
1442 2439 1477 2470 et
1509 2436 1669 2470 Crameri

163 2495 462 2532 admonitionem,
502 2506 547 2528 ne
580 2495 782 2538 Zieglerum
816 2506 1099 2529 commemorem
1131 2494 1192 2533 (de
1226 2495 1326 2528 mim.
1362 2495 1516 2529 Roman.
1550 2506 1583 2538 p.
1613 2494 1671 2536 72)

163 2557 226 2588 aut
259 2554 437 2598 Langium
471 2553 591 2596 (Vind.
619 2554 782 2598 Tragoed.
809 2554 914 2588 Rom.
941 2566 975 2598 p.
1004 2553 1063 2595 12)
1089 2557 1124 2588 et
1150 2554 1249 2595 alios,
1284 2564 1348 2597 pro
1375 2554 1516 2587 Catullo
1544 2553 1669 2587 mimo-

163 2613 299 2657 grapho
325 2624 369 2647 ex
396 2613 593 2647 Domitiani
619 2617 725 2647 aetate
760 2624 832 2647 non
864 2613 982 2647 solum
1016 2613 1057 2655 Q.
1084 2613 1272 2647 Lutatium
1306 2613 1475 2647 Catulum
1508 2612 1671 2646 obtrudit

162 2672 223 2713 (ad
249 2672 340 2713 VIII,
376 2672 443 2705 186
474 2684 509 2716 p.
536 2672 638 2714 295),
671 2673 745 2713 sed,
785 2672 934 2706 confuso
973 2672 1163 2716 utriusque
1202 2672 1369 2712 nomine,
1409 2672 1449 2714 Q.
1482 2671 1670 2705 Lutatium

164 2731 344 2765 Catullum
373 2731 451 2776 (qui
478 2743 577 2766 error
603 2731 723 2765 nescio
750 2731 847 2765 unde
865 2734 965 2764 ortus
992 2734 1026 2765 et
1053 2742 1074 2765 a
1097 2731 1221 2765 multis
1246 2734 1466 2774 propagatus
1494 2729 1670 2774 repetitur

163 2790 273 2824 etiam
291 2792 388 2834 apud
406 2791 591 2825 Baehrium
610 2792 646 2825 in
665 2791 747 2824 hist.
767 2791 834 2824 litt.
854 2790 959 2823 Rom.
978 2801 1012 2834 p.
1033 2789 1100 2822 117
1120 2790 1175 2823 ed.
1195 2789 1228 2831 2,
1262 2789 1324 2833 qui
1351 2789 1554 2832 Zieglerum
1580 2799 1663 2822 auc-

163 2852 279 2883 torem
323 2850 467 2891 laudat,
520 2851 626 2894 longe
678 2850 748 2884 alia
800 2848 1022 2890 tradentem)
1074 2852 1109 2883 et
1148 2847 1196 2892 (p.
1231 2847 1315 2890 208)
1359 2848 1452 2881 sales
1503 2846 1668 2891 apocolo-

161 2912 351 2951 cyntoseos
384 2909 530 2943 Senecae
562 2909 703 2949 laudat,
743 2908 780 2942 in
813 2919 886 2952 qua
918 2908 1089 2942 Claudius
1123 2907 1217 2941 inter
1252 2906 1458 2940 cucurbitas
1491 2905 1669 2939 referatur

162 2965 274 3010 (quod
302 2967 361 3001 alii
389 2979 544 3011 quoque,
584 2967 646 3011 qui
678 2967 841 3001 libellum
875 2977 947 3000 non
980 2966 1157 3010 legerunt,
1198 2966 1233 2999 in
1270 2977 1311 3000 eo
1338 2964 1477 2999 narrari
1503 2962 1665 3008 putant);
