<?xml version="1.0" encoding="UTF-8"?>
<!DOCTYPE html PUBLIC "-//W3C//DTD XHTML 1.0 Transitional//EN"
    "http://www.w3.org/TR/xhtml1/DTD/xhtml1-transitional.dtd">
<html xmlns="http://www.w3.org/1999/xhtml" xml:lang="en" lang="en">
 <head>
  <title>
</title>
<meta http-equiv="Content-Type" content="text/html;charset=utf-8" />
  <meta name='ocr-system' content='tesseract 3.04.00' />
  <meta name='ocr-capabilities' content='ocr_page ocr_carea ocr_par ocr_line ocrx_word'/>
</head>
<body>
  <div class='ocr_page' id='page_1' title='image "./ionicolaimadvigi00madvuoft_0719.png"; bbox 0 0 1915 3235; ppageno 0'>
   <div class='ocr_carea' id='block_1_1' title="bbox 855 95 940 137">
    <p class='ocr_par' dir='ltr' id='par_1_1' title="bbox 855 95 940 137">
     <span class='ocr_line' id='line_1_1' title="bbox 855 95 940 137; baseline 0 0"><span class='ocrx_word' id='word_1_1' title='bbox 855 95 940 137; x_wconf 78' lang='lat'>695</span> 
     </span>
    </p>
   </div>
   <div class='ocr_carea' id='block_1_2' title="bbox 205 293 1592 450">
    <p class='ocr_par' dir='ltr' id='par_1_2' title="bbox 205 293 1592 450">
     <span class='ocr_line' id='line_1_2' title="bbox 205 293 1592 356; baseline -0.003 -13"><span class='ocrx_word' id='word_1_2' title='bbox 205 297 274 346; x_wconf 80' lang='lat' dir='ltr'>D.</span> <span class='ocrx_word' id='word_1_3' title='bbox 351 297 595 345; x_wconf 77' lang='lat' dir='ltr'>Ciceronis</span> <span class='ocrx_word' id='word_1_4' title='bbox 644 297 801 344; x_wconf 85' lang='lat' dir='ltr'>oratio</span> <span class='ocrx_word' id='word_1_5' title='bbox 851 310 939 356; x_wconf 91' lang='lat' dir='ltr'>pro</span> <span class='ocrx_word' id='word_1_6' title='bbox 988 297 1193 343; x_wconf 88' lang='lat' dir='ltr'>Murena</span> <span class='ocrx_word' id='word_1_7' title='bbox 1243 295 1428 353; x_wconf 78' lang='lat' dir='ltr'>aliquot</span> <span class='ocrx_word' id='word_1_8' title='bbox 1475 293 1592 340; x_wconf 90' lang='lat' dir='ltr'>locis</span> 
     </span>
     <span class='ocr_line' id='line_1_3' title="bbox 593 384 1203 450; baseline -0.002 -13"><span class='ocrx_word' id='word_1_9' title='bbox 593 391 842 438; x_wconf 88' lang='lat' dir='ltr'>evidenter</span> <span class='ocrx_word' id='word_1_10' title='bbox 879 391 1152 437; x_wconf 88' lang='lat' dir='ltr'>emendata.</span> <span class='ocrx_word' id='word_1_11' title='bbox 1171 384 1203 450; x_wconf 87' lang='lat'>¹)</span> 
     </span>
    </p>
   </div>
   <div class='ocr_carea' id='block_1_3' title="bbox 104 501 1699 2677">
    <p class='ocr_par' dir='ltr' id='par_1_3' title="bbox 104 501 1699 2677">
     <span class='ocr_line' id='line_1_4' title="bbox 223 501 1696 558; baseline -0.004 -11"><span class='ocrx_word' id='word_1_12' title='bbox 223 506 439 548; x_wconf 80' lang='lat' dir='ltr'>Ciceronis</span> <span class='ocrx_word' id='word_1_13' title='bbox 486 518 565 558; x_wconf 90' lang='lat' dir='ltr'>pro</span> <span class='ocrx_word' id='word_1_14' title='bbox 607 506 653 546; x_wconf 93' lang='lat' dir='ltr'>L.</span> <span class='ocrx_word' id='word_1_15' title='bbox 686 505 866 547; x_wconf 89' lang='lat' dir='ltr'>Murena</span> <span class='ocrx_word' id='word_1_16' title='bbox 913 506 1152 546; x_wconf 89' lang='lat' dir='ltr'>orationem</span> <span class='ocrx_word' id='word_1_17' title='bbox 1199 503 1256 545; x_wconf 89' lang='lat' dir='ltr'>ad</span> <span class='ocrx_word' id='word_1_18' title='bbox 1302 516 1380 544; x_wconf 90' lang='lat' dir='ltr'>nos</span> <span class='ocrx_word' id='word_1_19' title='bbox 1427 501 1696 555; x_wconf 86' lang='lat' dir='ltr'>pertulerunt</span> 
     </span>
     <span class='ocr_line' id='line_1_5' title="bbox 105 572 1695 629; baseline -0.004 -10"><span class='ocrx_word' id='word_1_20' title='bbox 105 577 272 619; x_wconf 89' lang='lat' dir='ltr'>codices</span> <span class='ocrx_word' id='word_1_21' title='bbox 303 590 391 618; x_wconf 92' lang='lat' dir='ltr'>non</span> <span class='ocrx_word' id='word_1_22' title='bbox 422 576 483 617; x_wconf 89' lang='lat' dir='ltr'>ita</span> <span class='ocrx_word' id='word_1_23' title='bbox 515 576 681 628; x_wconf 81' lang='lat' dir='ltr'>antiqui</span> <span class='ocrx_word' id='word_1_24' title='bbox 713 576 872 629; x_wconf 91' lang='lat' dir='ltr'>quique</span> <span class='ocrx_word' id='word_1_25' title='bbox 905 588 1177 617; x_wconf 87' lang='lat' dir='ltr'>communem</span> <span class='ocrx_word' id='word_1_26' title='bbox 1204 574 1410 626; x_wconf 84' lang='lat' dir='ltr'>originem</span> <span class='ocrx_word' id='word_1_27' title='bbox 1439 572 1695 613; x_wconf 88' lang='lat' dir='ltr'>mendorum</span> 
     </span>
     <span class='ocr_line' id='line_1_6' title="bbox 105 643 1694 699; baseline -0.004 -10"><span class='ocrx_word' id='word_1_28' title='bbox 105 648 339 689; x_wconf 88' lang='lat' dir='ltr'>multorum</span> <span class='ocrx_word' id='word_1_29' title='bbox 371 646 714 699; x_wconf 89' lang='lat' dir='ltr'>notabiliumque</span> <span class='ocrx_word' id='word_1_30' title='bbox 749 645 1049 687; x_wconf 83' lang='lat' dir='ltr'>communione</span> <span class='ocrx_word' id='word_1_31' title='bbox 1081 644 1326 687; x_wconf 83' lang='lat' dir='ltr'>ostendant.</span> <span class='ocrx_word' id='word_1_32' title='bbox 1389 643 1549 684; x_wconf 88' lang='lat' dir='ltr'>Eorum</span> <span class='ocrx_word' id='word_1_33' title='bbox 1573 655 1694 683; x_wconf 89' lang='lat' dir='ltr'>men-</span> 
     </span>
     <span class='ocr_line' id='line_1_7' title="bbox 105 713 1694 771; baseline -0.003 -11"><span class='ocrx_word' id='word_1_34' title='bbox 105 719 259 760; x_wconf 92' lang='lat' dir='ltr'>dorum</span> <span class='ocrx_word' id='word_1_35' title='bbox 297 731 457 771; x_wconf 90' lang='lat' dir='ltr'>magna</span> <span class='ocrx_word' id='word_1_36' title='bbox 494 731 596 771; x_wconf 91' lang='lat' dir='ltr'>pars</span> <span class='ocrx_word' id='word_1_37' title='bbox 639 730 691 758; x_wconf 77' lang='lat' dir='ltr'>ex</span> <span class='ocrx_word' id='word_1_38' title='bbox 736 730 786 758; x_wconf 91' lang='lat' dir='ltr'>eo</span> <span class='ocrx_word' id='word_1_39' title='bbox 827 729 984 770; x_wconf 85' lang='lat' dir='ltr'>genere</span> <span class='ocrx_word' id='word_1_40' title='bbox 1027 719 1105 766; x_wconf 81' lang='lat' dir='ltr'>est,</span> <span class='ocrx_word' id='word_1_41' title='bbox 1153 729 1250 768; x_wconf 85' lang='lat' dir='ltr'>quae</span> <span class='ocrx_word' id='word_1_42' title='bbox 1291 714 1465 755; x_wconf 85' lang='lat' dir='ltr'>librario</span> <span class='ocrx_word' id='word_1_43' title='bbox 1509 713 1694 755; x_wconf 83' lang='lat' dir='ltr'>indocto.</span> 
     </span>
     <span class='ocr_line' id='line_1_8' title="bbox 105 783 1696 841; baseline -0.004 -11"><span class='ocrx_word' id='word_1_44' title='bbox 105 791 296 830; x_wconf 90' lang='lat' dir='ltr'>ceterum</span> <span class='ocrx_word' id='word_1_45' title='bbox 328 789 598 841; x_wconf 88' lang='lat' dir='ltr'>propositum</span> <span class='ocrx_word' id='word_1_46' title='bbox 631 787 853 840; x_wconf 71' lang='lat' dir='ltr'>exemplar</span> <span class='ocrx_word' id='word_1_47' title='bbox 884 787 989 828; x_wconf 88' lang='lat' dir='ltr'>satis</span> <span class='ocrx_word' id='word_1_48' title='bbox 1022 787 1246 839; x_wconf 77' lang='lat' dir='ltr'>diligenter</span> <span class='ocrx_word' id='word_1_49' title='bbox 1277 784 1553 838; x_wconf 83' lang='lat' dir='ltr'>persequenti</span> <span class='ocrx_word' id='word_1_50' title='bbox 1584 783 1696 824; x_wconf 89' lang='lat' dir='ltr'>anti-</span> 
     </span>
     <span class='ocr_line' id='line_1_9' title="bbox 105 853 1696 913; baseline -0.004 -12"><span class='ocrx_word' id='word_1_51' title='bbox 105 859 264 913; x_wconf 91' lang='lat' dir='ltr'>quioris</span> <span class='ocrx_word' id='word_1_52' title='bbox 297 859 521 912; x_wconf 69' lang='lat' dir='ltr'>scripturae</span> <span class='ocrx_word' id='word_1_53' title='bbox 554 858 707 900; x_wconf 89' lang='lat' dir='ltr'>ductus</span> <span class='ocrx_word' id='word_1_54' title='bbox 740 857 1022 906; x_wconf 81' lang='lat' dir='ltr'>obscuriores,</span> <span class='ocrx_word' id='word_1_55' title='bbox 1056 869 1210 898; x_wconf 90' lang='lat' dir='ltr'>vocum</span> <span class='ocrx_word' id='word_1_56' title='bbox 1235 855 1559 897; x_wconf 90' lang='lat' dir='ltr'>scribendarum</span> <span class='ocrx_word' id='word_1_57' title='bbox 1587 853 1696 895; x_wconf 87' lang='lat' dir='ltr'>ratio</span> 
     </span>
     <span class='ocr_line' id='line_1_10' title="bbox 105 923 1696 983; baseline -0.004 -12"><span class='ocrx_word' id='word_1_58' title='bbox 105 929 186 983; x_wconf 90' lang='lat' dir='ltr'>ipsi</span> <span class='ocrx_word' id='word_1_59' title='bbox 216 929 423 970; x_wconf 88' lang='lat' dir='ltr'>inusitata</span> <span class='ocrx_word' id='word_1_60' title='bbox 454 929 676 982; x_wconf 87' lang='lat' dir='ltr'>verbaque</span> <span class='ocrx_word' id='word_1_61' title='bbox 708 942 862 981; x_wconf 89' lang='lat' dir='ltr'>parum</span> <span class='ocrx_word' id='word_1_62' title='bbox 894 928 1111 969; x_wconf 83' lang='lat' dir='ltr'>intellecta</span> <span class='ocrx_word' id='word_1_63' title='bbox 1135 928 1195 968; x_wconf 84' lang='lat' dir='ltr'>ita</span> <span class='ocrx_word' id='word_1_64' title='bbox 1219 926 1438 975; x_wconf 76' lang='lat' dir='ltr'>obiiciunt,</span> <span class='ocrx_word' id='word_1_65' title='bbox 1472 926 1531 975; x_wconf 85' lang='lat' dir='ltr'>ut,</span> <span class='ocrx_word' id='word_1_66' title='bbox 1566 923 1696 965; x_wconf 89' lang='lat' dir='ltr'>modo</span> 
     </span>
     <span class='ocr_line' id='line_1_11' title="bbox 104 996 1696 1052; baseline -0.004 -11"><span class='ocrx_word' id='word_1_67' title='bbox 104 1000 223 1042; x_wconf 90' lang='lat' dir='ltr'>nulla</span> <span class='ocrx_word' id='word_1_68' title='bbox 254 999 484 1041; x_wconf 90' lang='lat' dir='ltr'>accesserit</span> <span class='ocrx_word' id='word_1_69' title='bbox 514 999 802 1052; x_wconf 80' lang='lat' dir='ltr'>interpolatio,</span> <span class='ocrx_word' id='word_1_70' title='bbox 837 1012 889 1039; x_wconf 77' lang='lat' dir='ltr'>ex</span> <span class='ocrx_word' id='word_1_71' title='bbox 920 999 1072 1039; x_wconf 89' lang='lat' dir='ltr'>litteris</span> <span class='ocrx_word' id='word_1_72' title='bbox 1095 997 1434 1050; x_wconf 78' lang='lat' dir='ltr'>fragmentisque</span> <span class='ocrx_word' id='word_1_73' title='bbox 1463 996 1696 1037; x_wconf 89' lang='lat' dir='ltr'>verborum</span> 
     </span>
     <span class='ocr_line' id='line_1_12' title="bbox 106 1055 1697 1123; baseline -0.003 -12"><span class='ocrx_word' id='word_1_74' title='bbox 106 1070 163 1112; x_wconf 88' lang='lat' dir='ltr'>ad</span> <span class='ocrx_word' id='word_1_75' title='bbox 193 1071 383 1123; x_wconf 86' lang='lat' dir='ltr'>speciem</span> <span class='ocrx_word' id='word_1_76' title='bbox 414 1069 522 1111; x_wconf 91' lang='lat' dir='ltr'>mire</span> <span class='ocrx_word' id='word_1_77' title='bbox 565 1070 780 1111; x_wconf 87' lang='lat' dir='ltr'>distractis</span> <span class='ocrx_word' id='word_1_78' title='bbox 812 1072 959 1110; x_wconf 88' lang='lat' dir='ltr'>tamen</span> <span class='ocrx_word' id='word_1_79' title='bbox 992 1055 1137 1110; x_wconf 82' lang='lat' dir='ltr'>omnia</span> <span class='ocrx_word' id='word_1_80' title='bbox 1169 1067 1393 1120; x_wconf 88' lang='lat' dir='ltr'>diligenter</span> <span class='ocrx_word' id='word_1_81' title='bbox 1424 1066 1622 1107; x_wconf 87' lang='lat' dir='ltr'>rimando</span> <span class='ocrx_word' id='word_1_82' title='bbox 1656 1067 1697 1106; x_wconf 90' lang='lat' dir='ltr'>et</span> 
     </span>
     <span class='ocr_line' id='line_1_13' title="bbox 105 1137 1696 1182; baseline -0.004 0"><span class='ocrx_word' id='word_1_83' title='bbox 105 1141 234 1182; x_wconf 91' lang='lat' dir='ltr'>simul</span> <span class='ocrx_word' id='word_1_84' title='bbox 266 1141 322 1182; x_wconf 87' lang='lat' dir='ltr'>ad</span> <span class='ocrx_word' id='word_1_85' title='bbox 354 1141 539 1182; x_wconf 86' lang='lat' dir='ltr'>formam</span> <span class='ocrx_word' id='word_1_86' title='bbox 572 1140 778 1182; x_wconf 88' lang='lat' dir='ltr'>orationis</span> <span class='ocrx_word' id='word_1_87' title='bbox 804 1139 1067 1181; x_wconf 82' lang='lat' dir='ltr'>attendendo</span> <span class='ocrx_word' id='word_1_88' title='bbox 1091 1152 1242 1180; x_wconf 88' lang='lat' dir='ltr'>verum</span> <span class='ocrx_word' id='word_1_89' title='bbox 1267 1137 1508 1179; x_wconf 87' lang='lat' dir='ltr'>certissima</span> <span class='ocrx_word' id='word_1_90' title='bbox 1531 1137 1696 1177; x_wconf 88' lang='lat' dir='ltr'>ratione</span> 
     </span>
     <span class='ocr_line' id='line_1_14' title="bbox 106 1206 1697 1264; baseline -0.004 -12"><span class='ocrx_word' id='word_1_91' title='bbox 106 1214 295 1253; x_wconf 89' lang='lat' dir='ltr'>eruatur.</span> <span class='ocrx_word' id='word_1_92' title='bbox 358 1211 445 1253; x_wconf 87' lang='lat' dir='ltr'>Sed</span> <span class='ocrx_word' id='word_1_93' title='bbox 477 1224 528 1252; x_wconf 87' lang='lat' dir='ltr'>ea</span> <span class='ocrx_word' id='word_1_94' title='bbox 561 1211 753 1264; x_wconf 84' lang='lat' dir='ltr'>vestigia,</span> <span class='ocrx_word' id='word_1_95' title='bbox 787 1224 884 1263; x_wconf 84' lang='lat' dir='ltr'>quae</span> <span class='ocrx_word' id='word_1_96' title='bbox 916 1209 1217 1263; x_wconf 89' lang='lat' dir='ltr'>persequenda</span> <span class='ocrx_word' id='word_1_97' title='bbox 1249 1212 1360 1257; x_wconf 76' lang='lat' dir='ltr'>sunt,</span> <span class='ocrx_word' id='word_1_98' title='bbox 1398 1220 1514 1260; x_wconf 83' lang='lat' dir='ltr'>saepe</span> <span class='ocrx_word' id='word_1_99' title='bbox 1548 1209 1623 1247; x_wconf 90' lang='lat' dir='ltr'>aut</span> <span class='ocrx_word' id='word_1_100' title='bbox 1654 1206 1697 1246; x_wconf 90' lang='lat' dir='ltr'>in</span> 
     </span>
     <span class='ocr_line' id='line_1_15' title="bbox 104 1277 1696 1333; baseline -0.004 -10"><span class='ocrx_word' id='word_1_101' title='bbox 104 1294 192 1323; x_wconf 89' lang='lat' dir='ltr'>uno</span> <span class='ocrx_word' id='word_1_102' title='bbox 230 1282 317 1323; x_wconf 89' lang='lat' dir='ltr'>iam</span> <span class='ocrx_word' id='word_1_103' title='bbox 350 1284 392 1323; x_wconf 89' lang='lat' dir='ltr'>et</span> <span class='ocrx_word' id='word_1_104' title='bbox 424 1282 559 1323; x_wconf 89' lang='lat' dir='ltr'>altero</span> <span class='ocrx_word' id='word_1_105' title='bbox 592 1281 737 1323; x_wconf 90' lang='lat' dir='ltr'>codice</span> <span class='ocrx_word' id='word_1_106' title='bbox 770 1284 845 1323; x_wconf 88' lang='lat' dir='ltr'>aut</span> <span class='ocrx_word' id='word_1_107' title='bbox 877 1282 932 1322; x_wconf 90' lang='lat' dir='ltr'>ab</span> <span class='ocrx_word' id='word_1_108' title='bbox 966 1281 1068 1333; x_wconf 87' lang='lat' dir='ltr'>ipsis</span> <span class='ocrx_word' id='word_1_109' title='bbox 1101 1279 1249 1333; x_wconf 90' lang='lat' dir='ltr'>primis</span> <span class='ocrx_word' id='word_1_110' title='bbox 1282 1278 1516 1320; x_wconf 88' lang='lat' dir='ltr'>editoribus</span> <span class='ocrx_word' id='word_1_111' title='bbox 1549 1277 1696 1318; x_wconf 82' lang='lat' dir='ltr'>incon-</span> 
     </span>
     <span class='ocr_line' id='line_1_16' title="bbox 105 1348 1697 1403; baseline -0.005 -9"><span class='ocrx_word' id='word_1_112' title='bbox 105 1352 293 1394; x_wconf 87' lang='lat' dir='ltr'>siderate</span> <span class='ocrx_word' id='word_1_113' title='bbox 325 1353 540 1394; x_wconf 88' lang='lat' dir='ltr'>occultata</span> <span class='ocrx_word' id='word_1_114' title='bbox 571 1354 684 1402; x_wconf 74' lang='lat' dir='ltr'>sunt,</span> <span class='ocrx_word' id='word_1_115' title='bbox 732 1352 909 1393; x_wconf 91' lang='lat' dir='ltr'>inducta</span> <span class='ocrx_word' id='word_1_116' title='bbox 946 1351 1091 1403; x_wconf 90' lang='lat' dir='ltr'>aliqua</span> <span class='ocrx_word' id='word_1_117' title='bbox 1132 1349 1365 1392; x_wconf 87' lang='lat' dir='ltr'>tolerabilis</span> <span class='ocrx_word' id='word_1_118' title='bbox 1398 1348 1623 1389; x_wconf 83' lang='lat' dir='ltr'>sententiae</span> <span class='ocrx_word' id='word_1_119' title='bbox 1657 1348 1697 1387; x_wconf 89' lang='lat' dir='ltr'>et</span> 
     </span>
     <span class='ocr_line' id='line_1_17' title="bbox 105 1416 1697 1476; baseline -0.005 -11"><span class='ocrx_word' id='word_1_120' title='bbox 105 1423 310 1465; x_wconf 86' lang='lat' dir='ltr'>orationis</span> <span class='ocrx_word' id='word_1_121' title='bbox 343 1424 499 1476; x_wconf 76' lang='lat' dir='ltr'>specie,</span> <span class='ocrx_word' id='word_1_122' title='bbox 548 1424 595 1464; x_wconf 90' lang='lat' dir='ltr'>ut</span> <span class='ocrx_word' id='word_1_123' title='bbox 634 1436 685 1464; x_wconf 89' lang='lat' dir='ltr'>ea</span> <span class='ocrx_word' id='word_1_124' title='bbox 724 1423 843 1475; x_wconf 92' lang='lat' dir='ltr'>prius</span> <span class='ocrx_word' id='word_1_125' title='bbox 876 1421 1139 1463; x_wconf 87' lang='lat' dir='ltr'>removenda</span> <span class='ocrx_word' id='word_1_126' title='bbox 1171 1421 1238 1470; x_wconf 78' lang='lat' dir='ltr'>sit,</span> <span class='ocrx_word' id='word_1_127' title='bbox 1273 1432 1404 1473; x_wconf 89' lang='lat' dir='ltr'>quam</span> <span class='ocrx_word' id='word_1_128' title='bbox 1436 1419 1479 1459; x_wconf 92' lang='lat' dir='ltr'>in</span> <span class='ocrx_word' id='word_1_129' title='bbox 1512 1418 1601 1458; x_wconf 85' lang='lat' dir='ltr'>veri</span> <span class='ocrx_word' id='word_1_130' title='bbox 1632 1416 1697 1457; x_wconf 92' lang='lat' dir='ltr'>in-</span> 
     </span>
     <span class='ocr_line' id='line_1_18' title="bbox 105 1488 1697 1546; baseline -0.004 -12"><span class='ocrx_word' id='word_1_131' title='bbox 105 1493 387 1546; x_wconf 82' lang='lat' dir='ltr'>vestigatione</span> <span class='ocrx_word' id='word_1_132' title='bbox 419 1493 619 1546; x_wconf 86' lang='lat' dir='ltr'>progredi</span> <span class='ocrx_word' id='word_1_133' title='bbox 650 1493 802 1546; x_wconf 81' lang='lat' dir='ltr'>possis,</span> <span class='ocrx_word' id='word_1_134' title='bbox 836 1494 880 1534; x_wconf 90' lang='lat' dir='ltr'>in</span> <span class='ocrx_word' id='word_1_135' title='bbox 912 1506 996 1545; x_wconf 91' lang='lat' dir='ltr'>quo</span> <span class='ocrx_word' id='word_1_136' title='bbox 1020 1505 1176 1544; x_wconf 87' lang='lat' dir='ltr'>genere</span> <span class='ocrx_word' id='word_1_137' title='bbox 1200 1490 1387 1543; x_wconf 87' lang='lat' dir='ltr'>insignes</span> <span class='ocrx_word' id='word_1_138' title='bbox 1413 1492 1454 1530; x_wconf 91' lang='lat' dir='ltr'>et</span> <span class='ocrx_word' id='word_1_139' title='bbox 1478 1488 1697 1542; x_wconf 79' lang='lat' dir='ltr'>praeclarae</span> 
     </span>
     <span class='ocr_line' id='line_1_19' title="bbox 105 1559 1696 1617; baseline -0.004 -12"><span class='ocrx_word' id='word_1_140' title='bbox 105 1566 207 1605; x_wconf 89' lang='lat' dir='ltr'>sunt</span> <span class='ocrx_word' id='word_1_141' title='bbox 238 1577 314 1614; x_wconf 82' lang='lat' dir='ltr'>eae,</span> <span class='ocrx_word' id='word_1_142' title='bbox 355 1577 463 1617; x_wconf 93' lang='lat' dir='ltr'>quas</span> <span class='ocrx_word' id='word_1_143' title='bbox 503 1563 763 1604; x_wconf 79' lang='lat' dir='ltr'>Niebuhrius</span> <span class='ocrx_word' id='word_1_144' title='bbox 796 1564 987 1605; x_wconf 90' lang='lat' dir='ltr'>locorum</span> <span class='ocrx_word' id='word_1_145' title='bbox 1021 1562 1184 1615; x_wconf 88' lang='lat' dir='ltr'>aliquot</span> <span class='ocrx_word' id='word_1_146' title='bbox 1224 1561 1325 1602; x_wconf 87' lang='lat' dir='ltr'>fecit</span> <span class='ocrx_word' id='word_1_147' title='bbox 1357 1559 1696 1606; x_wconf 73' lang='lat' dir='ltr'>emendationes,</span> 
     </span>
     <span class='ocr_line' id='line_1_20' title="bbox 105 1628 1695 1687; baseline -0.004 -13"><span class='ocrx_word' id='word_1_148' title='bbox 105 1633 223 1675; x_wconf 90' lang='lat' dir='ltr'>velut</span> <span class='ocrx_word' id='word_1_149' title='bbox 261 1633 333 1676; x_wconf 89' lang='lat' dir='ltr'>illa</span> <span class='ocrx_word' id='word_1_150' title='bbox 372 1634 415 1675; x_wconf 93' lang='lat' dir='ltr'>in</span> <span class='ocrx_word' id='word_1_151' title='bbox 454 1647 488 1675; x_wconf 93' lang='lat' dir='ltr'>c.</span> <span class='ocrx_word' id='word_1_152' title='bbox 525 1635 591 1684; x_wconf 90' lang='grc'><strong>11,</strong></span> <span class='ocrx_word' id='word_1_153' title='bbox 632 1634 701 1684; x_wconf 78' lang='grc'>25,</span> <span class='ocrx_word' id='word_1_154' title='bbox 742 1634 813 1675; x_wconf 87' lang='lat' dir='ltr'>ubi</span> <span class='ocrx_word' id='word_1_155' title='bbox 855 1647 933 1687; x_wconf 91' lang='lat' dir='ltr'>pro</span> <span class='ocrx_word' id='word_1_156' title='bbox 973 1646 1036 1683; x_wconf 74' lang='lat' dir='ltr'>eo,</span> <span class='ocrx_word' id='word_1_157' title='bbox 1085 1632 1200 1684; x_wconf 86' lang='lat' dir='ltr'>quod</span> <span class='ocrx_word' id='word_1_158' title='bbox 1238 1631 1350 1672; x_wconf 85' lang='lat' dir='ltr'>male</span> <span class='ocrx_word' id='word_1_159' title='bbox 1391 1628 1695 1682; x_wconf 89' lang='lat' dir='ltr'>interpolatum</span> 
     </span>
     <span class='ocr_line' id='line_1_21' title="bbox 106 1699 1697 1760; baseline -0.005 -13"><span class='ocrx_word' id='word_1_160' title='bbox 106 1708 212 1755; x_wconf 79' lang='lat' dir='ltr'>erat,</span> <span class='ocrx_word' id='word_1_161' title='bbox 259 1710 380 1746; x_wconf 73' lang='lat' dir='ltr'>notas</span> <span class='ocrx_word' id='word_1_162' title='bbox 410 1705 629 1760; x_wconf 72' lang='lat' dir='ltr'>quasdam,</span> <span class='ocrx_word' id='word_1_163' title='bbox 664 1718 686 1746; x_wconf 94' lang='lat' dir='ltr'>e</span> <span class='ocrx_word' id='word_1_164' title='bbox 719 1704 914 1746; x_wconf 89' lang='lat' dir='ltr'>codicum</span> <span class='ocrx_word' id='word_1_165' title='bbox 947 1703 1134 1756; x_wconf 87' lang='lat' dir='ltr'>vestigiis</span> <span class='ocrx_word' id='word_1_166' title='bbox 1167 1701 1473 1755; x_wconf 76' lang='lat' dir='ltr'>(ueroacoedam</span> <span class='ocrx_word' id='word_1_167' title='bbox 1506 1702 1549 1740; x_wconf 89' lang='lat' dir='ltr'>et</span> <span class='ocrx_word' id='word_1_168' title='bbox 1581 1699 1697 1740; x_wconf 87' lang='lat' dir='ltr'>simi-</span> 
     </span>
     <span class='ocr_line' id='line_1_22' title="bbox 106 1769 1696 1829; baseline -0.004 -13"><span class='ocrx_word' id='word_1_169' title='bbox 106 1773 236 1827; x_wconf 88' lang='lat' dir='ltr'>libus)</span> <span class='ocrx_word' id='word_1_170' title='bbox 268 1775 456 1817; x_wconf 87' lang='lat' dir='ltr'>restituit</span> <span class='ocrx_word' id='word_1_171' title='bbox 487 1774 612 1815; x_wconf 75' lang='lat' dir='ltr'>verba</span> <span class='ocrx_word' id='word_1_172' title='bbox 644 1775 851 1829; x_wconf 75' lang='lat' dir='ltr'>qucedam.</span> <span class='ocrx_word' id='word_1_173' title='bbox 914 1774 1134 1815; x_wconf 87' lang='lat' dir='ltr'>Interdum</span> <span class='ocrx_word' id='word_1_174' title='bbox 1171 1776 1320 1814; x_wconf 89' lang='lat' dir='ltr'>tamen</span> <span class='ocrx_word' id='word_1_175' title='bbox 1350 1773 1394 1812; x_wconf 90' lang='lat' dir='ltr'>in</span> <span class='ocrx_word' id='word_1_176' title='bbox 1432 1771 1502 1812; x_wconf 88' lang='lat' dir='ltr'>illo</span> <span class='ocrx_word' id='word_1_177' title='bbox 1536 1769 1696 1817; x_wconf 76' lang='lat' dir='ltr'>codice,</span> 
     </span>
     <span class='ocr_line' id='line_1_23' title="bbox 107 1840 1697 1899; baseline -0.004 -12"><span class='ocrx_word' id='word_1_178' title='bbox 107 1858 160 1887; x_wconf 85' lang='lat' dir='ltr'>ex</span> <span class='ocrx_word' id='word_1_179' title='bbox 191 1859 276 1899; x_wconf 90' lang='lat' dir='ltr'>quo</span> <span class='ocrx_word' id='word_1_180' title='bbox 307 1846 443 1888; x_wconf 89' lang='lat' dir='ltr'>nostri</span> <span class='ocrx_word' id='word_1_181' title='bbox 474 1845 555 1887; x_wconf 88' lang='lat' dir='ltr'>orti</span> <span class='ocrx_word' id='word_1_182' title='bbox 586 1848 699 1895; x_wconf 84' lang='lat' dir='ltr'>sunt,</span> <span class='ocrx_word' id='word_1_183' title='bbox 733 1846 984 1898; x_wconf 79' lang='lat' dir='ltr'>depravatio</span> <span class='ocrx_word' id='word_1_184' title='bbox 1016 1844 1181 1897; x_wconf 92' lang='lat' dir='ltr'>longius</span> <span class='ocrx_word' id='word_1_185' title='bbox 1214 1855 1441 1896; x_wconf 88' lang='lat' dir='ltr'>progressa</span> <span class='ocrx_word' id='word_1_186' title='bbox 1474 1842 1551 1891; x_wconf 90' lang='lat' dir='ltr'>est,</span> <span class='ocrx_word' id='word_1_187' title='bbox 1584 1840 1697 1880; x_wconf 90' lang='lat' dir='ltr'>litte-</span> 
     </span>
     <span class='ocr_line' id='line_1_24' title="bbox 106 1911 1697 1968; baseline -0.005 -10"><span class='ocrx_word' id='word_1_188' title='bbox 106 1916 163 1957; x_wconf 87' lang='lat' dir='ltr'>ris</span> <span class='ocrx_word' id='word_1_189' title='bbox 210 1930 297 1958; x_wconf 89' lang='lat' dir='ltr'>non</span> <span class='ocrx_word' id='word_1_190' title='bbox 343 1917 483 1958; x_wconf 89' lang='lat' dir='ltr'>solum</span> <span class='ocrx_word' id='word_1_191' title='bbox 531 1916 707 1957; x_wconf 81' lang='lat' dir='ltr'>divulsis</span> <span class='ocrx_word' id='word_1_192' title='bbox 755 1919 798 1957; x_wconf 86' lang='lat' dir='ltr'>et</span> <span class='ocrx_word' id='word_1_193' title='bbox 834 1915 1079 1968; x_wconf 87' lang='lat' dir='ltr'>singulatim</span> <span class='ocrx_word' id='word_1_194' title='bbox 1119 1913 1395 1967; x_wconf 87' lang='lat' dir='ltr'>perturbatis,</span> <span class='ocrx_word' id='word_1_195' title='bbox 1443 1911 1519 1952; x_wconf 88' lang='lat' dir='ltr'>sed</span> <span class='ocrx_word' id='word_1_196' title='bbox 1567 1911 1697 1951; x_wconf 86' lang='lat' dir='ltr'>etiam</span> 
     </span>
     <span class='ocr_line' id='line_1_25' title="bbox 105 1980 1697 2040; baseline -0.006 -11"><span class='ocrx_word' id='word_1_197' title='bbox 105 1990 283 2040; x_wconf 87' lang='lat' dir='ltr'>propter</span> <span class='ocrx_word' id='word_1_198' title='bbox 314 1987 639 2028; x_wconf 87' lang='lat' dir='ltr'>similitudinem</span> <span class='ocrx_word' id='word_1_199' title='bbox 661 1986 843 2035; x_wconf 84' lang='lat' dir='ltr'>omissis,</span> <span class='ocrx_word' id='word_1_200' title='bbox 878 1999 984 2038; x_wconf 82' lang='lat' dir='ltr'>quas</span> <span class='ocrx_word' id='word_1_201' title='bbox 1007 1988 1168 2035; x_wconf 80' lang='lat' dir='ltr'>tamen,</span> <span class='ocrx_word' id='word_1_202' title='bbox 1201 1985 1283 2025; x_wconf 88' lang='lat' dir='ltr'>hac</span> <span class='ocrx_word' id='word_1_203' title='bbox 1305 1983 1399 2036; x_wconf 89' lang='lat' dir='ltr'>ipsa</span> <span class='ocrx_word' id='word_1_204' title='bbox 1420 1980 1697 2023; x_wconf 88' lang='lat' dir='ltr'>similitudine</span> 
     </span>
     <span class='ocr_line' id='line_1_26' title="bbox 108 2051 1697 2110; baseline -0.006 -10"><span class='ocrx_word' id='word_1_205' title='bbox 108 2058 425 2108; x_wconf 86' lang='lat' dir='ltr'>animadversa,</span> <span class='ocrx_word' id='word_1_206' title='bbox 459 2058 679 2099; x_wconf 89' lang='lat' dir='ltr'>retrahere</span> <span class='ocrx_word' id='word_1_207' title='bbox 712 2058 870 2110; x_wconf 79' lang='lat' dir='ltr'>possis3</span> <span class='ocrx_word' id='word_1_208' title='bbox 912 2058 1005 2097; x_wconf 90' lang='lat' dir='ltr'>tum</span> <span class='ocrx_word' id='word_1_209' title='bbox 1038 2056 1081 2096; x_wconf 91' lang='lat' dir='ltr'>in</span> <span class='ocrx_word' id='word_1_210' title='bbox 1112 2056 1206 2108; x_wconf 91' lang='lat' dir='ltr'>ipso</span> <span class='ocrx_word' id='word_1_211' title='bbox 1238 2055 1309 2096; x_wconf 89' lang='lat' dir='ltr'>illo</span> <span class='ocrx_word' id='word_1_212' title='bbox 1342 2053 1486 2095; x_wconf 88' lang='lat' dir='ltr'>codice</span> <span class='ocrx_word' id='word_1_213' title='bbox 1519 2051 1697 2105; x_wconf 88' lang='lat' dir='ltr'>quidam</span> 
     </span>
     <span class='ocr_line' id='line_1_27' title="bbox 108 2122 1697 2182; baseline -0.006 -12"><span class='ocrx_word' id='word_1_214' title='bbox 108 2132 310 2182; x_wconf 87' lang='lat' dir='ltr'>corrupta</span> <span class='ocrx_word' id='word_1_215' title='bbox 358 2128 595 2181; x_wconf 85' lang='lat' dir='ltr'>corrigendi</span> <span class='ocrx_word' id='word_1_216' title='bbox 644 2131 686 2169; x_wconf 88' lang='lat' dir='ltr'>et</span> <span class='ocrx_word' id='word_1_217' title='bbox 733 2126 933 2180; x_wconf 82' lang='lat' dir='ltr'>explendi</span> <span class='ocrx_word' id='word_1_218' title='bbox 973 2128 1151 2167; x_wconf 85' lang='lat' dir='ltr'>conatus</span> <span class='ocrx_word' id='word_1_219' title='bbox 1190 2138 1276 2166; x_wconf 91' lang='lat' dir='ltr'>non</span> <span class='ocrx_word' id='word_1_220' title='bbox 1315 2124 1440 2165; x_wconf 87' lang='lat' dir='ltr'>valde</span> <span class='ocrx_word' id='word_1_221' title='bbox 1481 2122 1697 2164; x_wconf 84' lang='lat' dir='ltr'>artificiosi</span> 
     </span>
     <span class='ocr_line' id='line_1_28' title="bbox 108 2191 1697 2252; baseline -0.006 -11"><span class='ocrx_word' id='word_1_222' title='bbox 108 2202 334 2252; x_wconf 88' lang='lat' dir='ltr'>apparent.</span> <span class='ocrx_word' id='word_1_223' title='bbox 408 2199 471 2240; x_wconf 89' lang='lat' dir='ltr'>Illi</span> <span class='ocrx_word' id='word_1_224' title='bbox 502 2199 583 2240; x_wconf 90' lang='lat' dir='ltr'>loci</span> <span class='ocrx_word' id='word_1_225' title='bbox 616 2197 872 2251; x_wconf 88' lang='lat' dir='ltr'>desperandi</span> <span class='ocrx_word' id='word_1_226' title='bbox 907 2196 1005 2250; x_wconf 88' lang='lat' dir='ltr'>(nisi</span> <span class='ocrx_word' id='word_1_227' title='bbox 1037 2196 1153 2248; x_wconf 85' lang='lat' dir='ltr'>quod</span> <span class='ocrx_word' id='word_1_228' title='bbox 1185 2195 1324 2236; x_wconf 88' lang='lat' dir='ltr'>forma</span> <span class='ocrx_word' id='word_1_229' title='bbox 1356 2194 1555 2234; x_wconf 87' lang='lat' dir='ltr'>universa</span> <span class='ocrx_word' id='word_1_230' title='bbox 1587 2191 1697 2232; x_wconf 90' lang='lat' dir='ltr'>indi-</span> 
     </span>
     <span class='ocr_line' id='line_1_29' title="bbox 108 2262 1696 2322; baseline -0.005 -12"><span class='ocrx_word' id='word_1_231' title='bbox 108 2269 197 2311; x_wconf 90' lang='lat' dir='ltr'>cari</span> <span class='ocrx_word' id='word_1_232' title='bbox 228 2268 388 2322; x_wconf 88' lang='lat' dir='ltr'>potest)</span> <span class='ocrx_word' id='word_1_233' title='bbox 436 2272 479 2311; x_wconf 86' lang='lat' dir='ltr'>et</span> <span class='ocrx_word' id='word_1_234' title='bbox 519 2269 677 2310; x_wconf 84' lang='lat' dir='ltr'>infelici</span> <span class='ocrx_word' id='word_1_235' title='bbox 719 2270 839 2321; x_wconf 87' lang='lat' dir='ltr'>signo</span> <span class='ocrx_word' id='word_1_236' title='bbox 883 2266 1074 2316; x_wconf 66' lang='lat' dir='ltr'>notandi,</span> <span class='ocrx_word' id='word_1_237' title='bbox 1123 2267 1166 2307; x_wconf 91' lang='lat' dir='ltr'>in</span> <span class='ocrx_word' id='word_1_238' title='bbox 1207 2265 1362 2318; x_wconf 89' lang='lat' dir='ltr'>quibus</span> <span class='ocrx_word' id='word_1_239' title='bbox 1400 2264 1526 2316; x_wconf 87' lang='lat' dir='ltr'>plura</span> <span class='ocrx_word' id='word_1_240' title='bbox 1566 2262 1696 2303; x_wconf 83' lang='lat' dir='ltr'>verba</span> 
     </span>
     <span class='ocr_line' id='line_1_30' title="bbox 108 2333 1696 2394; baseline -0.006 -13"><span class='ocrx_word' id='word_1_241' title='bbox 108 2340 309 2382; x_wconf 90' lang='lat' dir='ltr'>librarius</span> <span class='ocrx_word' id='word_1_242' title='bbox 341 2343 518 2394; x_wconf 89' lang='lat' dir='ltr'>propter</span> <span class='ocrx_word' id='word_1_243' title='bbox 550 2340 872 2381; x_wconf 90' lang='lat' dir='ltr'>similitudinem</span> <span class='ocrx_word' id='word_1_244' title='bbox 912 2339 1073 2380; x_wconf 82' lang='lat' dir='ltr'>aliasve</span> <span class='ocrx_word' id='word_1_245' title='bbox 1113 2349 1265 2378; x_wconf 87' lang='lat' dir='ltr'>causas</span> <span class='ocrx_word' id='word_1_246' title='bbox 1304 2334 1460 2383; x_wconf 85' lang='lat' dir='ltr'>omisit,</span> <span class='ocrx_word' id='word_1_247' title='bbox 1508 2335 1557 2374; x_wconf 90' lang='lat' dir='ltr'>ut</span> <span class='ocrx_word' id='word_1_248' title='bbox 1589 2346 1623 2373; x_wconf 92' lang='lat' dir='ltr'>c.</span> <span class='ocrx_word' id='word_1_249' title='bbox 1656 2333 1696 2373; x_wconf 85' lang='lat'>4.</span> 
     </span>
     <span class='ocr_line' id='line_1_31' title="bbox 109 2403 1697 2466; baseline -0.006 -14"><span class='ocrx_word' id='word_1_250' title='bbox 109 2411 155 2452; x_wconf 86' lang='lat'>8:</span> <span class='ocrx_word' id='word_1_251' title='bbox 204 2410 318 2452; x_wconf 81' lang='lat' dir='ltr'>Nam</span> <span class='ocrx_word' id='word_1_252' title='bbox 357 2425 481 2466; x_wconf 75' lang='lat' dir='ltr'>quum</span> <span class='ocrx_word' id='word_1_253' title='bbox 506 2411 692 2465; x_wconf 72' lang='lat' dir='ltr'>prcemia</span> <span class='ocrx_word' id='word_1_254' title='bbox 723 2410 828 2450; x_wconf 61' lang='lat' dir='ltr'>mihi</span> <span class='ocrx_word' id='word_1_255' title='bbox 858 2414 977 2450; x_wconf 76' lang='lat' dir='ltr'>tcmta</span> <span class='ocrx_word' id='word_1_256' title='bbox 1000 2421 1083 2462; x_wconf 73' lang='lat' dir='ltr'>pro</span> <span class='ocrx_word' id='word_1_257' title='bbox 1114 2407 1192 2447; x_wconf 77' lang='lat' dir='ltr'>hac</span> <span class='ocrx_word' id='word_1_258' title='bbox 1223 2406 1437 2446; x_wconf 70' lang='lat' dir='ltr'>industria</span> <span class='ocrx_word' id='word_1_259' title='bbox 1467 2405 1551 2446; x_wconf 72' lang='lat' dir='ltr'>sint</span> <span class='ocrx_word' id='word_1_260' title='bbox 1582 2403 1697 2453; x_wconf 78' lang='lat' dir='ltr'>data,</span> 
     </span>
     <span class='ocr_line' id='line_1_32' title="bbox 108 2474 1697 2536; baseline -0.006 -14"><span class='ocrx_word' id='word_1_261' title='bbox 108 2485 268 2536; x_wconf 75' lang='lat' dir='ltr'>quanta</span> <span class='ocrx_word' id='word_1_262' title='bbox 300 2486 424 2522; x_wconf 77' lang='lat' dir='ltr'>antea</span> <span class='ocrx_word' id='word_1_263' title='bbox 455 2482 625 2534; x_wconf 70' lang='lat' dir='ltr'>nemini,</span> <span class='ocrx_word' id='word_1_264' title='bbox 658 2480 687 2533; x_wconf 83' lang='lat'><strong><em>†</em></strong></span> <span class='ocrx_word' id='word_1_265' title='bbox 719 2481 792 2522; x_wconf 79' lang='lat' dir='ltr'>sic</span> <span class='ocrx_word' id='word_1_266' title='bbox 824 2484 866 2520; x_wconf 77' lang='lat' dir='ltr'>et</span> <span class='ocrx_word' id='word_1_267' title='bbox 896 2480 941 2520; x_wconf 73' lang='lat' dir='ltr'>si</span> <span class='ocrx_word' id='word_1_268' title='bbox 973 2479 1127 2532; x_wconf 73' lang='lat' dir='ltr'>ceperis</span> <span class='ocrx_word' id='word_1_269' title='bbox 1155 2491 1231 2529; x_wconf 73' lang='lat' dir='ltr'>eos,</span> <span class='ocrx_word' id='word_1_270' title='bbox 1265 2490 1390 2531; x_wconf 78' lang='lat' dir='ltr'>quum</span> <span class='ocrx_word' id='word_1_271' title='bbox 1423 2475 1597 2529; x_wconf 72' lang='lat' dir='ltr'>adeptus</span> <span class='ocrx_word' id='word_1_272' title='bbox 1628 2474 1697 2525; x_wconf 71' lang='lat' dir='ltr'>sis,</span> 
     </span>
     <span class='ocr_line' id='line_1_33' title="bbox 109 2546 1699 2605; baseline -0.004 -14"><span class='ocrx_word' id='word_1_273' title='bbox 109 2550 310 2605; x_wconf 81' lang='lat' dir='ltr'>deponere</span> <span class='ocrx_word' id='word_1_274' title='bbox 341 2558 442 2594; x_wconf 76' lang='lat' dir='ltr'>esset</span> <span class='ocrx_word' id='word_1_275' title='bbox 471 2553 652 2593; x_wconf 76' lang='lat' dir='ltr'>hominis</span> <span class='ocrx_word' id='word_1_276' title='bbox 684 2556 718 2592; x_wconf 79' lang='lat' dir='ltr'>et</span> <span class='ocrx_word' id='word_1_277' title='bbox 751 2551 879 2592; x_wconf 76' lang='lat' dir='ltr'>astuti</span> <span class='ocrx_word' id='word_1_278' title='bbox 911 2555 946 2591; x_wconf 76' lang='lat' dir='ltr'>et</span> <span class='ocrx_word' id='word_1_279' title='bbox 987 2550 1145 2604; x_wconf 67' lang='lat' dir='ltr'>inyrcctc&#39;</span> <span class='ocrx_word' id='word_1_280' title='bbox 1185 2547 1363 2601; x_wconf 78' lang='lat' dir='ltr'>(editurz</span> <span class='ocrx_word' id='word_1_281' title='bbox 1411 2546 1584 2596; x_wconf 77' lang='lat' dir='ltr'>labores,</span> <span class='ocrx_word' id='word_1_282' title='bbox 1624 2557 1699 2597; x_wconf 74' lang='lat' dir='ltr'>per</span> 
     </span>
     <span class='ocr_line' id='line_1_34' title="bbox 109 2615 1696 2677; baseline -0.004 -15"><span class='ocrx_word' id='word_1_283' title='bbox 109 2635 208 2676; x_wconf 74' lang='lat' dir='ltr'>quos</span> <span class='ocrx_word' id='word_1_284' title='bbox 240 2635 289 2663; x_wconf 78' lang='lat' dir='ltr'>ea</span> <span class='ocrx_word' id='word_1_285' title='bbox 320 2625 487 2677; x_wconf 71' lang='lat' dir='ltr'>ceperis,</span> <span class='ocrx_word' id='word_1_286' title='bbox 521 2623 681 2664; x_wconf 89' lang='lat' dir='ltr'>omisso</span> <span class='ocrx_word' id='word_1_287' title='bbox 714 2621 795 2674; x_wconf 77' lang='lat' dir='ltr'>eos)</span> <span class='ocrx_word' id='word_1_288' title='bbox 807 2618 841 2674; x_wconf 77' lang='grc'>2)</span> <span class='ocrx_word' id='word_1_289' title='bbox 875 2623 917 2662; x_wconf 85' lang='lat' dir='ltr'>et</span> <span class='ocrx_word' id='word_1_290' title='bbox 949 2634 984 2661; x_wconf 90' lang='lat' dir='ltr'>c.</span> <span class='ocrx_word' id='word_1_291' title='bbox 1003 2620 1071 2668; x_wconf 81' lang='lat'>39,</span> <span class='ocrx_word' id='word_1_292' title='bbox 1107 2618 1175 2660; x_wconf 70' lang='lat'>85.</span> <span class='ocrx_word' id='word_1_293' title='bbox 1225 2618 1348 2659; x_wconf 88' lang='lat' dir='ltr'>Nunc</span> <span class='ocrx_word' id='word_1_294' title='bbox 1379 2617 1495 2658; x_wconf 92' lang='lat' dir='ltr'>locos</span> <span class='ocrx_word' id='word_1_295' title='bbox 1521 2615 1696 2667; x_wconf 70' lang='lat' dir='ltr'>aliquot,</span> 
     </span>
    </p>
   </div>
   <div class='ocr_carea' id='block_1_4' title="bbox 146 2790 1697 2958">
    <p class='ocr_par' dir='ltr' id='par_1_4' title="bbox 146 2790 1697 2958">
     <span class='ocr_line' id='line_1_35' title="bbox 146 2790 1697 2843; baseline -0.008 -9"><span class='ocrx_word' id='word_1_296' title='bbox 146 2795 175 2840; x_wconf 76' lang='grc'>1)</span> <span class='ocrx_word' id='word_1_297' title='bbox 201 2797 303 2842; x_wconf 88' lang='lat' dir='ltr'>[Haec</span> <span class='ocrx_word' id='word_1_298' title='bbox 328 2809 472 2843; x_wconf 89' lang='lat' dir='ltr'>quoque</span> <span class='ocrx_word' id='word_1_299' title='bbox 499 2808 595 2832; x_wconf 91' lang='lat' dir='ltr'>nunc</span> <span class='ocrx_word' id='word_1_300' title='bbox 622 2796 754 2837; x_wconf 84' lang='lat' dir='ltr'>addidi,</span> <span class='ocrx_word' id='word_1_301' title='bbox 781 2800 819 2830; x_wconf 92' lang='lat' dir='ltr'>ut</span> <span class='ocrx_word' id='word_1_302' title='bbox 848 2795 1061 2830; x_wconf 79' lang='lat' dir='ltr'>tenuitatem</span> <span class='ocrx_word' id='word_1_303' title='bbox 1087 2793 1301 2829; x_wconf 87' lang='lat' dir='ltr'>iuvenilium</span> <span class='ocrx_word' id='word_1_304' title='bbox 1328 2792 1548 2837; x_wconf 84' lang='lat' dir='ltr'>copiolarum</span> <span class='ocrx_word' id='word_1_305' title='bbox 1576 2790 1697 2833; x_wconf 86' lang='lat' dir='ltr'>aliquo</span> 
     </span>
     <span class='ocr_line' id='line_1_36' title="bbox 204 2853 802 2897; baseline -0.005 -5"><span class='ocrx_word' id='word_1_306' title='bbox 204 2858 311 2892; x_wconf 88' lang='lat' dir='ltr'>modo</span> <span class='ocrx_word' id='word_1_307' title='bbox 338 2857 564 2892; x_wconf 87' lang='lat' dir='ltr'>redimerem.</span> <span class='ocrx_word' id='word_1_308' title='bbox 615 2855 657 2889; x_wconf 90' lang='lat' dir='ltr'>A.</span> <span class='ocrx_word' id='word_1_309' title='bbox 686 2853 802 2897; x_wconf 64' lang='lat'>1842]</span> 
     </span>
     <span class='ocr_line' id='line_1_37' title="bbox 147 2910 1042 2958; baseline -0.007 -7"><span class='ocrx_word' id='word_1_310' title='bbox 147 2913 176 2958; x_wconf 87' lang='lat'>²)</span> <span class='ocrx_word' id='word_1_311' title='bbox 203 2914 287 2958; x_wconf 87' lang='lat' dir='ltr'>[Cfr.</span> <span class='ocrx_word' id='word_1_312' title='bbox 314 2927 411 2950; x_wconf 91' lang='lat' dir='ltr'>nunc</span> <span class='ocrx_word' id='word_1_313' title='bbox 436 2916 527 2950; x_wconf 90' lang='lat' dir='ltr'>Adv.</span> <span class='ocrx_word' id='word_1_314' title='bbox 555 2914 638 2949; x_wconf 88' lang='lat' dir='ltr'>Crit.</span> <span class='ocrx_word' id='word_1_315' title='bbox 667 2914 735 2948; x_wconf 90' lang='lat' dir='ltr'>vol.</span> <span class='ocrx_word' id='word_1_316' title='bbox 762 2914 811 2947; x_wconf 90' lang='lat' dir='ltr'>III</span> <span class='ocrx_word' id='word_1_317' title='bbox 836 2925 870 2957; x_wconf 92' lang='lat' dir='ltr'>p.</span> <span class='ocrx_word' id='word_1_318' title='bbox 898 2912 964 2946; x_wconf 84' lang='lat'>131</span> <span class='ocrx_word' id='word_1_319' title='bbox 991 2910 1042 2955; x_wconf 88' lang='lat' dir='ltr'>n.]</span> 
     </span>
    </p>
   </div>
   <div class='ocr_carea' id='block_1_5' title="bbox 1717 1216 1769 1242">
    <p class='ocr_par' dir='ltr' id='par_1_5' title="bbox 1717 1216 1769 1242">
     <span class='ocr_line' id='line_1_38' title="bbox 1717 1216 1769 1242; baseline -0.019 0"><span class='ocrx_word' id='word_1_320' title='bbox 1717 1216 1769 1242; x_wconf 82' lang='lat'>369</span> 
     </span>
    </p>
   </div>
  </div>
 </body>
</html>
