1915 3235
868 116 953 158 745

109 247 296 287 omittam
329 250 477 299 cetera,
520 259 611 300 quoe
643 250 730 286 tam
761 246 895 286 multa
927 247 1008 286 cet.
1069 244 1180 285 Nam
1224 247 1267 285 et
1297 244 1481 285 molesta
1515 245 1580 284 est
1610 256 1708 284 ver-

109 317 264 358 borum
298 316 433 369 copia,
475 316 646 357 rediens
687 316 929 369 praesertim
961 315 1019 357 ad
1049 315 1178 364 idem,
1220 314 1335 367 quod
1367 314 1487 355 initio
1518 313 1708 367 positum

110 390 216 437 erat,
249 388 450 436 omittam,
485 388 528 427 et
559 386 824 439 ineleganter
857 389 900 427 et
931 387 1022 427 sine
1054 386 1143 427 ulla
1175 399 1307 426 causa
1339 385 1382 425 in
1414 385 1497 426 hac
1529 397 1707 426 enume-

107 458 296 499 ratione:
330 462 375 498 ut
406 457 484 498 illa
515 458 703 498 omittam
738 480 806 510 —,
840 462 884 498 iit
913 457 1143 510 fulminum
1168 457 1316 509 iactus,
1349 460 1394 496 ut
1415 460 1540 496 terroe
1561 459 1706 505 motus,

108 528 283 570 tertium
316 528 398 569 hoc
430 528 675 569 membrum
711 541 737 569 a
768 527 986 580 prioribus
1020 527 1248 568 divellitur.

226 599 294 648 ΙΙΙ,
335 599 404 639 22.
468 598 580 648 Quid
619 598 674 639 sit
713 598 803 639 vitii
835 598 878 638 in
910 600 1095 651 utraque
1128 598 1324 639 codicum
1357 598 1570 649 scriptura
1603 595 1708 649 (iam

107 682 202 710 vcro
232 669 310 709 illa
342 668 614 723 Allobroyzcm
645 669 893 721 sollicitatio,
941 669 1029 708 *iam
1069 668 1121 708 ab
1160 667 1337 708 Lentulo
1377 670 1438 709 et:
1489 668 1574 708 ium
1611 680 1707 708 vero

106 740 184 780 illa
215 739 487 794 Allobroqum
519 740 755 780 sollicitatio
787 739 846 780 sic
878 739 929 779 ab
962 737 1171 790 Lentulo),
1206 740 1408 791 apparet,
1448 739 1492 779 in
1523 743 1709 790 utraque

108 811 221 851 enim
254 810 545 852 nominativus
583 809 653 851 hic
692 810 770 850 illa
808 809 1079 864 Allobroyzim
1118 810 1354 850 sollicitatio
1394 809 1527 850 verbo
1569 810 1708 858 caret3

107 881 184 922 sed
218 881 269 930 ei,
304 894 433 933 quam
469 881 569 922 olim
602 880 821 933 proposui,
857 880 1128 928 coniecturae,
1168 880 1212 920 in
1245 893 1373 932 quam
1409 879 1541 921 etiam
1574 879 1708 920 Erne-

108 952 215 993 stius
247 951 470 995 inciderat,
505 951 611 991 nihil
644 964 669 992 a
702 951 921 992 codicibus
955 950 1136 992 subsidii
1169 950 1370 999 accessit;
1406 955 1556 991 contra
1587 950 1630 990 in
1657 962 1709 990 eo

107 1035 263 1075 genere
296 1021 505 1071 codicum,
541 1022 607 1062 cui
640 1022 735 1074 plus
768 1022 1013 1072 tribuimus,
1055 1022 1236 1074 vestigia
1266 1020 1611 1073 interpolationis
1644 1020 1708 1060 vi-

108 1092 264 1134 dentur
297 1092 559 1145 deprehendi
603 1093 647 1133 in
679 1094 898 1145 geminato
938 1094 1038 1134 iam.
1102 1093 1252 1144 ltaque
1292 1091 1563 1132 Mommsenii
1606 1103 1708 1132 con-

106 1163 315 1204 iecturam
351 1165 523 1204 secutus
556 1163 710 1204 sustuli
742 1163 877 1204 verba
910 1164 986 1204 illa
1017 1163 1287 1217 Allobroyum
1320 1163 1568 1211 sollicitatio,
1611 1174 1707 1213 quae

108 1247 159 1274 ex
192 1232 214 1286 ἓ
251 1234 305 1274 14
337 1234 467 1274 ducta
501 1233 806 1286 adscriptaque
838 1237 944 1287 puto
978 1235 1034 1275 ad
1066 1234 1138 1274 illa
1169 1237 1297 1274 tcmtoe
1331 1247 1408 1273 res.
1457 1232 1562 1282 Quae
1596 1245 1708 1284 prae—

106 1306 227 1345 terea
258 1305 569 1345 Mommsenius
602 1305 800 1354 11111131-11,
835 1305 994 1346 mutari
1026 1305 1131 1345 nihil
1163 1317 1271 1356 opus
1305 1306 1383 1345 est.

226 1374 294 1424 ΙΙΙ,
329 1375 398 1415 26.
455 1374 579 1424 Quod
612 1375 787 1417 Halmio
821 1375 876 1416 ab
910 1376 993 1417 alio
1025 1388 1283 1428 persuasum
1316 1377 1393 1423 est,
1427 1375 1521 1415 haec
1553 1374 1707 1414 verba:

109 1445 166 1486 acl
197 1446 441 1486 memoriam
477 1446 716 1487 consulatus
748 1447 829 1487 mci
860 1459 1020 1501 imoque
1051 1451 1231 1500 tempore
1270 1469 1326 1473 -—
1366 1445 1469 1485 duos
1509 1445 1710 1485 exstitisse

107 1517 214 1557 cives
252 1516 313 1557 sic
354 1517 532 1570 intelligi
578 1530 720 1570 posse,
769 1520 818 1558 ut
864 1517 1079 1558 sententia
1125 1516 1293 1557 infinita
1340 1515 1564 1568 copuletur
1611 1527 1707 1555 cum

107 1587 295 1640 genitivo
328 1588 568 1629 consulatus
599 1589 681 1629 mci
712 1588 853 1641 sitque
884 1601 963 1640 pro
1006 1588 1140 1629 altero
1180 1587 1366 1640 genitivo
1400 1586 1456 1627 ad
1487 1585 1709 1626 memorias

106 1670 267 1699 nomen
306 1658 523 1709 adiuncto,
572 1660 664 1701 sine
706 1659 794 1700 ulla
836 1659 925 1700 veri
968 1658 1246 1699 similitudine
1292 1660 1333 1698 et
1376 1659 1525 1698 contra
1568 1656 1708 1696 Latini

109 1728 320 1770 sermonis
353 1732 556 1771 naturam
588 1731 774 1783 fingitur,
809 1730 1068 1771 obversante
1108 1731 1183 1769 aut
1216 1727 1353 1769 Graeci
1392 1728 1616 1773 sermonis,
1664 1727 1709 1767 in

108 1812 194 1852 quo
227 1799 434 1841 articulus
467 1801 645 1842 infinitae
677 1800 902 1842 sententiae
936 1800 1213 1852 praeponitur,
1262 1799 1449 1851 imagine
1489 1800 1565 1839 aut
1602 1798 1707 1838 Ger-

107 1870 278 1921 manici,
318 1871 361 1912 in
395 1885 492 1924 quo,
525 1873 573 1912 ut
612 1871 655 1912 in
693 1874 853 1921 nostro,
894 1871 1006 1912 idem
1042 1871 1124 1911 alio
1157 1870 1286 1910 modo
1319 1869 1502 1910 efficitur
1534 1868 1707 1921 (clarem,

109 1939 240 1994 class).
302 1941 454 1994 Itaque
486 1941 522 1983 si
553 1941 658 1982 nihil
691 1942 899 1995 gravioris
931 1941 1021 1982 ritii
1059 1941 1221 1981 subest.
1271 1940 1386 1992 (111011
1426 1941 1527 1980 31119
1566 1938 1707 1991 suspi-

109 2015 230 2053 catus
263 2026 373 2060 sum,
422 2013 613 2054 tollenda
652 2013 865 2065 particula
907 2015 983 2060 est,
1033 2014 1077 2052 ut
1119 2011 1332 2051 sententia
1372 2010 1539 2050 infinita
1571 2023 1708 2062 appo-

108 2082 261 2124 sitione
302 2083 562 2136 adiungatur
600 2084 657 2125 ad
695 2083 820 2124 illud:
871 2083 927 2123 ad
965 2083 1209 2122 memorium
1249 2082 1486 2122 consulatus
1523 2081 1605 2120 mci
1644 2079 1708 2132 (til

108 2154 336 2206 Erindring
368 2168 437 2195 om
472 2155 550 2195 mit
573 2154 791 2203 Consulat,
826 2155 871 2194 at
904 2154 979 2194 der
1012 2152 1209 2205 [nemlig]
1243 2165 1327 2205 paa
1357 2165 1436 2192 9911
1459 2151 1540 2191 Tid
1577 2147 1707 2202 —).¹)

226 2224 301 2274 IV,
354 2225 421 2266 10.
498 2225 676 2265 Frustra
723 2225 1019 2273 Drumannus,
1077 2237 1204 2277 quem
1253 2223 1452 2264 Halmius
1499 2221 1705 2274 sequitur,

108 2295 225 2335 iussu
255 2296 406 2349 populi
445 2295 650 2335 defendit.
714 2295 857 2345 Quum
903 2295 985 2336 hoc
1033 2295 1287 2347 disputetur.
1336 2293 1558 2346 possintne
1606 2306 1707 2333 con-

108 2365 236 2406 iurati
275 2365 649 2406 senatusconsulto
688 2365 852 2406 iniussu
894 2366 1037 2418 populi
1079 2364 1178 2418 (hoc
1217 2367 1293 2414 est,
1338 2364 1511 2417 publico
1550 2363 1708 2404 iudicio

109 2449 198 2477 non
232 2436 444 2488 damnati)
478 2435 671 2485 interfici,
705 2436 822 2477 nullo
855 2436 983 2477 modo
1017 2438 1166 2476 contra
1200 2435 1280 2476 dici
1313 2437 1468 2488 potest,
1504 2434 1548 2476 C.
1577 2434 1706 2474 Grac-

110 2507 252 2557 chum,
301 2507 373 2560 qui
412 2508 452 2548 vi
495 2509 538 2548 et
585 2507 716 2547 armis
763 2507 927 2547 occisus
968 2508 1045 2555 est,
1093 2507 1209 2546 iussu
1243 2506 1391 2559 populi
1438 2518 1531 2546 esse
1578 2505 1706 2545 inter-

109 2577 293 2627 fectum3
327 2578 444 2618 aliud
478 2579 542 2618 est
575 2578 687 2618 enim
722 2577 846 2629 longe
879 2577 1086 2617 voluntate
1115 2577 1271 2630 populi,
1316 2576 1475 2628 populo
1511 2575 1704 2627 patiente

111 2650 153 2689 et
198 2648 495 2701 permittente3
551 2648 707 2688 deinde
761 2647 842 2688 hoc
888 2649 1028 2688 totum
1077 2647 1292 2688 Ciceronis
1341 2645 1705 2699 argumentationi

109 2719 487 2760 vehementissime
526 2720 799 2771 repugnaret.
869 2717 978 2757 Nam
1023 2717 1084 2758 sic
1128 2720 1429 2769 argumentum
1475 2715 1702 2764 concludit,

111 2789 146 2830 si
177 2789 267 2842 ipse
302 2792 452 2830 auctor
483 2789 586 2841 legis
620 2788 883 2840 Semproniae
927 2787 1058 2840 (quod
1091 2788 1226 2828 hostis
1261 2785 1509 2838 exstitisset)
1542 2787 1705 2827 iniussu

149 2926 176 2970 ¹)
203 2927 317 2971 [Idem
346 2929 418 2962 iam
445 2928 645 2962 Beneckius
671 2928 874 2972 suspicatus
901 2931 988 2962 erat.
1033 2928 1090 2962 Sic
1116 2928 1215 2962 locus
1242 2927 1517 2961 similitudinem
1543 2925 1703 2969 aliquam

205 2987 354 3021 habebit
379 2998 461 3021 cum
487 2987 637 3020 Liviano
663 2987 688 3027 I,
715 2986 770 3027 55,
799 2985 846 3029 1.]
