1915 3235
1007 105 1093 146 692

250 233 418 274 Achaeis
464 233 630 288 quidem
668 247 751 287 per
796 233 883 275 lioec
929 236 1161 276 societatem
1195 234 1421 288 firmabat,·
1469 236 1531 277 ad
1571 236 1847 278 Macedonum

251 305 413 346 animos
445 318 569 360 quum
602 303 863 346 Heracliden
895 306 1074 347 amicum
1107 307 1303 347 maximoe
1335 306 1508 348 invidia>
1540 307 1620 349 sibi
1650 321 1732 349 esse
1764 323 1846 349 cer-

249 380 377 428 neret,
424 375 566 416 multis
608 376 854 417 criminibus
895 381 1113 417 oneratum
1154 377 1200 418 in
1241 378 1408 418 vincula
1449 379 1631 431 coniecit,
1674 379 1702 419 i.
1728 392 1775 433 p.
1806 393 1846 433 9.

249 446 319 488 Ad
352 446 548 488 codicum
580 448 840 500 scripturam
873 447 1020 488 addidi
1060 447 1129 497 ad,
1178 448 1294 501 quod
1337 462 1467 502 quam
1511 449 1635 490 facile
1674 452 1773 502 post
1805 455 1848 491 at

250 516 483 571 (firmabat)
524 518 720 559 excidere
762 518 963 571 potuerit,
1004 520 1201 571 apparet.
1270 519 1384 560 Usus
1424 519 1599 572 quidem
1638 521 1847 573 praeposi-

248 588 376 630 tionis
408 588 537 642 plane
570 591 613 630 et
644 589 823 630 Latinus
856 591 898 630 et
921 589 1123 630 Livianus
1149 592 1227 631 est.
1274 590 1423 640 XXIV,
1458 590 1535 631 32:
1570 588 1641 630 Ad
1664 590 1848 630 militare

245 673 377 715 oenus
408 673 524 701 omne
548 665 796 715 partemque
834 673 1034 715 maynam
1065 660 1201 714 plebis
1239 661 1420 702 invisum
1459 674 1542 702 esse
1581 674 1728 702 nomen
1767 661 1847 701 Ro-

247 745 440 780 manum;
479 730 546 780 III,
587 732 663 772 31:
706 730 888 772 Invidiae
925 736 1064 772 lamen
1096 745 1162 772 res
1195 732 1252 772 ad
1284 733 1505 773 exercitum
1536 732 1636 785 fuit.
1700 731 1847 774 Cicero

248 801 305 843 ad
336 802 426 843 Att.
460 802 564 852 VIII,
599 802 638 851 3,
674 803 720 844 6:
755 802 1018 844 Invidiosum
1051 803 1108 843 ad
1141 800 1324 854 bonosl)

176 881 228 906 365
367 873 459 914 Lib.
492 873 681 923 XXXIII,
715 873 786 914 47.
834 874 993 914 Narrat
1025 874 1182 924 Livius,
1216 874 1523 923 Hannibalem,
1558 887 1692 927 quum
1724 887 1846 927 mag-

246 957 349 986 nam
382 946 550 997 partem
585 944 862 997 vectigalium
895 958 921 986 a
953 945 1015 986 rei
1038 945 1223 998 publicae
1247 958 1329 986 usu
1353 945 1410 986 ad
1434 945 1703 998 privatorum
1728 958 1845 986 com-

247 1015 378 1057 moda
411 1015 548 1057 averti
580 1015 757 1067 videret,
791 1015 1042 1068 peculatum
1075 1016 1300 1057 sustulisse
1332 1016 1614 1069 residuasque
1640 1017 1846 1069 pecunias

246 1099 273 1127 a
304 1086 521 1128 nobilibus
555 1087 711 1128 acerbe
745 1088 950 1140 exegisse.
1016 1087 1129 1128 Tum
1163 1087 1303 1128 addit:
1359 1086 1465 1127 Tum
1497 1101 1592 1128 vero
1624 1088 1707 1139 isti,
1749 1101 1848 1142 quos

238 1162 421 1212 paverat
445 1171 526 1211 per
559 1158 716 1212 aliquot
748 1171 880 1198 annos
904 1157 1100 1211 publicus
1123 1158 1356 1212 peculatus,
1398 1158 1505 1199 velut
1537 1158 1652 1199 bonis
1684 1159 1845 1212 ereptis,

245 1242 328 1270 non
357 1228 475 1281 furto
508 1242 648 1269 eorum
688 1228 882 1270 manibus
921 1234 1088 1281 extorto,
1137 1228 1295 1282 infensi
1334 1233 1370 1269 et
1408 1229 1513 1269 irati
1552 1229 1764 1270 Romanos
1802 1230 1846 1269 in

247 1299 548 1353 Hannibalem,
597 1304 633 1341 et
674 1301 784 1354 ipsos
825 1314 998 1341 causam
1029 1300 1117 1340 odii
1155 1305 1396 1355 quoerentes,
1444 1299 1715 1354 instiyabant.
1778 1300 1847 1341 Ad

245 1371 340 1412 haec
372 1371 505 1412 verba
537 1371 642 1412 nihil
665 1371 864 1413 annotari
888 1385 913 1412 a
933 1371 1240 1412 recentissimis
1265 1370 1516 1421 editoribus,
1550 1371 1676 1412 valde
1700 1372 1845 1412 miror.

246 1442 358 1484 Nam
399 1445 441 1483 et
480 1456 557 1495 per
604 1455 650 1484 se
697 1442 988 1495 improbanda
1036 1442 1238 1495 quaedam
1285 1442 1354 1483 hic
1401 1444 1502 1483 sunt
1550 1444 1591 1483 et
1638 1442 1845 1483 librorum

247 1513 445 1562 duorum,
480 1527 587 1566 quos
620 1514 689 1554 hic
721 1514 834 1555 solos
866 1514 1095 1564 habemus,
1130 1514 1342 1566 scriptura
1375 1512 1575 1563 ostendit,
1610 1526 1697 1554 non
1729 1516 1845 1554 recte

246 1585 340 1625 haec
373 1584 454 1625 edi.
517 1585 764 1626 Pronomen
797 1598 938 1625 eorum
972 1598 1107 1637 quum
1140 1584 1316 1637 languet
1355 1584 1605 1634 admodum,
1654 1586 1761 1634 tum,
1811 1585 1845 1625 si

246 1668 485 1708 pronomen
526 1656 687 1697 addere
726 1656 845 1697 Livio
884 1655 1129 1708 placuisset,
1178 1655 1429 1708 ponendum
1472 1656 1587 1696 certe
1627 1656 1720 1696 erat
1758 1668 1844 1695 suo.

246 1726 333 1767 Sed
366 1728 408 1767 et
440 1726 570 1767 editio
610 1725 861 1779 Moguntina
900 1729 943 1768 et
982 1727 1117 1768 codex
1155 1725 1488 1779 Bambergensis
1528 1726 1714 1767 habent:
1762 1739 1844 1766 non

243 1797 459 1850 furtorum
490 1797 684 1838 manibus
716 1797 905 1847 eaetortis3
948 1797 1134 1849 vulgatae
1167 1797 1390 1849 scripturae
1424 1797 1662 1837 Frobenius
1695 1799 1844 1838 auctor

247 1870 325 1909 est.
373 1868 514 1909 Facile
537 1871 683 1909 autem
707 1868 764 1909 ad
785 1868 857 1909 illa
881 1868 1077 1909 codicum
1099 1867 1279 1920 vestigia
1297 1867 1537 1908 attendenti
1557 1867 1843 1920 persuadebo,

245 1938 523 1980 scribendum
557 1952 651 1980 esse
684 1952 809 1992 paene
840 1938 960 1979 nulla
992 1938 1232 1979 mutatione
1265 1938 1402 1979 facta:
1443 1938 1552 1978 velut
1584 1937 1698 1978 bonis
1732 1951 1844 1991 erep-

246 2010 312 2063 tis,
360 2024 443 2051 non
486 2010 750 2063 furtorum
796 2008 1057 2050 manubiis
1104 2010 1286 2050 extortis.
1358 2009 1586 2050 Furtorum
1635 2008 1845 2049 manubia

247 2080 446 2122 dicuntur
478 2083 525 2121 ut
557 2081 660 2122 alibi
692 2080 862 2134 praeda;
895 2080 1001 2121 satis
1035 2079 1114 2120 erit
1147 2080 1289 2133 ipsum
1313 2079 1479 2120 Livium
1504 2082 1726 2120 auctorem
1750 2079 1844 2120 lau-

247 2151 387 2202 dasse,
431 2152 504 2204 qui
536 2152 687 2201 XXIX,
729 2154 753 2193 8
788 2150 977 2204 scripsit:
1026 2151 1098 2205 qui
1129 2164 1221 2191 cum
1252 2164 1403 2205 mayno
1428 2151 1600 2204 piaculo
1631 2151 1846 2205 sacrileqii

245 2223 312 2262 sui
342 2222 566 2264 manubias
596 2223 767 2264 rettulit.
815 2222 912 2263 Non
944 2221 1091 2262 addito
1123 2221 1310 2273 genitivo
1342 2221 1386 2262 id
1408 2221 1668 2262 vocabulum
1691 2221 1843 2263 eodem

246 2292 487 2346 significatu
518 2295 707 2346 positum
741 2292 895 2346 legitur
927 2292 1044 2344 apud
1077 2292 1329 2333 Ciceronem
1360 2293 1403 2333 in
1427 2292 1546 2333 Verr.
1570 2292 1598 2342 I,
1627 2292 1702 2342 59,
1740 2292 1843 2333 154:

245 2364 317 2418 qui
348 2364 570 2405 manubias
601 2363 681 2404 sibi
712 2368 853 2404 tantas
885 2377 933 2403 ex
965 2362 1017 2403 L.
1044 2362 1201 2403 Metelli
1223 2362 1434 2404 manubiis
1455 2362 1614 2415 fecerit,
1650 2365 1691 2404 et
1714 2363 1844 2416 paulo

245 2437 343 2487 post
375 2435 444 2484 60,
483 2435 584 2476 157:
618 2434 753 2488 spolia
778 2433 945 2474 domum
975 2447 1096 2474 suam
1120 2432 1282 2486 referre
1307 2438 1342 2474 et
1365 2433 1588 2474 manubias
1611 2433 1843 2474 detrahere.

284 2573 311 2618 ¹)
339 2573 519 2618 [Aliorum
546 2578 697 2608 conatus
724 2574 832 2608 huius
866 2574 936 2608 loci
969 2574 1186 2609 emendandi
1220 2574 1384 2618 exposuit
1411 2574 1636 2618 Kreyssigius
1662 2573 1709 2616 (a.
1738 2573 1842 2610 1839)

340 2633 377 2668 in
404 2633 562 2667 editione
594 2633 674 2667 libri
702 2634 851 2667 XXXIII
877 2645 910 2678 p.
939 2632 1007 2666 160
1032 2644 1109 2677 sqq.
1161 2633 1296 2667 Verum
1330 2644 1438 2667 nemo
1474 2633 1607 2677 attigit;
1647 2643 1733 2667 vero
1764 2644 1843 2677 pro-

341 2692 517 2736 pinquam
543 2692 640 2726 viam
667 2703 761 2726 unus
793 2692 924 2726 institit
950 2693 974 2726 I.
1001 2692 1197 2733 Bekkerus,
1237 2691 1293 2725 cui
1325 2692 1466 2725 utinam
1492 2692 1728 2736 Kreyssigius,
1768 2692 1843 2735 ipse
1906 2686 1915 2707 ⁸·

342 2751 478 2796 optime
514 2751 558 2785 de
597 2750 697 2784 Livio
736 2751 897 2791 meritus,
937 2752 973 2785 in
1005 2751 1066 2784 illo
1100 2750 1285 2785 volumine
1317 2750 1437 2784 minus
1470 2751 1717 2785 obtrectasset.
1776 2751 1842 2784 Re·
1900 2746 1914 2796 ξ’

342 2814 441 2844 mota
473 2810 570 2844 enim
604 2809 882 2854 interpolatione
920 2810 1089 2845 lacunam
1128 2809 1310 2851 indicavit,
1350 2820 1415 2843 nec
1454 2800 1577 2844 tamen
1618 2813 1714 2844 recto
1753 2809 1841 2843 loco.
1899 2816 1910 2851 ,ff

344 2867 463 2912 1342]
