1915 3235
129 1480 160 1503 36

951 127 1006 168 28

188 259 293 312 frugi
328 259 428 300 facti
467 262 568 299 sunt
605 257 793 299 Romani
831 261 1026 309 nepotes,
1074 268 1154 296 nec
1192 255 1306 297 Nero
1343 256 1509 308 primus
1547 255 1702 298 nobilis
1741 257 1780 298 ei

185 329 325 370 studio
366 342 542 382 operam
583 329 720 377 dedit3
768 331 896 369 notus
937 331 1002 368 est
1035 326 1080 368 C.
1113 326 1327 367 Antonius
1368 326 1667 380 quadrigarius
1707 326 1779 380 (ex

183 400 370 441 Asconio
413 400 469 440 ad
508 400 661 452 fragm.
695 399 781 440 Cic.
821 400 930 439 orat.
971 398 1014 438 in
1052 400 1153 450 toga
1193 397 1316 438 cand.
1349 411 1391 450 p.
1420 397 1504 438 114
1529 397 1653 446 Hot.;
1701 397 1777 438 cfr.

183 470 370 523 append.
421 470 580 523 disput.
628 474 788 511 nostrae
844 469 896 509 de
944 468 1131 509 Asconio
1178 481 1220 520 p.
1257 466 1345 520 56).
1430 467 1691 521 Quanquam
1746 469 1782 510 si

183 541 370 582 maxime
419 540 728 589 concedamus,
785 551 837 580 ex
884 539 1066 579 Neronis
1121 538 1391 591 temporibus
1447 539 1622 580 ductam
1669 539 1782 580 hanc

184 612 427 664 imaginem,
476 624 563 652 non
609 611 804 663 protinus
853 612 1082 662 sequatur,
1130 611 1274 663 ipsum
1312 610 1529 651 Neronem
1569 612 1651 652 hoc
1688 610 1781 652 loco

182 684 570 723 commemoratum
611 694 720 722 esse.
789 680 946 722 Restat
986 680 1167 721 Neronis
1208 681 1434 734 significati
1474 681 1603 721 index
1642 680 1779 722 lacer-

182 755 284 793 nata
327 753 479 800 amica,
531 765 628 804 quae
677 752 816 803 qualis
864 753 932 801 sit,
980 751 1110 804 paulo
1158 756 1256 804 post
1294 751 1554 793 videbimus.
1617 751 1780 804 Sporus

182 823 356 875 quidem
396 823 539 864 illatus
579 827 663 872 est,
712 827 945 875 postquam
994 823 1253 875 interpretes
1300 823 1517 864 Neronem
1565 836 1698 864 manu
1736 836 1782 864 se

183 899 328 934 tenere
372 898 601 946 putarunt;
645 894 764 947 apud
796 894 1074 935 scholiastam
1118 893 1312 935 nondum
1356 895 1434 934 est.
1498 891 1584 933 Sed
1626 892 1781 944 ipsam,

181 977 311 1017 quam
345 964 525 1017 fingunt,
559 966 785 1006 historiam
819 965 949 1018 paulo
982 965 1227 1005 accuratius
1260 964 1552 1017 adspiciamus
1586 965 1629 1004 et
1653 961 1781 1003 simul

181 1036 349 1088 singula
381 1040 523 1088 poetae
555 1037 691 1077 verba
723 1049 1052 1089 persequamur.
1116 1035 1238 1076 Bona
1271 1035 1418 1076 dicunt.
1461 1034 1782 1086 consumpsisse

180 1107 414 1157 hominem,
464 1107 568 1148 dum
601 1107 760 1148 Neroni
800 1107 981 1159 auriget.
1044 1106 1132 1147 Aut
1165 1111 1338 1148 coactus
1372 1106 1486 1155 fecit,
1528 1108 1571 1147 et
1602 1106 1783 1146 misera-

184 1179 295 1219 tione
337 1178 490 1231 dignus
535 1180 600 1219 est
642 1191 721 1219 nec
763 1181 812 1219 ut
855 1178 1085 1230 impudens
1120 1178 1417 1230 exagitandus,
1467 1177 1583 1230 quod
1625 1189 1783 1217 1111111115

184 1249 367 1290 militare
397 1251 530 1301 petat,
565 1252 641 1290 aut
671 1250 830 1291 Neroni
863 1254 1025 1302 gratus,
1061 1249 1268 1290 foeditatis
1293 1249 1507 1297 minister;
1541 1252 1585 1289 at
1608 1248 1643 1288 is
1670 1252 1785 1288 certe

182 1322 263 1362 hoc
295 1321 505 1373 obsequio
538 1321 800 1373 patrimonio
834 1333 920 1361 non
953 1333 999 1361 se
1034 1321 1163 1369 exuit,
1198 1333 1277 1361 nec
1303 1320 1358 1361 ad
1382 1319 1690 1361 sustentandas
1715 1331 1785 1360 res

182 1405 282 1433 suas
332 1392 597 1444 stipendium
644 1392 830 1432 militare
879 1391 1045 1431 ambire
1101 1393 1275 1432 coactus
1324 1387 1450 1442 est.¹)
1529 1390 1694 1431 Deinde
1742 1391 1785 1430 in

182 1464 389 1516 proximis
423 1462 483 1515 (in
517 1463 675 1516 quibus
700 1477 739 1504 v.
766 1464 818 1504 61
846 1462 1066 1503 Heinecke
1099 1467 1216 1503 recte
1244 1460 1527 1515 interpunxit)
1561 1462 1695 1502 mirus
1721 1463 1786 1502 est

183 1548 302 1576 error
335 1548 472 1586 eoque
505 1536 597 1575 tota
630 1535 874 1575 continetur
898 1535 991 1575 haec
1017 1534 1330 1586 interpretatio.
1379 1534 1490 1574 Lora
1516 1533 1629 1573 enim
1654 1533 1785 1573 homo

182 1606 249 1646 ille
298 1606 490 1646 tenuisse
540 1605 707 1655 dicitur,
757 1619 890 1657 quum
940 1606 1045 1657 ipse,
1094 1606 1176 1646 hoc
1224 1609 1302 1654 est,
1352 1611 1398 1644 ut
1447 1604 1608 1653 dicunt,
1657 1603 1784 1652 Nero,

182 1677 333 1717 amicae
382 1690 427 1717 se
472 1678 673 1726 iactaret;
722 1682 907 1729 apparet
948 1677 1220 1728 interpretes,
1271 1677 1361 1716 tota
1404 1675 1476 1716 illa
1516 1687 1603 1723 res,
1653 1686 1785 1726 quam

181 1750 378 1789 notatam
427 1752 602 1800 putant,
661 1748 799 1800 qualis
850 1750 984 1797 esset,
1043 1761 1130 1788 non
1178 1748 1402 1799 cogitasse.
1482 1745 1595 1796 Quid
1643 1745 1785 1786 enim?

182 1820 335 1860 hocine
368 1819 577 1859 traditum
611 1821 689 1868 est,
731 1819 950 1860 Neronem
989 1818 1207 1859 nobilibus
1241 1818 1399 1870 aurigis
1433 1819 1589 1858 usum‘?
1632 1816 1785 1857 hocine

182 1892 224 1931 in
257 1904 308 1931 eo
342 1890 540 1931 certatim
570 1891 790 1942 exagitant
817 1892 1076 1943 scriptores?
1110 1890 1246 1930 11111110
1272 1889 1314 1929 id
1338 1901 1467 1929 nemo
1492 1888 1611 1937 dixit,
1644 1899 1785 1939 neque

182 1962 413 2013 quicquam
449 1974 474 2001 a
507 1961 650 2002 studio
683 1962 754 2002 1110
787 1962 969 2002 Neronis
1003 1961 1198 2002 alienius.
1262 1961 1358 2013 Ipse
1392 1961 1435 2000 in
1467 1959 1579 2000 circo
1612 1958 1785 2010 auriga-

182 2034 254 2082 vit,
304 2033 396 2084 ipse
446 2046 656 2084 equorum
698 2033 884 2085 agitator
923 2033 1016 2073 fuit.
1087 2032 1173 2073 Sed
1220 2031 1413 2073 nondum
1462 2030 1566 2071 satis
1615 2029 1784 2070 erroris.

182 2104 371 2144 Iactasse
405 2116 451 2144 se
486 2104 640 2144 dicitur
673 2105 847 2153 amicae3
882 2117 967 2155 qua
1000 2106 1074 2144 re?
1108 2103 1212 2155 quid
1245 2105 1310 2143 est
1343 2103 1457 2143 enim
1484 2100 1600 2141 aliud
1626 2100 1784 2140 metare

182 2188 222 2214 se
256 2174 386 2214 alicui
418 2187 549 2226 quam
584 2188 629 2215 se
663 2187 851 2227 suasque
885 2177 1001 2215 artes
1035 2176 1078 2215 et
1109 2174 1225 2215 bona
1250 2174 1499 2215 ostentare?
1537 2171 1785 2212 Amatorias

183 2245 358 2286 delicias
392 2258 535 2297 agere,
585 2250 632 2285 ut
674 2246 1028 2298 interpretantur,
1077 2258 1218 2297 neque
1259 2248 1336 2292 est,
1385 2256 1526 2295 neque
1568 2256 1630 2283 eae
1669 2246 1783 2295 aptae

183 2316 419 2356 admodum
453 2316 510 2356 ad
542 2329 669 2357 axem
704 2317 898 2358 citatum.
962 2317 1075 2367 Quid
1115 2316 1243 2369 igitur
1275 2315 1459 2355 iactatur
1498 2314 1541 2354 in
1573 2314 1656 2354 hac
1688 2326 1784 2354 cur-

182 2400 307 2428 ruum
343 2387 606 2439 agitatione?
654 2387 760 2437 Quae
800 2401 887 2429 una
927 2389 1099 2440 poterat
1138 2398 1356 2439 quamque
1397 2385 1466 2426 isti
1505 2384 1702 2426 homines
1742 2385 1785 2424 111

220 2550 249 2593 ¹)
275 2551 372 2585 Vidit
398 2552 466 2585 hoc
493 2552 692 2593 Heinecke;
732 2552 854 2596 itaque
887 2553 974 2585 dum
1006 2555 1041 2585 et
1074 2550 1291 2585 sententiam
1325 2549 1409 2583 huic
1434 2548 1621 2593 particulae
1647 2548 1784 2582 subiec—

280 2614 354 2645 tam
380 2610 429 2651 (v.
458 2609 516 2652 60)
542 2611 715 2654 iungebat
741 2610 861 2645 versui
889 2610 944 2651 58,
973 2614 1099 2644 contra
1130 2620 1277 2644 omnem
1311 2609 1488 2643 sermonis
1521 2619 1628 2642 usum
1662 2610 1697 2642 et
1723 2610 1783 2648 ita,

278 2674 317 2704 ut
343 2670 616 2704 oblivisceretur
642 2670 837 2703 verborum
871 2670 964 2703 bona
995 2671 1141 2703 donavit
1160 2669 1396 2712 praesepibus,
1430 2678 1588 2711 eumque
1620 2665 1784 2710 sequitur

277 2730 419 2763 Weber.
471 2728 687 2762 Notissimus
715 2732 768 2762 est
795 2740 882 2762 usus
909 2729 1095 2772 particulae
1121 2730 1206 2762 dum
1240 2727 1289 2761 ita
1314 2738 1397 2761 cum
1423 2726 1591 2770 praesenti
1618 2729 1782 2770 tempore

278 2788 412 2832 positae,
441 2799 512 2832 quo
538 2788 755 2831 plerumque
782 2787 1005 2831 significatur
1031 2787 1124 2821 actio
1151 2798 1224 2821 non
1250 2786 1368 2820 solum
1395 2789 1558 2829 tempore
1577 2785 1781 2825 coniuncta,

277 2848 338 2881 sed
366 2847 593 2881 occasionem
620 2846 671 2880 rei
698 2846 733 2879 in
766 2846 940 2889 primaria
972 2845 1163 2887 sententia,
1204 2845 1259 2880 cui
1294 2845 1407 2879 altera
1440 2844 1604 2889 proxime
1638 2854 1782 2887 semper

276 2905 494 2947 annectitur,
535 2905 639 2939 dictae
672 2905 849 2949 praebens,
889 2908 929 2939 ut
961 2905 1028 2939 hoc
1061 2905 1139 2939 loco
1174 2910 1270 2939 caret
1296 2904 1345 2946 (id
1372 2906 1435 2941 est,
1475 2901 1656 2948 perdidit),
1694 2903 1780 2936 dum

270 2966 435 3008 pervolat
461 2966 521 2998 (vc.
