<?xml version="1.0" encoding="UTF-8"?>
<!DOCTYPE html PUBLIC "-//W3C//DTD XHTML 1.0 Transitional//EN"
    "http://www.w3.org/TR/xhtml1/DTD/xhtml1-transitional.dtd">
<html xmlns="http://www.w3.org/1999/xhtml" xml:lang="en" lang="en">
 <head>
  <title>
</title>
<meta http-equiv="Content-Type" content="text/html;charset=utf-8" />
  <meta name='ocr-system' content='tesseract 3.04.00' />
  <meta name='ocr-capabilities' content='ocr_page ocr_carea ocr_par ocr_line ocrx_word'/>
</head>
<body>
  <div class='ocr_page' id='page_1' title='image "./ionicolaimadvigi00madvuoft_0446.png"; bbox 0 0 1915 3235; ppageno 0'>
   <div class='ocr_carea' id='block_1_1' title="bbox 973 138 1059 201">
    <p class='ocr_par' dir='ltr' id='par_1_1' title="bbox 973 138 1059 201">
     <span class='ocr_line' id='line_1_1' title="bbox 973 138 1059 201; baseline -0.012 -21"><span class='ocrx_word' id='word_1_1' title='bbox 973 138 1059 201; x_wconf 77' lang='lat'>422</span> 
     </span>
    </p>
   </div>
   <div class='ocr_carea' id='block_1_2' title="bbox 165 266 1815 2731">
    <p class='ocr_par' dir='ltr' id='par_1_2' title="bbox 220 266 1814 383">
     <span class='ocr_line' id='line_1_2' title="bbox 220 266 1814 321; baseline 0.003 -15"><span class='ocrx_word' id='word_1_2' title='bbox 220 266 447 307; x_wconf 86' lang='lat' dir='ltr'>ticularum</span> <span class='ocrx_word' id='word_1_3' title='bbox 481 280 575 307; x_wconf 71' lang='lat' dir='ltr'>vero</span> <span class='ocrx_word' id='word_1_4' title='bbox 608 269 650 308; x_wconf 90' lang='lat' dir='ltr'>et</span> <span class='ocrx_word' id='word_1_5' title='bbox 682 268 807 308; x_wconf 69' lang='lat' dir='ltr'>etiam</span> <span class='ocrx_word' id='word_1_6' title='bbox 839 267 1001 309; x_wconf 85' lang='lat' dir='ltr'>librarii</span> <span class='ocrx_word' id='word_1_7' title='bbox 1034 269 1209 321; x_wconf 76' lang='lat' dir='ltr'>vulgare</span> <span class='ocrx_word' id='word_1_8' title='bbox 1243 269 1348 310; x_wconf 90' lang='lat' dir='ltr'>illud</span> <span class='ocrx_word' id='word_1_9' title='bbox 1379 283 1521 310; x_wconf 75' lang='lat' dir='ltr'>verum</span> <span class='ocrx_word' id='word_1_10' title='bbox 1553 271 1674 311; x_wconf 70' lang='lat' dir='ltr'>etiam</span> <span class='ocrx_word' id='word_1_11' title='bbox 1710 271 1814 312; x_wconf 87' lang='lat' dir='ltr'>effe—</span> 
     </span>
     <span class='ocr_line' id='line_1_3' title="bbox 221 337 1814 383; baseline 0.004 -6"><span class='ocrx_word' id='word_1_12' title='bbox 221 339 382 378; x_wconf 87' lang='lat' dir='ltr'>cerunt.</span> <span class='ocrx_word' id='word_1_13' title='bbox 447 337 492 378; x_wconf 88' lang='lat' dir='ltr'>C.</span> <span class='ocrx_word' id='word_1_14' title='bbox 526 337 553 378; x_wconf 85' lang='lat'>5</span> <span class='ocrx_word' id='word_1_15' title='bbox 585 337 704 379; x_wconf 90' lang='lat' dir='ltr'>initio</span> <span class='ocrx_word' id='word_1_16' title='bbox 736 338 925 380; x_wconf 89' lang='lat' dir='ltr'>tollenda</span> <span class='ocrx_word' id='word_1_17' title='bbox 958 341 1023 380; x_wconf 90' lang='lat' dir='ltr'>est</span> <span class='ocrx_word' id='word_1_18' title='bbox 1055 339 1230 380; x_wconf 86' lang='lat' dir='ltr'>alterius</span> <span class='ocrx_word' id='word_1_19' title='bbox 1264 339 1438 382; x_wconf 79' lang='lat' dir='ltr'>familiae</span> <span class='ocrx_word' id='word_1_20' title='bbox 1471 341 1594 382; x_wconf 84' lang='lat' dir='ltr'>codd.</span> <span class='ocrx_word' id='word_1_21' title='bbox 1627 343 1814 383; x_wconf 87' lang='lat' dir='ltr'>auctori—</span> 
     </span>
    </p>

    <p class='ocr_par' dir='ltr' id='par_1_3' title="bbox 165 406 1814 1173">
     <span class='ocr_line' id='line_1_4' title="bbox 165 406 1813 466; baseline 0.004 -19"><span class='ocrx_word' id='word_1_22' title='bbox 165 418 199 442; x_wconf 83' lang='lat'>20</span> <span class='ocrx_word' id='word_1_23' title='bbox 220 409 308 448; x_wconf 89' lang='lat' dir='ltr'>tate</span> <span class='ocrx_word' id='word_1_24' title='bbox 341 406 404 459; x_wconf 88' lang='lat' dir='ltr'>(E,</span> <span class='ocrx_word' id='word_1_25' title='bbox 439 407 547 449; x_wconf 76' lang='lat' dir='ltr'><strong>Oxx.</strong></span> <span class='ocrx_word' id='word_1_26' title='bbox 581 406 624 461; x_wconf 85' lang='lat'>3)</span> <span class='ocrx_word' id='word_1_27' title='bbox 657 409 796 450; x_wconf 87' lang='lat' dir='ltr'>inanis</span> <span class='ocrx_word' id='word_1_28' title='bbox 828 410 1026 463; x_wconf 78' lang='lat' dir='ltr'>repetitio</span> <span class='ocrx_word' id='word_1_29' title='bbox 1058 411 1140 461; x_wconf 71' lang='lat' dir='ltr'>ille,</span> <span class='ocrx_word' id='word_1_30' title='bbox 1181 411 1250 451; x_wconf 69' lang='lat' dir='ltr'>ille</span> <span class='ocrx_word' id='word_1_31' title='bbox 1281 412 1367 460; x_wconf 66' lang='grc' dir='ltr'>υἱνς</span> <span class='ocrx_word' id='word_1_32' title='bbox 1415 412 1518 453; x_wconf 89' lang='lat' dir='ltr'>satis</span> <span class='ocrx_word' id='word_1_33' title='bbox 1551 412 1685 454; x_wconf 86' lang='lat' dir='ltr'>habet</span> <span class='ocrx_word' id='word_1_34' title='bbox 1715 426 1813 466; x_wconf 88' lang='lat' dir='ltr'>gra-</span> 
     </span>
     <span class='ocr_line' id='line_1_5' title="bbox 219 478 1814 534; baseline 0.004 -16"><span class='ocrx_word' id='word_1_35' title='bbox 219 478 362 519; x_wconf 79' lang='lat' dir='ltr'>vitatis</span> <span class='ocrx_word' id='word_1_36' title='bbox 401 478 495 519; x_wconf 86' lang='lat' dir='ltr'>haec</span> <span class='ocrx_word' id='word_1_37' title='bbox 533 479 628 531; x_wconf 89' lang='lat' dir='ltr'>ipsa</span> <span class='ocrx_word' id='word_1_38' title='bbox 667 479 871 522; x_wconf 90' lang='lat' dir='ltr'>adiuncta</span> <span class='ocrx_word' id='word_1_39' title='bbox 914 481 1127 534; x_wconf 90' lang='lat' dir='ltr'>appositio</span> <span class='ocrx_word' id='word_1_40' title='bbox 1168 482 1239 522; x_wconf 71' lang='lat' dir='ltr'>ille</span> <span class='ocrx_word' id='word_1_41' title='bbox 1280 496 1359 523; x_wconf 73' lang='lat' dir='ltr'>mr.</span> <span class='ocrx_word' id='word_1_42' title='bbox 1423 481 1475 534; x_wconf 90' lang='lat' dir='ltr'>(P</span> <span class='ocrx_word' id='word_1_43' title='bbox 1507 483 1714 525; x_wconf 81' lang='lat' dir='ltr'>mendose</span> <span class='ocrx_word' id='word_1_44' title='bbox 1744 484 1814 524; x_wconf 63' lang='lat' dir='ltr'>ille</span> 
     </span>
     <span class='ocr_line' id='line_1_6' title="bbox 219 548 1814 605; baseline 0.004 -17"><span class='ocrx_word' id='word_1_45' title='bbox 219 549 299 598; x_wconf 72' lang='lat' dir='ltr'>ille,</span> <span class='ocrx_word' id='word_1_46' title='bbox 334 548 492 590; x_wconf 86' lang='lat' dir='ltr'>omisso</span> <span class='ocrx_word' id='word_1_47' title='bbox 524 548 622 602; x_wconf 74' lang='lat' dir='ltr'>vir.)</span> <span class='ocrx_word' id='word_1_48' title='bbox 684 550 848 592; x_wconf 82' lang='lat' dir='ltr'>Deinde</span> <span class='ocrx_word' id='word_1_49' title='bbox 881 550 921 605; x_wconf 65' lang='grc' dir='ltr'>(ξ</span> <span class='ocrx_word' id='word_1_50' title='bbox 958 551 1042 605; x_wconf 79' lang='grc'>12),</span> <span class='ocrx_word' id='word_1_51' title='bbox 1082 552 1156 593; x_wconf 92' lang='lat' dir='ltr'>ubi</span> <span class='ocrx_word' id='word_1_52' title='bbox 1196 552 1353 594; x_wconf 78' lang='lat' dir='ltr'>editur:</span> <span class='ocrx_word' id='word_1_53' title='bbox 1406 553 1540 604; x_wconf 65' lang='lat' dir='ltr'>Quumv</span> <span class='ocrx_word' id='word_1_54' title='bbox 1575 553 1714 595; x_wconf 75' lang='lat' dir='ltr'>Grcece&#39;</span> <span class='ocrx_word' id='word_1_55' title='bbox 1745 554 1814 595; x_wconf 74' lang='lat' dir='ltr'>ho-</span> 
     </span>
     <span class='ocr_line' id='line_1_7' title="bbox 217 620 1813 679; baseline 0.004 -20"><span class='ocrx_word' id='word_1_56' title='bbox 217 620 361 671; x_wconf 72' lang='lat' dir='ltr'>mines,</span> <span class='ocrx_word' id='word_1_57' title='bbox 402 622 575 674; x_wconf 68' lang='lat' dir='ltr'>spectati</span> <span class='ocrx_word' id='word_1_58' title='bbox 605 622 701 674; x_wconf 67' lang='lat' dir='ltr'>viri,</span> <span class='ocrx_word' id='word_1_59' title='bbox 746 623 955 664; x_wconf 70' lang='lat' dir='ltr'>noluerint</span> <span class='ocrx_word' id='word_1_60' title='bbox 987 624 1185 677; x_wconf 70' lang='lat' dir='ltr'>reliyc‘one</span> <span class='ocrx_word' id='word_1_61' title='bbox 1217 623 1354 664; x_wconf 66' lang='lat' dir='ltr'>videri</span> <span class='ocrx_word' id='word_1_62' title='bbox 1382 625 1520 677; x_wconf 71' lang='lat' dir='ltr'>potius</span> <span class='ocrx_word' id='word_1_63' title='bbox 1552 638 1677 679; x_wconf 75' lang='lat' dir='ltr'>quam</span> <span class='ocrx_word' id='word_1_64' title='bbox 1708 626 1813 666; x_wconf 71' lang='lat' dir='ltr'>veri-</span> 
     </span>
     <span class='ocr_line' id='line_1_8' title="bbox 217 690 1810 750; baseline 0.004 -20"><span class='ocrx_word' id='word_1_65' title='bbox 217 695 300 731; x_wconf 74' lang='lat' dir='ltr'>tate</span> <span class='ocrx_word' id='word_1_66' title='bbox 327 690 453 743; x_wconf 73' lang='lat' dir='ltr'>fidem</span> <span class='ocrx_word' id='word_1_67' title='bbox 486 705 569 732; x_wconf 78' lang='lat' dir='ltr'>esse</span> <span class='ocrx_word' id='word_1_68' title='bbox 600 693 885 734; x_wconf 70' lang='lat' dir='ltr'>constrictam:</span> <span class='ocrx_word' id='word_1_69' title='bbox 917 707 991 734; x_wconf 72' lang='lat' dir='ltr'>nos</span> <span class='ocrx_word' id='word_1_70' title='bbox 1023 695 1144 735; x_wconf 71' lang='lat' dir='ltr'>etiam</span> <span class='ocrx_word' id='word_1_71' title='bbox 1179 695 1224 735; x_wconf 72' lang='lat' dir='ltr'>in</span> <span class='ocrx_word' id='word_1_72' title='bbox 1256 696 1350 748; x_wconf 71' lang='lat' dir='ltr'>ipsa</span> <span class='ocrx_word' id='word_1_73' title='bbox 1381 695 1580 749; x_wconf 59' lang='lat' dir='ltr'>religione</span> <span class='ocrx_word' id='word_1_74' title='bbox 1612 700 1648 736; x_wconf 74' lang='lat' dir='ltr'>et</span> <span class='ocrx_word' id='word_1_75' title='bbox 1679 696 1810 750; x_wconf 69' lang='lat' dir='ltr'>Zequm</span> 
     </span>
     <span class='ocr_line' id='line_1_9' title="bbox 217 762 1813 820; baseline 0.003 -18"><span class='ocrx_word' id='word_1_76' title='bbox 217 767 253 803; x_wconf 73' lang='lat' dir='ltr'>et</span> <span class='ocrx_word' id='word_1_77' title='bbox 291 762 501 815; x_wconf 76' lang='lat' dir='ltr'>foederum</span> <span class='ocrx_word' id='word_1_78' title='bbox 544 764 830 804; x_wconf 68' lang='lat' dir='ltr'>conservanda</span> <span class='ocrx_word' id='word_1_79' title='bbox 872 766 1009 819; x_wconf 72' lang='lat' dir='ltr'>qualis</span> <span class='ocrx_word' id='word_1_80' title='bbox 1048 765 1182 818; x_wconf 76' lang='lat' dir='ltr'>fuerit</span> <span class='ocrx_word' id='word_1_81' title='bbox 1217 765 1290 806; x_wconf 78' lang='lat' dir='ltr'>Cn.</span> <span class='ocrx_word' id='word_1_82' title='bbox 1324 765 1557 820; x_wconf 71' lang='lat' dir='ltr'>Pompeius,</span> <span class='ocrx_word' id='word_1_83' title='bbox 1606 766 1813 808; x_wconf 70' lang='lat' dir='ltr'>dubitabi-</span> 
     </span>
     <span class='ocr_line' id='line_1_10' title="bbox 218 833 1811 890; baseline 0.003 -17"><span class='ocrx_word' id='word_1_84' title='bbox 218 834 336 873; x_wconf 72' lang='lat' dir='ltr'>mus?</span> <span class='ocrx_word' id='word_1_85' title='bbox 380 846 513 885; x_wconf 86' lang='lat' dir='ltr'>quum</span> <span class='ocrx_word' id='word_1_86' title='bbox 561 834 684 876; x_wconf 89' lang='lat' dir='ltr'>codd.</span> <span class='ocrx_word' id='word_1_87' title='bbox 725 833 902 888; x_wconf 83' lang='lat' dir='ltr'>(PABE,</span> <span class='ocrx_word' id='word_1_88' title='bbox 952 835 1030 876; x_wconf 80' lang='lat' dir='ltr'>Ox.</span> <span class='ocrx_word' id='word_1_89' title='bbox 1067 834 1108 887; x_wconf 86' lang='lat'>1)</span> <span class='ocrx_word' id='word_1_90' title='bbox 1156 836 1349 878; x_wconf 77' lang='lat' dir='ltr'>habeant</span> <span class='ocrx_word' id='word_1_91' title='bbox 1395 838 1628 888; x_wconf 67' lang='lat' dir='ltr'>nolum-met,</span> <span class='ocrx_word' id='word_1_92' title='bbox 1677 837 1811 890; x_wconf 93' lang='lat' dir='ltr'>possit</span> 
     </span>
     <span class='ocr_line' id='line_1_11' title="bbox 216 904 1813 960; baseline 0.004 -16"><span class='ocrx_word' id='word_1_93' title='bbox 216 904 369 956; x_wconf 84' lang='lat' dir='ltr'>aliquis</span> <span class='ocrx_word' id='word_1_94' title='bbox 403 906 611 957; x_wconf 85' lang='lat' dir='ltr'>suspicari</span> <span class='ocrx_word' id='word_1_95' title='bbox 644 920 770 960; x_wconf 58' lang='lat' dir='ltr'>(suum</span> <span class='ocrx_word' id='word_1_96' title='bbox 799 906 1076 948; x_wconf 85' lang='lat' dir='ltr'>subditicium</span> <span class='ocrx_word' id='word_1_97' title='bbox 1099 920 1205 956; x_wconf 75' lang='lat' dir='ltr'>esse,</span> <span class='ocrx_word' id='word_1_98' title='bbox 1240 909 1534 960; x_wconf 83' lang='lat' dir='ltr'>scriptumque</span> <span class='ocrx_word' id='word_1_99' title='bbox 1561 921 1585 949; x_wconf 85' lang='lat' dir='ltr'>a</span> <span class='ocrx_word' id='word_1_100' title='bbox 1609 908 1813 950; x_wconf 79' lang='lat' dir='ltr'>Cicerone</span> 
     </span>
     <span class='ocr_line' id='line_1_12' title="bbox 219 974 1812 1031; baseline 0.003 -16"><span class='ocrx_word' id='word_1_101' title='bbox 219 974 566 1027; x_wconf 83' lang='lat' dir='ltr'>frequentissima</span> <span class='ocrx_word' id='word_1_102' title='bbox 598 976 670 1017; x_wconf 89' lang='lat' dir='ltr'>illa</span> <span class='ocrx_word' id='word_1_103' title='bbox 710 977 1046 1031; x_wconf 72' lang='lat' dir='ltr'>enthymematis</span> <span class='ocrx_word' id='word_1_104' title='bbox 1088 978 1248 1019; x_wconf 86' lang='lat' dir='ltr'>forma:</span> <span class='ocrx_word' id='word_1_105' title='bbox 1300 978 1439 1019; x_wconf 57' lang='lat' dir='ltr'>Graece?</span> <span class='ocrx_word' id='word_1_106' title='bbox 1477 1001 1531 1007; x_wconf 87' lang='lat'>—</span> <span class='ocrx_word' id='word_1_107' title='bbox 1570 979 1812 1020; x_wconf 68' lang='lat' dir='ltr'>noluerunt:</span> 
     </span>
     <span class='ocr_line' id='line_1_13' title="bbox 217 1046 1812 1101; baseline 0.004 -16"><span class='ocrx_word' id='word_1_108' title='bbox 217 1059 289 1086; x_wconf 70' lang='lat' dir='ltr'>nos</span> <span class='ocrx_word' id='word_1_109' title='bbox 322 1070 377 1073; x_wconf 84' lang='lat'>—</span> <span class='ocrx_word' id='word_1_110' title='bbox 410 1046 722 1088; x_wconf 58' lang='lat' dir='ltr'>dubitabimus?</span> <span class='ocrx_word' id='word_1_111' title='bbox 767 1048 933 1101; x_wconf 86' lang='lat' dir='ltr'>Saepius</span> <span class='ocrx_word' id='word_1_112' title='bbox 972 1051 1120 1089; x_wconf 86' lang='lat' dir='ltr'>tamen</span> <span class='ocrx_word' id='word_1_113' title='bbox 1160 1050 1203 1089; x_wconf 90' lang='lat' dir='ltr'>in</span> <span class='ocrx_word' id='word_1_114' title='bbox 1235 1050 1467 1091; x_wconf 83' lang='lat' dir='ltr'>Verborum</span> <span class='ocrx_word' id='word_1_115' title='bbox 1499 1050 1812 1098; x_wconf 87' lang='lat' dir='ltr'>terminationi-</span> 
     </span>
     <span class='ocr_line' id='line_1_14' title="bbox 216 1116 1199 1173; baseline 0.004 -16"><span class='ocrx_word' id='word_1_116' title='bbox 216 1116 296 1158; x_wconf 85' lang='lat' dir='ltr'>bus</span> <span class='ocrx_word' id='word_1_117' title='bbox 329 1118 563 1159; x_wconf 89' lang='lat' dir='ltr'>mendosus</span> <span class='ocrx_word' id='word_1_118' title='bbox 597 1118 677 1158; x_wconf 86' lang='lat' dir='ltr'>fuit</span> <span class='ocrx_word' id='word_1_119' title='bbox 711 1119 845 1160; x_wconf 82' lang='lat' dir='ltr'>codex</span> <span class='ocrx_word' id='word_1_120' title='bbox 878 1116 1199 1173; x_wconf 79' lang='lat' dir='ltr'>archetypus,¹)</span> 
     </span>
    </p>

    <p class='ocr_par' dir='ltr' id='par_1_4' title="bbox 212 1188 1815 2166">
     <span class='ocr_line' id='line_1_15' title="bbox 335 1188 1811 1243; baseline 0.003 -14"><span class='ocrx_word' id='word_1_121' title='bbox 335 1188 497 1241; x_wconf 80' lang='lat' dir='ltr'>Capitis</span> <span class='ocrx_word' id='word_1_122' title='bbox 529 1189 642 1234; x_wconf 64' lang='lat' dir='ltr'>sexti,</span> <span class='ocrx_word' id='word_1_123' title='bbox 678 1189 846 1231; x_wconf 89' lang='lat' dir='ltr'>initium</span> <span class='ocrx_word' id='word_1_124' title='bbox 888 1193 988 1231; x_wconf 87' lang='lat' dir='ltr'>ante</span> <span class='ocrx_word' id='word_1_125' title='bbox 1028 1191 1166 1232; x_wconf 88' lang='lat' dir='ltr'>multa</span> <span class='ocrx_word' id='word_1_126' title='bbox 1206 1191 1363 1232; x_wconf 80' lang='lat' dir='ltr'>saecula</span> <span class='ocrx_word' id='word_1_127' title='bbox 1402 1191 1547 1233; x_wconf 88' lang='lat' dir='ltr'>labem</span> <span class='ocrx_word' id='word_1_128' title='bbox 1586 1192 1811 1243; x_wconf 78' lang='lat' dir='ltr'>contraxit,</span> 
     </span>
     <span class='ocr_line' id='line_1_16' title="bbox 215 1260 1814 1313; baseline 0.003 -13"><span class='ocrx_word' id='word_1_129' title='bbox 215 1272 347 1311; x_wconf 82' lang='lat' dir='ltr'>quam</span> <span class='ocrx_word' id='word_1_130' title='bbox 379 1273 493 1301; x_wconf 88' lang='lat' dir='ltr'>nunc</span> <span class='ocrx_word' id='word_1_131' title='bbox 526 1260 596 1301; x_wconf 77' lang='lat' dir='ltr'>vix</span> <span class='ocrx_word' id='word_1_132' title='bbox 627 1261 756 1313; x_wconf 90' lang='lat' dir='ltr'>plane</span> <span class='ocrx_word' id='word_1_133' title='bbox 790 1261 924 1303; x_wconf 88' lang='lat' dir='ltr'>eluas.</span> <span class='ocrx_word' id='word_1_134' title='bbox 994 1261 1145 1302; x_wconf 87' lang='lat' dir='ltr'>Editur</span> <span class='ocrx_word' id='word_1_135' title='bbox 1188 1262 1322 1302; x_wconf 89' lang='lat' dir='ltr'>enim:</span> <span class='ocrx_word' id='word_1_136' title='bbox 1374 1262 1506 1313; x_wconf 67' lang='lat' dir='ltr'>Quasi</span> <span class='ocrx_word' id='word_1_137' title='bbox 1552 1276 1642 1304; x_wconf 73' lang='lat' dir='ltr'>vero</span> <span class='ocrx_word' id='word_1_138' title='bbox 1685 1264 1814 1304; x_wconf 73' lang='lat' dir='ltr'>levius</span> 
     </span>
     <span class='ocr_line' id='line_1_17' title="bbox 212 1331 1812 1388; baseline 0.003 -18"><span class='ocrx_word' id='word_1_139' title='bbox 212 1331 280 1383; x_wconf 71' lang='lat' dir='ltr'>sit,</span> <span class='ocrx_word' id='word_1_140' title='bbox 314 1344 439 1385; x_wconf 72' lang='lat' dir='ltr'>quum</span> <span class='ocrx_word' id='word_1_141' title='bbox 471 1332 517 1371; x_wconf 74' lang='lat' dir='ltr'>in</span> <span class='ocrx_word' id='word_1_142' title='bbox 549 1336 665 1372; x_wconf 71' lang='lat' dir='ltr'>tanta</span> <span class='ocrx_word' id='word_1_143' title='bbox 699 1346 744 1373; x_wconf 69' lang='lat' dir='ltr'>re</span> <span class='ocrx_word' id='word_1_144' title='bbox 768 1332 942 1386; x_wconf 71' lang='lat' dir='ltr'>publica</span> <span class='ocrx_word' id='word_1_145' title='bbox 973 1346 1134 1373; x_wconf 70' lang='lat' dir='ltr'>versere</span> <span class='ocrx_word' id='word_1_146' title='bbox 1166 1337 1202 1373; x_wconf 68' lang='lat' dir='ltr'>et</span> <span class='ocrx_word' id='word_1_147' title='bbox 1233 1333 1431 1373; x_wconf 63' lang='lat' dir='ltr'>mancionis</span> <span class='ocrx_word' id='word_1_148' title='bbox 1454 1334 1628 1388; x_wconf 56' lang='lat' dir='ltr'>negotiis</span> <span class='ocrx_word' id='word_1_149' title='bbox 1643 1335 1812 1388; x_wconf 72' lang='lat' dir='ltr'>proesz‘s,</span> 
     </span>
     <span class='ocr_line' id='line_1_18' title="bbox 212 1401 1814 1460; baseline 0.002 -19"><span class='ocrx_word' id='word_1_150' title='bbox 212 1401 356 1453; x_wconf 72' lang='lat' dir='ltr'>facere</span> <span class='ocrx_word' id='word_1_151' title='bbox 389 1402 565 1457; x_wconf 69' lang='lat' dir='ltr'>aliquid,</span> <span class='ocrx_word' id='word_1_152' title='bbox 615 1403 722 1457; x_wconf 69' lang='lat' dir='ltr'>quod</span> <span class='ocrx_word' id='word_1_153' title='bbox 763 1404 872 1445; x_wconf 71' lang='lat' dir='ltr'>scias</span> <span class='ocrx_word' id='word_1_154' title='bbox 909 1416 991 1444; x_wconf 66' lang='lat' dir='ltr'>nou</span> <span class='ocrx_word' id='word_1_155' title='bbox 1024 1404 1159 1457; x_wconf 70' lang='lat' dir='ltr'>licere,</span> <span class='ocrx_word' id='word_1_156' title='bbox 1209 1418 1266 1444; x_wconf 71' lang='grc' dir='ltr'>(ιη</span> <span class='ocrx_word' id='word_1_157' title='bbox 1296 1405 1462 1445; x_wconf 72' lang='lat' dir='ltr'>omnino</span> <span class='ocrx_word' id='word_1_158' title='bbox 1493 1405 1664 1458; x_wconf 68' lang='lat' dir='ltr'>nescire,</span> <span class='ocrx_word' id='word_1_159' title='bbox 1713 1405 1814 1460; x_wconf 74' lang='lat' dir='ltr'>quid</span> 
     </span>
     <span class='ocr_line' id='line_1_19' title="bbox 214 1473 1812 1529; baseline 0.004 -18"><span class='ocrx_word' id='word_1_160' title='bbox 214 1473 348 1513; x_wconf 68' lang='lat' dir='ltr'>liceat.</span> <span class='ocrx_word' id='word_1_161' title='bbox 412 1474 458 1514; x_wconf 91' lang='lat' dir='ltr'>In</span> <span class='ocrx_word' id='word_1_162' title='bbox 501 1487 585 1526; x_wconf 87' lang='lat' dir='ltr'>quo</span> <span class='ocrx_word' id='word_1_163' title='bbox 628 1474 816 1526; x_wconf 90' lang='lat' dir='ltr'>primum</span> <span class='ocrx_word' id='word_1_164' title='bbox 861 1489 917 1515; x_wconf 76' lang='lat' dir='ltr'>cm-</span> <span class='ocrx_word' id='word_1_165' title='bbox 959 1488 1037 1527; x_wconf 90' lang='lat' dir='ltr'>pro</span> <span class='ocrx_word' id='word_1_166' title='bbox 1080 1488 1206 1529; x_wconf 71' lang='lat' dir='ltr'>quam</span> <span class='ocrx_word' id='word_1_167' title='bbox 1247 1475 1411 1515; x_wconf 86' lang='lat' dir='ltr'>nullam</span> <span class='ocrx_word' id='word_1_168' title='bbox 1454 1475 1589 1516; x_wconf 87' lang='lat' dir='ltr'>habet</span> <span class='ocrx_word' id='word_1_169' title='bbox 1634 1488 1812 1517; x_wconf 85' lang='lat' dir='ltr'>excusa-</span> 
     </span>
     <span class='ocr_line' id='line_1_20' title="bbox 215 1542 1812 1598; baseline 0.003 -15"><span class='ocrx_word' id='word_1_170' title='bbox 215 1542 389 1593; x_wconf 89' lang='lat' dir='ltr'>tionem,</span> <span class='ocrx_word' id='word_1_171' title='bbox 425 1557 558 1596; x_wconf 85' lang='lat' dir='ltr'>quum</span> <span class='ocrx_word' id='word_1_172' title='bbox 591 1546 832 1597; x_wconf 85' lang='lat' dir='ltr'>praesertim</span> <span class='ocrx_word' id='word_1_173' title='bbox 866 1558 953 1586; x_wconf 91' lang='lat' dir='ltr'>non</span> <span class='ocrx_word' id='word_1_174' title='bbox 984 1546 1206 1598; x_wconf 88' lang='lat' dir='ltr'>implicata</span> <span class='ocrx_word' id='word_1_175' title='bbox 1239 1547 1281 1586; x_wconf 92' lang='lat' dir='ltr'>et</span> <span class='ocrx_word' id='word_1_176' title='bbox 1302 1545 1509 1598; x_wconf 79' lang='lat' dir='ltr'>perplexa</span> <span class='ocrx_word' id='word_1_177' title='bbox 1532 1547 1585 1587; x_wconf 89' lang='lat' dir='ltr'>sit</span> <span class='ocrx_word' id='word_1_178' title='bbox 1608 1546 1812 1588; x_wconf 84' lang='lat' dir='ltr'>orationis</span> 
     </span>
     <span class='ocr_line' id='line_1_21' title="bbox 215 1615 1814 1670; baseline 0.003 -16"><span class='ocrx_word' id='word_1_179' title='bbox 215 1615 450 1665; x_wconf 87' lang='lat' dir='ltr'>structura,</span> <span class='ocrx_word' id='word_1_180' title='bbox 501 1616 579 1656; x_wconf 90' lang='lat' dir='ltr'>sed</span> <span class='ocrx_word' id='word_1_181' title='bbox 626 1616 775 1657; x_wconf 84' lang='lat' dir='ltr'>ordine</span> <span class='ocrx_word' id='word_1_182' title='bbox 824 1617 1037 1658; x_wconf 87' lang='lat' dir='ltr'>decurrat.</span> <span class='ocrx_word' id='word_1_183' title='bbox 1116 1616 1281 1657; x_wconf 89' lang='lat' dir='ltr'>Deinde</span> <span class='ocrx_word' id='word_1_184' title='bbox 1329 1617 1554 1669; x_wconf 78' lang='lat' dir='ltr'>quaeritur,</span> <span class='ocrx_word' id='word_1_185' title='bbox 1611 1617 1714 1670; x_wconf 87' lang='lat' dir='ltr'>quid</span> <span class='ocrx_word' id='word_1_186' title='bbox 1760 1617 1814 1658; x_wconf 88' lang='lat' dir='ltr'>sit</span> 
     </span>
     <span class='ocr_line' id='line_1_22' title="bbox 214 1685 1812 1740; baseline 0.003 -16"><span class='ocrx_word' id='word_1_187' title='bbox 214 1685 356 1726; x_wconf 55' lang='grc' dir='ltr'>[θρίω.</span> <span class='ocrx_word' id='word_1_188' title='bbox 420 1686 464 1727; x_wconf 84' lang='lat' dir='ltr'>Si</span> <span class='ocrx_word' id='word_1_189' title='bbox 498 1688 611 1728; x_wconf 90' lang='lat' dir='ltr'>enim</span> <span class='ocrx_word' id='word_1_190' title='bbox 650 1687 785 1728; x_wconf 84' lang='lat' dir='ltr'>levius</span> <span class='ocrx_word' id='word_1_191' title='bbox 823 1689 1065 1740; x_wconf 86' lang='lat' dir='ltr'>peccatum,</span> <span class='ocrx_word' id='word_1_192' title='bbox 1115 1690 1157 1728; x_wconf 91' lang='lat' dir='ltr'>et</span> <span class='ocrx_word' id='word_1_193' title='bbox 1204 1688 1319 1740; x_wconf 83' lang='lat' dir='ltr'>quod</span> <span class='ocrx_word' id='word_1_194' title='bbox 1367 1688 1604 1730; x_wconf 83' lang='lat' dir='ltr'>faciliorem</span> <span class='ocrx_word' id='word_1_195' title='bbox 1652 1688 1812 1730; x_wconf 88' lang='lat' dir='ltr'>habeat</span> 
     </span>
     <span class='ocr_line' id='line_1_23' title="bbox 215 1753 1812 1810; baseline 0.003 -14"><span class='ocrx_word' id='word_1_196' title='bbox 215 1757 400 1806; x_wconf 79' lang='lat' dir='ltr'>veniam,</span> <span class='ocrx_word' id='word_1_197' title='bbox 430 1753 695 1810; x_wconf 75' lang='lat' dir='ltr'>intelligitur,</span> <span class='ocrx_word' id='word_1_198' title='bbox 730 1758 945 1799; x_wconf 87' lang='lat' dir='ltr'>sententia</span> <span class='ocrx_word' id='word_1_199' title='bbox 978 1759 1139 1799; x_wconf 74' lang='lat' dir='ltr'>exitum</span> <span class='ocrx_word' id='word_1_200' title='bbox 1172 1772 1259 1799; x_wconf 90' lang='lat' dir='ltr'>non</span> <span class='ocrx_word' id='word_1_201' title='bbox 1286 1759 1461 1800; x_wconf 83' lang='lat' dir='ltr'>invenit.</span> <span class='ocrx_word' id='word_1_202' title='bbox 1510 1759 1674 1800; x_wconf 86' lang='lat' dir='ltr'>Dicitur</span> <span class='ocrx_word' id='word_1_203' title='bbox 1699 1759 1812 1800; x_wconf 90' lang='lat' dir='ltr'>enim</span> 
     </span>
     <span class='ocr_line' id='line_1_24' title="bbox 215 1828 1811 1883; baseline 0.003 -16"><span class='ocrx_word' id='word_1_204' title='bbox 215 1840 300 1868; x_wconf 89' lang='lat' dir='ltr'>non</span> <span class='ocrx_word' id='word_1_205' title='bbox 333 1828 468 1869; x_wconf 82' lang='lat' dir='ltr'>levius</span> <span class='ocrx_word' id='word_1_206' title='bbox 501 1842 596 1870; x_wconf 88' lang='lat' dir='ltr'>esse</span> <span class='ocrx_word' id='word_1_207' title='bbox 630 1828 770 1883; x_wconf 66' lang='lat' dir='ltr'>(quasi</span> <span class='ocrx_word' id='word_1_208' title='bbox 802 1830 932 1870; x_wconf 69' lang='lat' dir='ltr'>levius</span> <span class='ocrx_word' id='word_1_209' title='bbox 963 1829 1032 1882; x_wconf 70' lang='lat' dir='ltr'>sit)</span> <span class='ocrx_word' id='word_1_210' title='bbox 1066 1830 1223 1880; x_wconf 80' lang='lat' dir='ltr'>facere,</span> <span class='ocrx_word' id='word_1_211' title='bbox 1257 1830 1372 1883; x_wconf 82' lang='lat' dir='ltr'>quod</span> <span class='ocrx_word' id='word_1_212' title='bbox 1396 1843 1484 1871; x_wconf 91' lang='lat' dir='ltr'>non</span> <span class='ocrx_word' id='word_1_213' title='bbox 1508 1830 1646 1880; x_wconf 87' lang='lat' dir='ltr'>liceat,</span> <span class='ocrx_word' id='word_1_214' title='bbox 1681 1843 1811 1883; x_wconf 88' lang='lat' dir='ltr'>quam</span> 
     </span>
     <span class='ocr_line' id='line_1_25' title="bbox 215 1899 1810 1953; baseline 0.002 -15"><span class='ocrx_word' id='word_1_215' title='bbox 215 1899 392 1948; x_wconf 86' lang='lat' dir='ltr'>nescire,</span> <span class='ocrx_word' id='word_1_216' title='bbox 428 1900 531 1952; x_wconf 85' lang='lat' dir='ltr'>quid</span> <span class='ocrx_word' id='word_1_217' title='bbox 563 1900 703 1940; x_wconf 88' lang='lat' dir='ltr'>liceat.</span> <span class='ocrx_word' id='word_1_218' title='bbox 766 1900 969 1953; x_wconf 86' lang='lat' dir='ltr'>Disputat</span> <span class='ocrx_word' id='word_1_219' title='bbox 1001 1903 1148 1942; x_wconf 89' lang='lat' dir='ltr'>autem</span> <span class='ocrx_word' id='word_1_220' title='bbox 1182 1904 1339 1951; x_wconf 86' lang='lat' dir='ltr'>orator,</span> <span class='ocrx_word' id='word_1_221' title='bbox 1380 1902 1492 1942; x_wconf 87' lang='lat' dir='ltr'>hanc</span> <span class='ocrx_word' id='word_1_222' title='bbox 1525 1901 1810 1953; x_wconf 82' lang='lat' dir='ltr'>ignorantiam</span> 
     </span>
     <span class='ocr_line' id='line_1_26' title="bbox 215 1969 1811 2025; baseline 0.002 -17"><span class='ocrx_word' id='word_1_223' title='bbox 215 1969 346 2010; x_wconf 91' lang='lat' dir='ltr'>nihilo</span> <span class='ocrx_word' id='word_1_224' title='bbox 387 1983 480 2011; x_wconf 90' lang='lat' dir='ltr'>esse</span> <span class='ocrx_word' id='word_1_225' title='bbox 525 1971 729 2012; x_wconf 79' lang='lat' dir='ltr'>leviorem</span> <span class='ocrx_word' id='word_1_226' title='bbox 775 1972 841 2012; x_wconf 79' lang='lat' dir='ltr'>Vel</span> <span class='ocrx_word' id='word_1_227' title='bbox 885 1973 1017 2013; x_wconf 86' lang='lat' dir='ltr'>etiam</span> <span class='ocrx_word' id='word_1_228' title='bbox 1060 1971 1316 2025; x_wconf 82' lang='lat' dir='ltr'>graviorem.</span> <span class='ocrx_word' id='word_1_229' title='bbox 1379 1972 1529 2024; x_wconf 86' lang='lat' dir='ltr'>Itaque</span> <span class='ocrx_word' id='word_1_230' title='bbox 1562 1971 1811 2020; x_wconf 79' lang='lat' dir='ltr'>Lambinus,</span> 
     </span>
     <span class='ocr_line' id='line_1_27' title="bbox 215 2039 1815 2094; baseline 0.001 -15"><span class='ocrx_word' id='word_1_231' title='bbox 215 2039 405 2081; x_wconf 85' lang='lat' dir='ltr'>Memmii</span> <span class='ocrx_word' id='word_1_232' title='bbox 438 2044 612 2083; x_wconf 85' lang='lat' dir='ltr'>secutus</span> <span class='ocrx_word' id='word_1_233' title='bbox 648 2043 951 2091; x_wconf 82' lang='lat' dir='ltr'>coniecturam,</span> <span class='ocrx_word' id='word_1_234' title='bbox 994 2042 1145 2083; x_wconf 86' lang='lat' dir='ltr'>edidit:</span> <span class='ocrx_word' id='word_1_235' title='bbox 1199 2043 1329 2094; x_wconf 73' lang='lat' dir='ltr'>Quasi</span> <span class='ocrx_word' id='word_1_236' title='bbox 1360 2056 1455 2082; x_wconf 43' lang='lat' dir='ltr'>*cero</span> <span class='ocrx_word' id='word_1_237' title='bbox 1487 2056 1569 2083; x_wconf 77' lang='lat' dir='ltr'>mm</span> <span class='ocrx_word' id='word_1_238' title='bbox 1601 2042 1730 2083; x_wconf 74' lang='lat' dir='ltr'>levius</span> <span class='ocrx_word' id='word_1_239' title='bbox 1760 2042 1815 2082; x_wconf 69' lang='lat' dir='ltr'>sit</span> 
     </span>
     <span class='ocr_line' id='line_1_28' title="bbox 216 2112 1813 2166; baseline 0.001 -15"><span class='ocrx_word' id='word_1_240' title='bbox 216 2133 270 2138; x_wconf 77' lang='lat'>—</span> <span class='ocrx_word' id='word_1_241' title='bbox 303 2126 429 2166; x_wconf 64' lang='lat' dir='ltr'>quam</span> <span class='ocrx_word' id='word_1_242' title='bbox 462 2113 561 2166; x_wconf 83' lang='lat' dir='ltr'>(hoc</span> <span class='ocrx_word' id='word_1_243' title='bbox 605 2114 690 2154; x_wconf 86' lang='lat' dir='ltr'>iam</span> <span class='ocrx_word' id='word_1_244' title='bbox 734 2113 1034 2166; x_wconf 83' lang='lat' dir='ltr'>Pantagathus</span> <span class='ocrx_word' id='word_1_245' title='bbox 1076 2112 1313 2166; x_wconf 87' lang='lat' dir='ltr'>posuerat).</span> <span class='ocrx_word' id='word_1_246' title='bbox 1377 2113 1513 2154; x_wconf 87' lang='lat' dir='ltr'>Erunt</span> <span class='ocrx_word' id='word_1_247' title='bbox 1545 2115 1706 2162; x_wconf 83' lang='lat' dir='ltr'>autem,</span> <span class='ocrx_word' id='word_1_248' title='bbox 1741 2112 1813 2165; x_wconf 85' lang='lat' dir='ltr'>qui</span> 
     </span>
    </p>

    <p class='ocr_par' dir='ltr' id='par_1_5' title="bbox 170 2183 1813 2731">
     <span class='ocr_line' id='line_1_29' title="bbox 170 2183 1813 2238; baseline 0.001 -16"><span class='ocrx_word' id='word_1_249' title='bbox 170 2194 203 2217; x_wconf 79' lang='lat'>21</span> <span class='ocrx_word' id='word_1_250' title='bbox 228 2183 357 2225; x_wconf 72' lang='lat' dir='ltr'>levius</span> <span class='ocrx_word' id='word_1_251' title='bbox 388 2184 627 2238; x_wconf 86' lang='lat' dir='ltr'>intelligant</span> <span class='ocrx_word' id='word_1_252' title='bbox 657 2185 700 2226; x_wconf 88' lang='lat' dir='ltr'>in</span> <span class='ocrx_word' id='word_1_253' title='bbox 731 2185 893 2226; x_wconf 88' lang='lat' dir='ltr'>malam</span> <span class='ocrx_word' id='word_1_254' title='bbox 925 2187 1114 2237; x_wconf 87' lang='lat' dir='ltr'>partem:</span> <span class='ocrx_word' id='word_1_255' title='bbox 1162 2198 1249 2225; x_wconf 90' lang='lat' dir='ltr'>non</span> <span class='ocrx_word' id='word_1_256' title='bbox 1286 2184 1462 2225; x_wconf 88' lang='lat' dir='ltr'>minoris</span> <span class='ocrx_word' id='word_1_257' title='bbox 1502 2196 1596 2225; x_wconf 89' lang='lat' dir='ltr'>esse</span> <span class='ocrx_word' id='word_1_258' title='bbox 1628 2183 1813 2224; x_wconf 84' lang='lat' dir='ltr'>levitatis</span> 
     </span>
     <span class='ocr_line' id='line_1_30' title="bbox 216 2252 1811 2308; baseline 0 -14"><span class='ocrx_word' id='word_1_259' title='bbox 216 2252 370 2305; x_wconf 87' lang='lat' dir='ltr'>facere,</span> <span class='ocrx_word' id='word_1_260' title='bbox 404 2255 520 2307; x_wconf 82' lang='lat' dir='ltr'>quod</span> <span class='ocrx_word' id='word_1_261' title='bbox 553 2256 664 2297; x_wconf 85' lang='lat' dir='ltr'>scias</span> <span class='ocrx_word' id='word_1_262' title='bbox 688 2269 775 2297; x_wconf 90' lang='lat' dir='ltr'>non</span> <span class='ocrx_word' id='word_1_263' title='bbox 797 2256 937 2306; x_wconf 83' lang='lat' dir='ltr'>licere,</span> <span class='ocrx_word' id='word_1_264' title='bbox 972 2269 1102 2308; x_wconf 86' lang='lat' dir='ltr'>quam</span> <span class='ocrx_word' id='word_1_265' title='bbox 1126 2255 1305 2305; x_wconf 87' lang='lat' dir='ltr'>nescire,</span> <span class='ocrx_word' id='word_1_266' title='bbox 1339 2255 1443 2307; x_wconf 85' lang='lat' dir='ltr'>quid</span> <span class='ocrx_word' id='word_1_267' title='bbox 1464 2254 1603 2295; x_wconf 87' lang='lat' dir='ltr'>liceat.</span> <span class='ocrx_word' id='word_1_268' title='bbox 1652 2254 1811 2295; x_wconf 87' lang='lat' dir='ltr'>Verum</span> 
     </span>
     <span class='ocr_line' id='line_1_31' title="bbox 213 2324 1810 2380; baseline 0.001 -16"><span class='ocrx_word' id='word_1_269' title='bbox 213 2337 294 2365; x_wconf 88' lang='lat' dir='ltr'>nec</span> <span class='ocrx_word' id='word_1_270' title='bbox 326 2325 383 2366; x_wconf 87' lang='lat' dir='ltr'>ita</span> <span class='ocrx_word' id='word_1_271' title='bbox 418 2326 593 2380; x_wconf 87' lang='lat' dir='ltr'>intelligi</span> <span class='ocrx_word' id='word_1_272' title='bbox 632 2341 714 2369; x_wconf 75' lang='lat' dir='ltr'>vox</span> <span class='ocrx_word' id='word_1_273' title='bbox 752 2327 796 2368; x_wconf 89' lang='lat' dir='ltr'>in</span> <span class='ocrx_word' id='word_1_274' title='bbox 835 2328 916 2368; x_wconf 85' lang='lat' dir='ltr'>hac</span> <span class='ocrx_word' id='word_1_275' title='bbox 957 2326 1281 2379; x_wconf 85' lang='lat' dir='ltr'>comparatione</span> <span class='ocrx_word' id='word_1_276' title='bbox 1320 2325 1543 2378; x_wconf 84' lang='lat' dir='ltr'>gravitatis</span> <span class='ocrx_word' id='word_1_277' title='bbox 1584 2324 1810 2366; x_wconf 90' lang='lat' dir='ltr'>criminum</span> 
     </span>
     <span class='ocr_line' id='line_1_32' title="bbox 214 2395 1807 2449; baseline 0 -13"><span class='ocrx_word' id='word_1_278' title='bbox 214 2398 369 2448; x_wconf 87' lang='lat' dir='ltr'>potest,</span> <span class='ocrx_word' id='word_1_279' title='bbox 413 2410 491 2437; x_wconf 87' lang='lat' dir='ltr'>nec</span> <span class='ocrx_word' id='word_1_280' title='bbox 524 2398 709 2439; x_wconf 84' lang='lat' dir='ltr'>levitatis</span> <span class='ocrx_word' id='word_1_281' title='bbox 743 2400 808 2439; x_wconf 93' lang='lat' dir='ltr'>est</span> <span class='ocrx_word' id='word_1_282' title='bbox 840 2398 995 2445; x_wconf 87' lang='lat' dir='ltr'>facere,</span> <span class='ocrx_word' id='word_1_283' title='bbox 1045 2397 1161 2449; x_wconf 83' lang='lat' dir='ltr'>quod</span> <span class='ocrx_word' id='word_1_284' title='bbox 1193 2397 1303 2437; x_wconf 77' lang='lat' dir='ltr'>scias</span> <span class='ocrx_word' id='word_1_285' title='bbox 1335 2409 1422 2437; x_wconf 90' lang='lat' dir='ltr'>non</span> <span class='ocrx_word' id='word_1_286' title='bbox 1454 2396 1595 2437; x_wconf 85' lang='lat' dir='ltr'>licere.</span> <span class='ocrx_word' id='word_1_287' title='bbox 1658 2395 1807 2448; x_wconf 85' lang='lat' dir='ltr'>Itaque</span> 
     </span>
     <span class='ocr_line' id='line_1_33' title="bbox 215 2466 1811 2519; baseline 0.001 -13"><span class='ocrx_word' id='word_1_288' title='bbox 215 2466 406 2519; x_wconf 83' lang='lat' dir='ltr'>cogimur</span> <span class='ocrx_word' id='word_1_289' title='bbox 446 2468 501 2508; x_wconf 89' lang='lat' dir='ltr'>ad</span> <span class='ocrx_word' id='word_1_290' title='bbox 533 2470 733 2510; x_wconf 89' lang='lat' dir='ltr'>Lambini</span> <span class='ocrx_word' id='word_1_291' title='bbox 780 2468 920 2509; x_wconf 87' lang='lat' dir='ltr'>redire</span> <span class='ocrx_word' id='word_1_292' title='bbox 968 2468 1228 2509; x_wconf 86' lang='lat' dir='ltr'>sententiam</span> <span class='ocrx_word' id='word_1_293' title='bbox 1276 2469 1318 2508; x_wconf 92' lang='lat' dir='ltr'>et</span> <span class='ocrx_word' id='word_1_294' title='bbox 1365 2467 1408 2507; x_wconf 91' lang='lat' dir='ltr'>in</span> <span class='ocrx_word' id='word_1_295' title='bbox 1447 2467 1540 2508; x_wconf 88' lang='lat' dir='ltr'>loco</span> <span class='ocrx_word' id='word_1_296' title='bbox 1582 2467 1811 2519; x_wconf 88' lang='lat' dir='ltr'>desperato</span> 
     </span>
     <span class='ocr_line' id='line_1_34' title="bbox 214 2537 1810 2590; baseline 0.001 -13"><span class='ocrx_word' id='word_1_297' title='bbox 214 2537 426 2578; x_wconf 86' lang='lat' dir='ltr'>audacem</span> <span class='ocrx_word' id='word_1_298' title='bbox 459 2539 687 2579; x_wconf 82' lang='lat' dir='ltr'>admittere</span> <span class='ocrx_word' id='word_1_299' title='bbox 727 2539 1001 2580; x_wconf 89' lang='lat' dir='ltr'>medicinam.</span> <span class='ocrx_word' id='word_1_300' title='bbox 1064 2538 1212 2579; x_wconf 87' lang='lat' dir='ltr'>Habet</span> <span class='ocrx_word' id='word_1_301' title='bbox 1254 2537 1444 2590; x_wconf 85' lang='lat' dir='ltr'>aliquam</span> <span class='ocrx_word' id='word_1_302' title='bbox 1489 2537 1810 2578; x_wconf 78' lang='lat' dir='ltr'>excusationem</span> 
     </span>
     <span class='ocr_line' id='line_1_35' title="bbox 215 2607 1807 2661; baseline 0.001 -13"><span class='ocrx_word' id='word_1_303' title='bbox 215 2607 443 2658; x_wconf 82' lang='lat' dir='ltr'>Ciceronis,</span> <span class='ocrx_word' id='word_1_304' title='bbox 493 2609 677 2651; x_wconf 86' lang='lat' dir='ltr'>oratorie</span> <span class='ocrx_word' id='word_1_305' title='bbox 716 2610 943 2650; x_wconf 87' lang='lat' dir='ltr'>iudicantis</span> <span class='ocrx_word' id='word_1_306' title='bbox 983 2611 1026 2650; x_wconf 90' lang='lat' dir='ltr'>et</span> <span class='ocrx_word' id='word_1_307' title='bbox 1058 2609 1114 2650; x_wconf 88' lang='lat' dir='ltr'>ad</span> <span class='ocrx_word' id='word_1_308' title='bbox 1144 2611 1330 2661; x_wconf 88' lang='lat' dir='ltr'>tempus,</span> <span class='ocrx_word' id='word_1_309' title='bbox 1379 2608 1593 2649; x_wconf 86' lang='lat' dir='ltr'>sententia</span> <span class='ocrx_word' id='word_1_310' title='bbox 1625 2609 1672 2658; x_wconf 90' lang='lat' dir='ltr'>is,</span> <span class='ocrx_word' id='word_1_311' title='bbox 1723 2607 1807 2660; x_wconf 84' lang='lat' dir='ltr'>qui,</span> 
     </span>
     <span class='ocr_line' id='line_1_36' title="bbox 215 2678 1811 2731; baseline 0 -12"><span class='ocrx_word' id='word_1_312' title='bbox 215 2691 348 2730; x_wconf 85' lang='lat' dir='ltr'>quum</span> <span class='ocrx_word' id='word_1_313' title='bbox 382 2679 424 2719; x_wconf 91' lang='lat' dir='ltr'>in</span> <span class='ocrx_word' id='word_1_314' title='bbox 457 2680 656 2721; x_wconf 85' lang='lat' dir='ltr'>maximis</span> <span class='ocrx_word' id='word_1_315' title='bbox 690 2680 819 2721; x_wconf 84' lang='lat' dir='ltr'>rebus</span> <span class='ocrx_word' id='word_1_316' title='bbox 854 2683 895 2721; x_wconf 87' lang='lat' dir='ltr'>et</span> <span class='ocrx_word' id='word_1_317' title='bbox 927 2679 1186 2721; x_wconf 87' lang='lat' dir='ltr'>difficillimis</span> <span class='ocrx_word' id='word_1_318' title='bbox 1220 2681 1431 2728; x_wconf 82' lang='lat' dir='ltr'>versatur,</span> <span class='ocrx_word' id='word_1_319' title='bbox 1472 2679 1514 2719; x_wconf 91' lang='lat' dir='ltr'>in</span> <span class='ocrx_word' id='word_1_320' title='bbox 1547 2691 1634 2720; x_wconf 89' lang='lat' dir='ltr'>una</span> <span class='ocrx_word' id='word_1_321' title='bbox 1666 2678 1811 2731; x_wconf 84' lang='lat' dir='ltr'>aliqua</span> 
     </span>
    </p>
   </div>
   <div class='ocr_carea' id='block_1_3' title="bbox 253 2838 1811 2944">
    <p class='ocr_par' dir='ltr' id='par_1_6' title="bbox 253 2838 1811 2944">
     <span class='ocr_line' id='line_1_37' title="bbox 253 2838 1811 2886; baseline -0.001 -10"><span class='ocrx_word' id='word_1_322' title='bbox 253 2841 283 2885; x_wconf 84' lang='lat'>¹)</span> <span class='ocrx_word' id='word_1_323' title='bbox 309 2842 329 2885; x_wconf 66' lang='grc' dir='ltr'><strong>ἓ</strong></span> <span class='ocrx_word' id='word_1_324' title='bbox 357 2842 400 2876; x_wconf 83' lang='lat'>13</span> <span class='ocrx_word' id='word_1_325' title='bbox 426 2844 529 2877; x_wconf 78' lang='lat' dir='ltr'>scrib.</span> <span class='ocrx_word' id='word_1_326' title='bbox 558 2854 640 2878; x_wconf 76' lang='lat' dir='ltr'>cuni</span> <span class='ocrx_word' id='word_1_327' title='bbox 673 2844 700 2877; x_wconf 92' lang='lat' dir='ltr'>E</span> <span class='ocrx_word' id='word_1_328' title='bbox 732 2846 892 2878; x_wconf 72' lang='lat' dir='ltr'>scientem</span> <span class='ocrx_word' id='word_1_329' title='bbox 929 2862 971 2866; x_wconf 90' lang='lat'>—</span> <span class='ocrx_word' id='word_1_330' title='bbox 1005 2846 1224 2883; x_wconf 57' lang='lat' dir='ltr'>v&#39;nsoz&#39;entenu</span> <span class='ocrx_word' id='word_1_331' title='bbox 1264 2843 1370 2886; x_wconf 80' lang='lat' dir='ltr'>vulgo</span> <span class='ocrx_word' id='word_1_332' title='bbox 1402 2842 1544 2876; x_wconf 83' lang='lat' dir='ltr'>inverso</span> <span class='ocrx_word' id='word_1_333' title='bbox 1576 2841 1701 2876; x_wconf 85' lang='lat' dir='ltr'>ordine</span> <span class='ocrx_word' id='word_1_334' title='bbox 1735 2838 1811 2882; x_wconf 82' lang='lat' dir='ltr'>(eti-</span> 
     </span>
     <span class='ocr_line' id='line_1_38' title="bbox 309 2902 447 2944; baseline 0 -8"><span class='ocrx_word' id='word_1_335' title='bbox 309 2913 369 2936; x_wconf 88' lang='lat' dir='ltr'>am</span> <span class='ocrx_word' id='word_1_336' title='bbox 396 2902 447 2944; x_wconf 84' lang='lat' dir='ltr'>P).</span> 
     </span>
    </p>
   </div>
  </div>
 </body>
</html>
