1915 3235
817 98 901 140 659

70 230 174 271 stico
217 229 359 270 decori
400 240 567 269 nocere.
629 228 748 269 Itane
781 229 911 269 vero?
958 226 1067 277 Quia
1108 239 1176 268 res
1218 227 1437 268 familiaris
1471 226 1643 281 perdita

71 299 267 341 dedecori
300 301 375 348 est,
409 299 504 339 ideo
536 298 629 351 ipsa
661 311 729 339 res
762 298 983 339 familiaris
1015 297 1075 338 sic
1105 299 1247 350 potest
1278 297 1462 338 dedecus
1494 297 1642 350 appel-

69 370 159 420 lari,
192 371 252 419 ut,
286 369 400 422 quod
433 371 581 410 contra
613 382 709 410 eam
742 367 801 422 (oz
835 369 891 410 ad
923 381 1032 417 eam,
1077 369 1286 420 quatenus
1318 367 1403 408 ulla
1435 369 1510 417 est,
1543 380 1641 420 per-

69 438 273 492 dendam)
311 439 399 489 fiat,
440 439 483 480 id
523 442 671 480 contra
710 438 895 480 dedecus
927 438 1103 479 alicuius
1133 437 1224 478 fieri
1256 438 1448 479 dicatur?
1494 437 1642 490 Itaque

68 511 183 563 quod
228 523 369 551 mores
416 510 641 562 depravati
689 509 883 562 dignitati
929 508 1106 557 obsunt,
1155 508 1227 561 qui
1272 508 1494 549 inhoneste
1541 507 1640 560 agit,

65 581 245 634 posthac
275 578 362 621 11011
394 580 660 633 dignitatem,
701 580 778 621 sed
815 579 1089 632 ignominiam
1121 591 1245 619 suam
1276 578 1432 619 laedere
1464 579 1640 619 dicetur.

66 652 117 692 Et
161 651 279 692 cuius
321 650 505 692 hominis
547 663 615 691 res
657 663 771 691 nunc
811 648 989 703 perditae
1030 651 1261 702 turpesque
1299 651 1410 699 sunt,
1459 649 1491 689 is
1538 648 1642 689 nihil

64 721 222 774 poterit
253 720 347 771 dici,
397 721 499 761 dum
541 720 655 761 hunc
695 723 855 762 statum
888 720 1088 769 efficeret,
1136 721 1284 760 contra
1314 732 1404 760 rem
1438 722 1480 760 et
1511 719 1640 760 decus

65 804 190 832 suum
229 791 392 832 fecisse.
470 791 639 832 Scilicet
684 791 765 832 hoc
811 789 1119 843 interpretandi
1165 802 1298 842 genus
1344 789 1388 830 in
1432 789 1503 830 illa
1549 790 1640 830 arte

63 861 203 903 locum
235 863 365 912 tenet,
399 874 494 914 quae
527 861 671 902 subita
706 864 747 902 et
778 861 944 903 occulta
974 872 1119 901 rerum
1149 859 1465 912 permutatione
1495 858 1640 900 oculos

64 932 220 985 decipit
252 931 491 985 (escdmoter
523 932 630 973 Galli
664 930 840 984 dicunt).
887 931 998 971 Nam
1030 930 1218 971 Klotzius
1249 930 1295 970 in
1326 929 1499 970 dedecus
1520 942 1640 970 suum

63 1003 207 1044 vertit:
240 1015 375 1056 gegen
408 1003 498 1044 sich
530 1002 619 1043 und
650 1015 785 1055 gegen
816 1002 933 1043 seine
963 1000 1168 1042 ohnedies
1193 998 1239 1053 (2)
1265 1000 1511 1041 schlechten
1536 999 1640 1041 oder

62 1073 268 1114 vielmehr
299 1073 623 1126 schimpflichen
651 1071 903 1114 hauslichen
923 1070 1333 1124 Angelegenheiten;
1366 1072 1422 1121 at,
1455 1083 1480 1112 0
1511 1069 1637 1120 bone,

61 1143 104 1184 in
136 1144 296 1185 Latinis
328 1143 433 1184 nihil
466 1146 531 1185 est
562 1143 662 1184 nisi:
693 1156 820 1197 969611
851 1142 960 1182 scine
991 1139 1194 1182 Sclzande.
1255 1141 1405 1194 Itaque
1436 1141 1518 1182 hac
1546 1142 1638 1182 arte

62 1215 192 1256 etiam
223 1215 267 1255 in
298 1215 491 1255 oratione
523 1214 662 1267 prima
695 1211 942 1254 Catilinaria
973 1210 996 1263 ἕ
1032 1211 1084 1252 13
1117 1211 1380 1252 defenditur:
1415 1210 1522 1266 quod
1544 1211 1637 1264 pri-

61 1289 254 1325 vatarum
285 1298 427 1325 rerum
459 1285 633 1326 dedecus
663 1297 745 1325 non
775 1282 903 1324 liceret
932 1282 1156 1335 infamiae?

177 1356 224 1396 In
256 1357 448 1397 oratione
479 1369 557 1409 pro
588 1355 744 1396 Roscio
775 1352 979 1394 Amerino
1012 1351 1035 1404 ἓ
1067 1353 1123 1394 30
1153 1354 1197 1394 in
1239 1339 1454 1394 codicibus
1487 1351 1636 1392 scribi-

61 1430 147 1467 tur:
196 1427 267 1481 qui
310 1426 434 1467 libere
475 1426 600 1478 dicut,
648 1426 719 1480 qui
759 1438 850 1464 cum
890 1422 973 1476 fide
1012 1423 1224 1476 defendat,
1270 1423 1317 1463 id
1347 1422 1454 1476 quod
1483 1423 1529 1462 in
1559 1421 1637 1462 huc

60 1509 187 1537 causa
234 1501 290 1537 est
335 1498 450 1548 311113,
498 1496 691 1551 quoniam
739 1494 903 1549 quidem
948 1494 1119 1547 suscepi,
1165 1507 1248 1534 11011
1293 1493 1402 1533 deest
1434 1491 1634 1546 profecto,

59 1566 228 1607 iudices.
291 1566 346 1607 Et
374 1567 557 1620 forsitan
587 1567 633 1606 in
664 1564 930 1618 suscipienda
961 1577 1089 1604 causa
1127 1568 1274 1604 temere
1303 1563 1506 1616 impulsus
1537 1561 1635 1602 ado-

60 1637 252 1677 lescentia
280 1636 451 1689 fecerim
458 1651 475 1689 ,-
521 1637 714 1691 quoniam
753 1634 916 1690 quidem
956 1633 1077 1674 semel
1114 1633 1284 1687 suscepi,
1332 1633 1422 1674 licet
1451 1632 1636 1674 hercules

58 1707 240 1762 undique
286 1721 422 1748 omnes
469 1707 510 1747 in
556 1719 619 1746 me
664 1710 841 1746 terrores
871 1704 1140 1758 periculaque
1178 1703 1443 1757 impendeant
1480 1703 1633 1755 omnia,

59 1791 299 1818 succurram
337 1782 456 1832 1119116
493 1776 645 1817 subibo.
709 1775 848 1816 Verba
894 1775 987 1815 haec
1035 1774 1225 1828 91101110111
1276 1773 1440 1828 quidem
1477 1773 1635 1826 suscepi

58 1849 198 1900 priore
230 1848 321 1889 loco
353 1847 643 1900 Heusingerus
675 1847 838 1898 primus
870 1844 1076 1885 intellexit
1107 1841 1219 1885 male
1242 1856 1294 1884 ex
1313 1843 1512 1884 inferiore
1540 1843 1632 1884 loco

58 1918 204 1959 addita
237 1931 352 1974 esse3
390 1904 537 1970 'neque
579 1916 808 1975 quicquam
852 1915 1008 1956 certius
1050 1927 1143 1955 esse
1183 1915 1338 1966 potest.
1400 1913 1509 1954 Nam
1551 1912 1632 1954 hoc

58 1989 252 2044 quoniam
294 1988 456 2043 quidem
497 1987 671 2040 suscepi,
719 1986 812 2038 ipsa
855 1984 1065 2038 particula
1106 1984 1270 2038 quidem
1313 1982 1420 2036 (sive
1461 1982 1632 2024 additur

57 2059 177 2100 semel
206 2059 296 2100 sive
327 2072 412 2099 non
444 2055 633 2109 additur)
677 2056 835 2096 flexum
879 2056 1101 2096 sententiae
1143 2057 1185 2096 et
1226 2054 1430 2096 orationis
1471 2052 1630 2106 signifi-

59 2131 181 2170 cante
213 2142 308 2170 cum
342 2129 483 2181 aliquo
514 2128 717 2181 pondere,
750 2126 934 2166 refertur
966 2125 1020 2165 ad
1049 2124 1309 2166 contrariam
1331 2123 1629 2177 cogitationem

56 2213 142 2241 non
172 2199 428 2252 suscipiendi
460 2211 510 2239 ac
542 2196 797 2238 declinandi.
859 2196 1006 2247 Itaque
1045 2195 1242 2236 inferiore
1285 2194 1376 2235 loco
1407 2196 1521 2235 recte
1551 2207 1629 2247 po-

56 2270 182 2320 nitur,
229 2270 446 2322 superiore
486 2281 572 2309 non
614 2267 752 2308 solum
794 2266 897 2307 nihil
940 2266 1038 2318 agit,
1086 2265 1162 2306 sed
1203 2264 1389 2317 primum
1420 2264 1513 2305 haee
1545 2263 1628 2305 duo

57 2340 240 2393 graviter
270 2341 380 2380 inter
411 2352 456 2380 se
487 2339 645 2379 relata:
670 2338 845 2391 patroni
876 2336 1032 2385 desunt,
1066 2336 1136 2390 qui
1159 2334 1283 2375 libere
1305 2334 1516 2387 defendat,
1547 2347 1629 2375 11011

56 2410 164 2451 deest
208 2409 413 2452 obscurat
457 2408 593 2449 inutili
642 2409 684 2448 et
729 2408 882 2460 ignavo
930 2406 1241 2455 additamento,
1291 2404 1444 2445 deinde
1489 2404 1628 2457 ipsam

56 2480 383 2521 affirmationem
414 2479 591 2520 ridicula
623 2477 859 2518 adiectione
892 2477 1054 2525 onerat,
1097 2475 1218 2528 quasi
1250 2474 1385 2516 dicas:
1433 2475 1626 2529 quoniam

57 2550 184 2601 adest,
230 2563 312 2590 non
349 2549 468 2600 deest,
516 2550 733 2601 postremo
774 2546 1125 2599 significationem
1157 2545 1461 2586 alienissimam
1493 2544 1625 2585 habet

55 2620 98 2661 in
128 2620 336 2673 particula
367 2619 542 2674 quidem,
576 2631 671 2671 quae
704 2630 914 2669 nusquam
946 2615 1093 2656 referri
1117 2618 1270 2668 potest.
1283 2612 1315 2668 l)
1363 2615 1447 2656 Sed
1470 2615 1622 2656 horum

92 2782 122 2825 ³)
145 2784 270 2827 Itaque
295 2783 446 2817 Orellius
471 2782 599 2816 saltem
624 2779 731 2814 scribi
758 2779 922 2814 debuisse
947 2778 1012 2813 ait:
1039 2780 1206 2822 quoniam
1230 2779 1370 2822 quidem
1395 2788 1454 2820 690
1473 2778 1618 2820 suscepi.

148 2842 280 2876 Verum
306 2841 341 2875 id
366 2851 508 2885 quoque
534 2839 642 2873 aliam
668 2837 963 2882 significationem
989 2847 1060 2871 non
1085 2836 1204 2871 minus
1230 2846 1436 2880 perversam
1459 2835 1617 2875 haberet,

1276 2894 1340 2928 42*

1649 2134 1699 2160 324
