1915 3235
832 99 918 140 315

77 228 210 268 utitur
242 227 452 277 absolute,
490 227 644 268 deinde
677 228 732 268 ad
766 228 1026 280 explendam
1057 227 1458 280 interpretationem
1493 239 1671 267 accusa-n

77 299 212 339 tivum
246 298 378 348 addit,
411 310 498 338 non
529 298 681 347 solum,
714 300 762 339 ut
793 300 919 350 putat
949 298 1155 339 Ruddim.
1181 298 1217 338 II
1249 311 1291 350 p.
1316 296 1414 347 254,
1449 297 1578 338 Tusc.
1604 297 1671 347 ΙΙΙ,

78 368 103 409 9
137 367 182 420 (α
213 369 339 409 nimis
373 367 569 409 intuendo
599 368 818 420 fortunam
859 366 1064 420 alterius),
1105 368 1183 409 sed
1222 367 1353 408 etiam
1394 368 1446 408 de
1480 368 1607 420 Legg.
1641 368 1670 415 Ι,

78 438 123 479 6:
158 452 184 478 (ι
215 452 336 479 suum
368 440 511 493 cuique
534 438 765 489 tribuendo,
800 453 906 492 quos
930 440 1045 481 locos
1072 438 1251 480 diversis
1275 438 1488 479 immiscet
1511 439 1671 480 Rams-

77 509 253 550 hornius
286 523 328 562 p.
362 510 446 550 648
481 511 523 550 et
555 509 639 550 649
673 508 928 562 (incredibili
968 522 1092 562 paene
1138 522 1282 550 errore
1325 509 1490 549 addens
1534 509 1588 550 de
1619 509 1670 549 N.

77 579 126 620 D.
159 579 208 629 ΙΙ,
242 578 330 632 25).
392 579 521 621 Ratio
555 582 706 632 aperta
739 582 824 629 est;
856 593 943 622 non
976 581 1031 621 ab
1067 579 1269 620 intuenda
1298 579 1477 632 fortuna
1509 580 1670 620 dictam

79 650 296 700 invidiam,
344 653 553 703 tanquam
602 653 834 703 utrumque
881 652 936 692 sit
973 651 1017 691 in
1049 651 1194 699 verbo,
1244 650 1320 691 sed
1368 650 1423 691 ab
1472 650 1671 691 intuendo

77 723 220 772 putat;
260 720 303 761 id
344 723 489 762 autem
531 721 681 772 referri
715 721 769 762 ad
802 722 1021 763 fortunam
1055 718 1291 773 alteriusl)
1353 721 1517 762 Deinde
1558 723 1670 762 exci-

77 790 234 842 pienda
268 794 332 832 est
364 793 456 844 ipsa
489 792 582 833 haec
614 792 895 845 proverbialis
927 793 1083 834 locutio
1106 805 1230 845 paene
1255 792 1299 832 in
1321 805 1455 833 unum
1480 793 1670 833 vocabu—

78 860 166 901 lum
200 862 385 903 conssata
416 877 537 904 smmi
569 864 713 918 cuique
745 863 927 904 tribuere
959 862 1030 916 (de
1064 862 1186 903 Offic.
1220 863 1249 911 Ι,
1284 862 1326 913 5,
1372 861 1463 915 15):
1512 864 1557 903 in
1597 863 1670 903 leo-

78 932 236 972 minum
281 933 471 974 societate
517 933 671 974 tuenda
719 933 1015 989 tribuendoque
1062 947 1182 974 suzam
1221 934 1378 987 auique,
1428 932 1567 986 [Brut.
1601 935 1669 983 21,

79 1003 154 1051 853
203 1003 277 1044 cfr.
312 1004 440 1045 Tusc.
474 1005 503 1053 Ι,
548 1004 618 1053 43,
664 1005 766 1045 102:
815 1004 865 1044 de
902 1004 1011 1044 *nilwssl
1049 1000 1360 1056 sentiendopfl)
1422 1004 1572 1057 Itaque
1605 1005 1672 1045 vel

77 1078 255 1126 propter
286 1074 397 1116 hanc
430 1088 606 1116 causam
640 1075 842 1116 vitiosum
876 1078 981 1125 erat,
1015 1075 1131 1128 quod
1164 1089 1217 1116 ex
1249 1077 1357 1116 orat.
1391 1088 1469 1127 pro
1494 1075 1604 1116 Sest.
1634 1077 1670 1124 1,

78 1145 104 1185 2
137 1146 349 1186 bonorum
384 1146 578 1187 codicum
619 1147 874 1187 auctoritate
919 1148 961 1187 et
1003 1147 1058 1187 ob
1104 1146 1329 1187 historiam
1369 1159 1483 1186 nunc
1524 1146 1674 1198 expul-

78 1228 172 1256 sum
207 1218 284 1266 est,
334 1230 467 1269 quum
509 1220 624 1258 esset
663 1230 688 1258 a
727 1216 895 1257 Graevio
936 1217 991 1258 ob
1032 1217 1295 1269 singularem
1330 1216 1590 1269 elegantiam
1624 1230 1674 1256 ex

79 1285 248 1327 duobus
295 1287 601 1329 recentissimis
650 1288 934 1340 pessimisque
982 1287 1100 1328 libris
1148 1290 1391 1340 receptum,
1449 1300 1473 1327 a.
1523 1287 1674 1328 ceteris

79 1360 385 1410 propagatum:
436 1360 479 1399 in
527 1358 704 1413 agendis
748 1360 902 1413 {statiis
949 1358 1385 1413 commemorandoque
1433 1371 1572 1397 eorum
1620 1381 1674 1385 ——

80 1417 286 1480 beneficia,
321 1429 437 1481 quod
469 1429 731 1479 Wunderus,
772 1429 887 1470 acuti
920 1431 962 1470 et
994 1429 1099 1469 recti
1132 1429 1275 1469 iudicii
1308 1429 1452 1477 homo,
1495 1441 1546 1469 ea
1579 1430 1675 1469 tan-

78 1500 170 1539 tum
203 1499 368 1541 ratione
402 1501 625 1553 arguebat,
675 1500 791 1553 quod
833 1501 888 1541 ab
934 1500 1085 1541 eadem
1130 1500 1434 1553 praepositione
1468 1501 1509 1540 et
1540 1500 1676 1551 parti-

80 1570 238 1622 cipium
277 1573 320 1611 et
366 1571 622 1624 gerundium
672 1584 769 1612 cum
819 1572 1065 1612 accusativo
1112 1571 1302 1624 pendere
1350 1583 1437 1611 non
1483 1573 1676 1622 possent.

79 1640 168 1681 Nec
200 1641 340 1682 minus
374 1642 573 1683 vitiosum
610 1645 675 1683 est
708 1643 824 1695 apud
851 1643 1015 1683 Livium
1043 1642 1174 1691 XXX.
1212 1642 1278 1691 13,
1313 1641 1338 1681 9
1366 1642 1408 1681 in
1433 1641 1678 1695 alloquendo

80 1711 284 1757 νὶσέονεφη,
334 1725 583 1765 quanquam
629 1713 688 1753 ibi
730 1714 774 1754 in
817 1713 1012 1766 pluribus
1057 1713 1180 1754 codd.
1214 1726 1253 1752 m
1297 1712 1481 1753 adhaesit
1525 1725 1576 1753 ex
1610 1725 1677 1753 se-

81 1782 228 1833 quenti
260 1782 402 1824 littera
435 1780 522 1835 n.³)

119 1921 146 1965 ¹)
174 1922 324 1966 [Eodem
353 1926 460 1959 modo
488 1925 576 1959 dixit
603 1926 729 1959 Festus
756 1936 782 1958 S.
810 1936 842 1958 v.
869 1935 991 1958 occare
1016 1935 1049 1967 p.
1076 1923 1141 1956 181
1168 1924 1230 1957 Μ.;
1258 1924 1302 1957 αῖ)
1327 1926 1530 1958 oecoecando
1554 1926 1680 1968 fruyes

176 1989 287 2024 satas,
320 1995 365 2018 ne
397 1985 552 2019 Paulum
588 1995 870 2018 commemorem
899 1995 931 2027 p.
960 1982 1027 2015 115
1055 1987 1089 2017 et
1117 1981 1184 2015 116
1210 1982 1271 2016 M.:
1306 1984 1349 2016 ab
1383 1984 1569 2017 alliciendo
1596 1985 1678 2017 ado-

177 2044 398 2085 lescentulos,
439 2056 461 2078 α
493 2045 694 2087 leym-sendo
729 2049 919 2087 quoestzcm,
958 2054 1023 2076 nec
1064 2046 1187 2076 tamen
1223 2053 1456 2076 communem
1491 2042 1680 2086 gerundivi

1691 589 1743 614 389

178 2101 332 2136 formam
360 2103 482 2137 Cicero
516 2103 551 2136 in
586 2102 810 2146 etymologiis
844 2101 1045 2135 indicandis
1077 2101 1205 2135 vitavit
1238 2100 1398 2145 dixitque
1431 2101 1475 2134 de
1501 2101 1540 2134 N.
1568 2101 1608 2135 D.
1636 2101 1680 2142 ΙΙ,
1719 2123 1722 2126 -

178 2159 234 2201 26,
267 2161 311 2193 67
338 2174 360 2195 α
384 2164 550 2205 {serendis
573 2162 744 2205 free-qibus
774 2162 893 2197 Cere-53
933 2161 1013 2194 add.
1042 2161 1086 2194 de
1112 2161 1200 2204 Rep.
1228 2160 1271 2200 II,
1298 2159 1353 2200 22,
1387 2159 1443 2200 40,
1479 2160 1679 2203 eodemque

179 2221 285 2254 modo
313 2221 424 2255 Varro
451 2221 593 2255 locutus
621 2224 674 2254 est
703 2221 740 2254 L.
768 2221 806 2255 L.
834 2220 908 2257 VII,
935 2219 991 2260 44,
1020 2220 1110 2260 VIII,
1139 2217 1210 2261 GL]

122 2276 148 2318 ²)
176 2277 452 2323 [Excipiendum
492 2284 545 2314 est
584 2280 693 2314 etiam
733 2282 903 2312 neutrum
942 2279 1201 2322 pronominum
1240 2278 1276 2311 in
1310 2278 1519 2311 huiusmodi
1552 2277 1680 2319 fornia,

178 2338 294 2381 qualis
321 2342 374 2372 est
401 2339 497 2383 apud
524 2339 593 2373 Cic.
624 2339 722 2373 Orat.
749 2337 805 2378 ⁶26,
832 2337 896 2370 87:
932 2339 968 2371 in
995 2339 1182 2371 narrando
1209 2338 1348 2381 aliquid
1374 2342 1532 2377 venusta
1569 2348 1680 2380 quan-

178 2407 287 2440 quam
314 2397 381 2431 hoc
408 2409 529 2432 rarum
559 2401 622 2432 est.
669 2397 849 2441 Singulari
878 2397 984 2430 modo
1011 2396 1100 2430 dixit
1127 2396 1373 2439 Quintilianus
1400 2396 1485 2429 Inst.
1513 2396 1555 2436 II,
1583 2395 1615 2436 2,
1644 2395 1679 2428 7:

181 2458 216 2490 in
242 2459 471 2501 emendando,
498 2469 576 2501 quoe
602 2458 815 2500 cori-menda
841 2462 945 2490 erunt
971 2467 1035 2500 pro
1062 2458 1099 2489 in
1119 2457 1349 2489 emendandis
1377 2456 1431 2498 iis,
1459 2466 1537 2498 quoe
1565 2473 1618 2496 —,
1647 2458 1681 2488 et

178 2516 219 2554 X,
248 2515 278 2556 1,
305 2514 377 2559 84]

121 2571 148 2616 3)
176 2573 359 2617 [Poteram
397 2575 455 2609 hic
493 2575 625 2609 menda
664 2576 832 2618 quaedam
866 2575 1075 2608 etiamnunc
1108 2574 1204 2617 apud
1237 2572 1429 2616 scriptores
1461 2583 1586 2616 sparsa
1618 2575 1681 2605 aut

180 2634 373 2668 emendare
401 2638 463 2668 aut
489 2638 625 2675 notare,
653 2634 753 2668 velut
779 2633 875 2677 apud
903 2633 1169 2676 Quintilianum
1187 2633 1213 2673 Ι,
1242 2631 1271 2673 7,
1302 2631 1320 2664 7
1348 2629 1424 2673 (ubi
1449 2631 1681 2665 scribendum

180 2695 250 2725 est:
278 2694 394 2736 quoeri
418 2694 502 2727 solet
527 2695 566 2726 in
585 2693 781 2735 scribendo,
801 2694 1078 2736 prcepositae'ones
1103 2703 1231 2726 sonum
1257 2717 1406 2725 .....
1433 2701 1576 2724 servare
1602 2701 1682 2723 con-

179 2750 322 2792 ’Νη-ἰαί),
362 2751 443 2786 Sen.
477 2752 520 2786 de
552 2752 677 2786 Benef.
705 2752 747 2792 II,
782 2750 835 2791 18,
872 2750 890 2783 7
924 2749 999 2793 (ubi
1034 2751 1230 2785 delendum
1263 2748 1331 2792 in),
1373 2749 1505 2791 Quaest.
1533 2748 1611 2781 Nat.
1639 2748 1681 2788 ΙΙ,

180 2808 236 2849 21,
267 2809 301 2851 4,
334 2811 396 2843 sed
429 2810 513 2844 nolo
546 2810 681 2844 diutius
714 2809 846 2844 morari
886 2809 922 2843 in
960 2821 1009 2851 re,
1048 2821 1129 2854 quae
1166 2820 1263 2843 nunc
1302 2807 1584 2843 controversiam
1626 2806 1682 2840 vix

180 2868 323 2902 habeat.
386 2869 493 2913 Apud
532 2869 732 2902 Varronem
770 2868 812 2902 R.
838 2868 880 2902 R.
907 2868 972 2910 III,
1012 2868 1049 2909 9,
1088 2879 1197 2913 quem
1234 2871 1343 2902 antea
1381 2877 1604 2910 exceperam,
1645 2868 1681 2899 in

180 2929 409 2970 supponendo
435 2927 600 2962 absolute
626 2927 766 2969 dicitur,
793 2939 859 2962 ova
885 2927 1109 2962 nominativo
1137 2938 1223 2961 casu
1249 2926 1501 2971 accipiendum
1528 2923 1609 2967 est.]
