1915 3235
816 112 902 168 465

179 240 287 281 Illud
319 242 388 281 vix
423 242 831 283 commemoratione
864 242 1040 295 dignum
1073 245 1198 293 esset,
1248 256 1334 284 uno
1372 243 1514 284 Plauti
1557 244 1649 285 loco

60 311 104 351 in
146 324 272 352 versu
314 311 542 352 subditicio
585 312 667 365 legi
710 313 902 353 horribili
941 313 1233 355 barbarismo:
1282 328 1332 354 ow
1379 319 1423 354 ut
1471 328 1647 364 cmmsso,

60 382 141 422 nisi
172 381 215 422 id
248 386 456 434 tanquam
487 382 673 434 probum
697 383 882 424 editores
906 383 1033 436 vulgo
1057 384 1450 436 praetermitterent.
1500 385 1650 426 Editur

61 452 173 492 enim
205 452 248 492 in
281 452 449 493 Casinae
482 465 611 494 scena
644 456 838 494 extrema
871 454 927 494 22
959 467 1052 507 sqq.

177 557 220 598 Si
267 571 457 610 unquam
505 559 686 611 posthac
742 562 816 600 aut
863 573 1034 601 amasso
1083 560 1284 601 Casinam
1340 563 1415 601 aut
1468 574 1649 613 occepso

1386 631 1528 679 modo,

174 700 237 740 Ne
280 703 327 740 ut
369 712 465 740 eam
512 713 704 741 amasso:
753 700 788 740 si
835 713 912 753 ego
955 713 1147 754 unquam
1191 701 1300 742 adeo
1339 703 1520 754 posthac
1564 703 1649 743 tale

1277 773 1527 821 admissero,

173 841 300 882 Nulla
344 854 475 882 causa
520 844 595 890 est,
642 841 744 894 quin
786 842 1047 894 pendentem
1090 855 1172 892 me,
1216 856 1336 891 uxor,
1382 843 1509 895 virgis
1551 856 1648 884 ver-

1388 914 1527 955 heres.

56 1018 278 1060 Secundus
311 1031 459 1059 versus
494 1017 815 1071 ignavissimam
847 1017 981 1058 habet
1005 1018 1236 1070 superioris
1261 1021 1488 1061 sententiae
1522 1033 1646 1073 repe-

54 1088 249 1129 titionem
282 1092 325 1129 et
355 1092 513 1142 praeter
546 1089 601 1138 id,
644 1089 759 1141 quod
798 1089 883 1129 iam
924 1087 1022 1137 dixi,
1072 1088 1256 1130 alterum
1296 1096 1509 1142 praeterea
1549 1104 1647 1132 ora-

55 1159 181 1200 tionis
214 1160 379 1201 vitium.
427 1160 538 1201 Nam
571 1174 621 1200 726
652 1173 731 1212 pro
763 1158 915 1200 nedum
948 1158 1186 1200 Gronovius
1211 1160 1312 1212 poni
1338 1161 1439 1211 vult,
1474 1166 1519 1202 ut
1542 1161 1647 1202 nihil

55 1242 229 1279 curans3
263 1243 412 1271 verum
447 1231 748 1283 requirebatur
779 1243 861 1270 non
894 1229 1032 1278 moden
1065 1229 1217 1270 nedum
1250 1231 1522 1284 subiungitur
1549 1245 1647 1273 sen-

53 1301 198 1341 tentiae
231 1300 567 1342 affirmationem
600 1304 673 1342 aut
706 1301 979 1353 negationem
1011 1299 1202 1351 habenti,
1244 1304 1291 1342 ut
1331 1315 1382 1343 ea
1415 1307 1645 1356 augeatur,

54 1371 303 1421 condicioni,
352 1374 399 1412 ut
442 1385 493 1412 ea
535 1372 717 1424 amplioJ
760 1373 801 1412 et
839 1371 976 1412 laxior
1014 1371 1102 1421 fiat,
1152 1385 1390 1424 nunquam.
1453 1374 1522 1414 Ad
1554 1374 1645 1415 haec

54 1455 185 1494 quum
231 1442 421 1491 accedat,
470 1445 518 1483 ut
560 1456 709 1484 versus
748 1443 791 1482 in
834 1441 978 1483 codice
1011 1442 1208 1484 Palatino
1248 1446 1403 1496 quarto
1436 1447 1645 1497 tanquam

53 1513 222 1564 spurius
255 1515 440 1562 notetur,
475 1513 577 1565 quid
611 1513 859 1554 dubitamus
885 1511 1116 1553 Gruterum
1148 1514 1270 1566 sequi
1304 1516 1346 1555 et
1369 1514 1644 1565 Brunckium,

54 1583 125 1636 qui
179 1584 222 1624 in
277 1583 461 1625 editione
518 1584 747 1637 Bipontina
801 1583 990 1624 secunda
1037 1583 1247 1624 insulsum
1296 1584 1643 1628 additamentum

53 1654 253 1695 sustulit?

169 1725 399 1777 Vulgarem
433 1724 565 1766 futuri
598 1725 736 1766 exacti
770 1725 954 1766 formam
987 1727 1127 1766 ortam
1161 1738 1253 1766 esse
1286 1729 1408 1778 patet
1440 1728 1644 1770 adiuncto

52 1795 107 1836 ad
140 1795 330 1836 radicem
362 1797 405 1836 in
447 1797 626 1848 perfecti
670 1797 854 1837 formam
897 1809 1149 1836 conversam
1192 1796 1337 1838 futuro
1381 1798 1501 1838 verbi
1544 1799 1644 1839 sub-

51 1867 225 1907 stantivi
266 1865 358 1918 (cfr.
392 1880 432 1919 p.
468 1867 520 1907 67
557 1869 598 1908 et
630 1881 670 1920 p.
706 1867 760 1908 68
792 1864 913 1919 not.).
977 1866 1127 1918 Itaque
1167 1880 1301 1919 quum
1341 1871 1518 1921 propter
1559 1870 1643 1910 ori-

51 1937 192 1990 ginem
225 1937 582 1989 significationem
613 1938 797 1979 haberet
828 1951 879 1978 ex
911 1937 1130 1989 praeterito
1175 1940 1217 1978 et
1259 1938 1404 1979 futuro
1446 1939 1641 1988 mixtam,

51 2007 112 2048 rei
143 2007 186 2047 in
218 2007 362 2048 futuro
394 2008 639 2060 praeteritae,
673 2009 861 2061 primum
894 2008 1081 2060 quidem,
1124 2008 1240 2060 quod
1273 2012 1315 2049 et
1347 2008 1644 2061 frequentissi—

51 2091 170 2118 mum
204 2081 269 2118 est
301 2083 344 2118 et
376 2078 529 2119 formae
560 2078 772 2131 fingendae
815 2078 905 2118 sine
948 2078 1079 2119 dubio
1123 2091 1297 2119 causam
1345 2079 1543 2131 praebuit,
1594 2093 1645 2121 ea

50 2148 285 2190 utebantur
317 2150 360 2189 in
393 2149 576 2190 duarum
611 2150 827 2190 actionum
868 2149 1111 2190 futurarum
1146 2150 1555 2191 commemoratione
1589 2151 1645 2191 ad

53 2232 149 2260 eam
181 2220 469 2270 indicandam,
515 2233 600 2272 qua
641 2220 816 2260 demum
848 2219 1041 2272 perfecta
1073 2220 1209 2261 altera
1241 2220 1386 2261 futura
1419 2223 1543 2271 esset,
1591 2221 1644 2262 de

52 2304 135 2343 quo
168 2303 323 2343 genere
355 2291 458 2331 nihil
492 2293 557 2331 est
587 2291 669 2332 hoc
700 2291 792 2332 loco
826 2290 1068 2331 dicendum.
1132 2291 1218 2331 Sed
1249 2292 1394 2332 nescio
1427 2292 1643 2344 quomodo

53 2361 334 2414 grammatici,
384 2361 487 2401 dum
531 2361 586 2402 ad
617 2361 729 2402 hanc
761 2361 898 2402 solam
933 2361 1276 2402 coniunctionem
1309 2362 1551 2413 attendunt,
1600 2363 1645 2403 in

52 2444 137 2483 qua
169 2431 424 2472 secundaria
456 2433 669 2473 sententia
702 2432 894 2472 futurum
934 2434 1131 2472 exactum
1165 2432 1310 2481 habet,
1354 2433 1530 2475 alterius
1564 2435 1643 2475 ob—

51 2501 313 2552 liviscuntur,
362 2502 405 2543 in
453 2515 538 2555 qua
586 2502 747 2554 aliquid
787 2501 939 2542 dicitur
981 2504 1096 2543 certo
1136 2502 1269 2544 futuri
1308 2503 1515 2557 temporis
1548 2517 1643 2545 mo-

51 2574 210 2622 mento,
261 2586 393 2625 quum
442 2573 584 2626 aliqua
631 2586 699 2613 res
746 2572 921 2624 incipiat
958 2573 1024 2612 vel
1064 2573 1195 2614 etiam
1237 2577 1472 2627 antequam
1512 2574 1642 2616 finem

51 2642 224 2692 habeat,
273 2643 519 2685 absolutum
566 2644 653 2684 iam
697 2643 801 2684 fore.
870 2643 1051 2684 Prorsus
1101 2644 1215 2684 enim
1261 2644 1449 2697 legitime
1497 2645 1641 2686 futuro

54 2716 203 2754 exacto
240 2715 374 2755 utitur
414 2715 642 2755 Terentius
674 2713 970 2754 Heautontim.
1003 2714 1070 2763 III,
1112 2715 1151 2763 3,
1194 2715 1272 2755 23:
1321 2715 1387 2755 hic
1426 2716 1554 2768 prius
1600 2729 1642 2756 se

52 2783 266 2836 indicarit,
300 2799 424 2839 qua-mv
457 2798 526 2839 eqo
552 2788 767 2838 aryentum
794 2783 974 2836 effecero,
1008 2784 1083 2824 ubi
1106 2788 1277 2837 poterat
1304 2786 1435 2827 etiam
1460 2785 1639 2838 simplex

52 2855 165 2906 poni,
215 2855 314 2907 quia
356 2855 399 2895 in
440 2855 522 2896 hac
567 2854 903 2896 conformatione
947 2853 1229 2909 (priusquam)
1270 2856 1516 2898 necessaria
1555 2869 1641 2896 non

54 2927 146 2965 erat
175 2926 237 2965 rei
270 2925 478 2967 absolutae
513 2925 776 2978 significatio,
811 2928 853 2966 et
883 2925 1067 2978 Adelph.
1086 2926 1134 2976 II,
1168 2926 1207 2977 2,
1242 2926 1319 2967 25:
1354 2926 1477 2968 Nunc
1508 2927 1546 2968 si
1568 2926 1640 2967 lm

1312 2995 1357 3029 30

1668 1104 1702 1129 82
