1915 3235
130 1258 179 1283 124

957 122 1041 163 100

203 255 381 303 dicatur,
419 266 554 294 senem
587 251 696 292 dici?
744 250 868 300 Quod
903 251 1055 292 eodem
1089 250 1180 291 loco
1213 250 1340 303 vulgo
1373 250 1513 291 editur
1546 250 1793 301 Mammeos,

201 323 497 365 recentissima
530 325 593 363 est
627 322 872 363 coniectura
905 334 1041 374 eaque
1074 320 1282 373 pessima;
1322 334 1572 374 praenomen
1605 321 1719 362 enim
1750 321 1795 362 id

203 398 280 444 est,
314 408 399 436 non
432 406 590 435 nomen
623 391 724 445 (vid.
758 391 974 432 Drakenb.
1009 391 1065 432 ad
1098 391 1187 432 Liv.
1219 392 1284 441 V„
1305 393 1342 441 1,
1376 390 1434 444 2).
1483 391 1616 434 Codd.
1643 405 1794 434 omnes

202 465 321 518 (nam
368 463 692 506 Iannoctianam
749 462 1093 503 coniecturarum
1153 462 1309 503 levium
1369 463 1629 517 farraginem
1680 463 1794 504 nihil

202 534 361 588 moror)
395 538 470 576 aut
502 534 732 575 Mammeos
763 536 839 574 aut
863 533 1064 576 Mamaos.
1112 533 1315 583 Memmii,
1350 547 1456 587 quos
1483 534 1664 576 Ursinus
1689 535 1794 575 sub-

201 607 420 655 stituebat,
454 605 620 647 nobiles
654 606 789 654 erant,
824 604 879 645 ab
913 604 995 646 hoc
1027 617 1153 657 grege
1188 604 1328 646 alieni.

320 677 364 718 C.
399 677 467 725 36,
504 677 599 717 102.
662 676 757 716 Hoc
789 676 881 717 1000
913 675 1042 728 plane
1080 675 1196 716 aliud
1229 676 1395 725 dicitur,
1436 679 1483 717 ut
1514 689 1628 716 nunc
1660 675 1795 717 verba

200 751 312 798 sunt,
361 761 488 800 quam
532 747 647 799 quod
687 746 909 788 consilium
951 746 1132 788 oratoris
1166 746 1247 787 dici
1279 747 1483 799 postulat.
1546 746 1796 800 Indignatur

201 819 313 859 enim
346 818 529 859 alterum
564 818 614 858 T.
647 817 853 858 Roscium
887 817 1183 859 testimonium
1216 818 1259 858 in
1291 818 1389 859 Sex.
1422 817 1628 859 Roscium
1653 818 1795 859 dicere

200 889 372 938 audere,
406 888 449 929 id
483 890 559 937 est,
594 888 637 928 in
670 901 748 928 sua
782 901 925 938 causa,
960 889 1075 941 quod
1108 889 1163 929 sit
1194 888 1523 941 iniquissimum.
1587 889 1795 930 Scribitur

200 963 345 1001 autem
379 960 458 1000 ita:
511 959 642 1011 Quasi
674 973 768 999 vero
802 959 846 999 id
877 974 987 1000 nmzc
1021 964 1188 1014 (φαίην,
1222 964 1377 1011 utrum,
1417 961 1453 1000 is
1485 959 1593 1015 quod
1625 959 1794 1012 dixerit,

200 1031 465 1083 eredendum.
500 1045 568 1083 an,
603 1031 711 1086 quod
740 1031 900 1084 feeerit)
934 1031 1234 1071 vindicandum
1269 1031 1335 1070 sit.
1398 1030 1493 1071 Hac
1526 1031 1665 1072 forma
1698 1044 1795 1072 ora-

198 1103 326 1144 tionis
359 1102 431 1155 qui
463 1102 609 1152 utitur,
643 1104 773 1155 negat
795 1102 838 1143 id
863 1102 944 1155 agi,
978 1103 1020 1143 in
1046 1115 1143 1155 quo,
1178 1103 1212 1142 si
1238 1104 1450 1154 ageretur,
1484 1102 1625 1143 locum
1651 1102 1796 1155 aliqua

200 1187 267 1215 res
301 1172 610 1227 (testimonium
647 1173 697 1214 T.
731 1172 893 1225 Roscii)
926 1173 1129 1222 haberet3
1178 1175 1221 1214 et
1251 1173 1332 1214 hoc
1364 1174 1424 1214 ita
1462 1176 1604 1226 negat,
1653 1175 1701 1214 ut
1738 1173 1794 1223 id,

201 1245 303 1298 quid
337 1246 463 1294 esset,
513 1247 642 1285 antea
675 1246 1061 1286 commemoratum
1096 1244 1324 1297 significet;
1372 1258 1523 1285 verum
1555 1257 1635 1285 nec
1667 1246 1797 1285 antea

199 1330 267 1358 res
300 1316 387 1358 ulla
420 1316 659 1369 significata
692 1318 769 1365 est,
803 1315 847 1356 in
879 1329 964 1369 qua
997 1315 1166 1356 admitti
1190 1315 1485 1357 testimonium
1509 1315 1614 1356 illud
1636 1317 1795 1368 posset,

201 1391 243 1429 et
273 1388 356 1429 hoc
388 1387 489 1428 dicit
521 1389 678 1436 orator,
729 1400 825 1428 eam
863 1400 955 1428 rem
997 1388 1068 1442 aqi
1107 1389 1149 1428 et
1181 1387 1447 1439 propositam
1481 1400 1587 1436 esse,
1635 1387 1679 1427 in
1711 1399 1797 1439 qua

199 1459 320 1501 testis
354 1471 447 1500 esse
479 1472 561 1499 non
600 1458 747 1511 possit.
810 1457 976 1499 Deinde
1015 1457 1058 1498 in
1097 1458 1272 1511 vulgata
1310 1458 1523 1511 scriptura
1561 1459 1691 1511 negat
1729 1457 1798 1510 agi

200 1530 388 1584 quaerive
420 1542 548 1579 0000,
589 1532 732 1570 utrum
775 1529 1038 1570 credendum
1079 1529 1146 1578 sit,
1196 1529 1311 1582 quod
1345 1529 1395 1570 T.
1428 1529 1610 1570 Roscius
1643 1527 1798 1570 dixerit

201 1601 316 1655 (Sex.
349 1601 555 1642 Roscium
588 1602 759 1653 patrem
792 1614 919 1641 suum
952 1599 1191 1652 occidisse),
1241 1613 1310 1650 an,
1360 1599 1412 1653 (si
1452 1600 1494 1641 id
1526 1613 1613 1641 non
1646 1586 1802 1640 creda-'

199 1676 281 1723 tur,
331 1673 517 1725 suspicio
551 1671 679 1712 caedis
712 1671 1015 1712 transferenda
1048 1672 1102 1712 sit
1134 1672 1176 1712 in
1209 1671 1350 1724 ipsum
1386 1671 1436 1712 T.
1468 1671 1689 1720 Roscium,
1738 1668 1797 1722 et)

201 1744 317 1798 quod
350 1743 511 1793 fecerit,
544 1742 867 1783 vindicandum.
930 1743 1123 1784 Primum
1158 1743 1192 1783 si
1225 1742 1268 1783 id
1300 1756 1386 1784 non
1419 1742 1570 1795 agitur,
1613 1755 1700 1783 non
1733 1743 1799 1782 est

200 1816 293 1857 haec
327 1815 377 1856 T.
410 1813 555 1856 Roscii
588 1827 732 1863 causa,
765 1814 870 1855 nihil
903 1814 958 1855 ad
992 1828 1091 1856 eum
1123 1814 1321 1866 pertinet,
1356 1813 1542 1866 optimus
1569 1814 1633 1854 est
1654 1811 1798 1861 testis;

201 1900 285 1939 quo
317 1886 445 1940 igitur
478 1898 529 1926 ea
560 1886 791 1938 pertinent,
826 1898 922 1938 quae
956 1885 1246 1938 disputantur,
1283 1887 1330 1925 ut
1361 1898 1459 1926 eum
1493 1897 1519 1925 a
1549 1883 1797 1924 testimonio

200 1958 243 1999 in
276 1971 355 1999 sua
388 1970 519 1998 causa
552 1956 734 1997 dicendo
769 1956 1085 1997 excludendum
1125 1969 1221 1997 esse
1253 1958 1491 2009 appareat?
1535 1968 1609 1996 cur
1650 1956 1796 1996 autem

200 2028 281 2070 hoc
313 2028 455 2081 ipsum
487 2041 573 2069 non
607 2028 674 2080 agi
707 2027 882 2068 omnino
915 2027 1097 2068 dicitur?
1130 2027 1294 2068 Deinde
1317 2027 1691 2080 perversissimum
1718 2029 1796 2075 est,

202 2099 316 2152 quod
350 2100 440 2140 eius
473 2099 719 2140 testimonio
759 2101 851 2139 tum
895 2098 1035 2139 locum
1079 2098 1273 2139 futurum
1316 2098 1446 2139 fuisse
1477 2098 1714 2150 ‘significat⁷
1763 2097 1798 2138 si

200 2171 243 2212 id
277 2172 495 2223 ageretur;
543 2183 646 2211 nam
678 2172 772 2210 tum
804 2170 871 2210 vel
904 2169 1092 2210 maxime
1125 2169 1440 2222 repudiaretur.
1503 2168 1589 2210 Sed
1622 2169 1797 2210 omnino

200 2241 243 2282 id
276 2241 344 2294 agi
376 2241 654 2282 vehementer
687 2240 834 2281 Cicero
868 2240 1088 2282 contendit
1121 2242 1162 2281 et
1194 2253 1244 2281 eo
1269 2242 1406 2281 totam
1431 2240 1671 2281 orationem
1695 2252 1797 2280 con-

201 2312 341 2362 vertit,
384 2314 433 2352 ut
464 2311 677 2360 ostendat,
719 2324 893 2352 omnem
925 2311 1127 2352 maleficii
1158 2310 1447 2363 suspicionem
1479 2310 1522 2351 in
1555 2310 1606 2351 T.
1639 2310 1797 2352 Roscio

200 2383 379 2433 haerere,
428 2385 475 2423 ut
517 2382 560 2423 id
602 2382 744 2434 ipsum
788 2383 831 2423 in
870 2382 1026 2423 iudicio
1067 2384 1274 2431 versetur7
1324 2382 1433 2422 sitne
1466 2395 1518 2422 ea
1551 2381 1642 2423 eius
1674 2381 1796 2422 testi-

202 2454 346 2495 monio
393 2453 437 2494 in
484 2453 756 2494 innocentem
805 2453 984 2494 Sextum
1032 2453 1334 2494 transferenda
1381 2466 1437 2494 an
1475 2452 1618 2506 potius
1662 2451 1796 2505 ipsius

203 2525 289 2566 Titi
322 2525 461 2566 scelus
494 2523 782 2576 puniendum;
816 2524 876 2565 ita
910 2525 960 2565 T.
986 2524 1131 2566 Roscii
1164 2524 1297 2577 ipsius
1331 2524 1398 2577 agi
1424 2537 1613 2573 causam,
1648 2536 1795 2576 quum,

203 2595 400 2636 absoluto
434 2595 576 2644 Sexto,
626 2594 921 2647 praeiudicium
969 2609 1095 2648 paene
1143 2595 1196 2636 de
1244 2608 1294 2636 eo
1334 2595 1496 2635 factum
1529 2594 1603 2643 sit3
1651 2594 1798 2646 itaque

204 2679 302 2706 eum
335 2668 489 2706 testem
523 2666 565 2705 in
598 2665 678 2706 hac
712 2678 844 2706 causa
888 2679 980 2707 esse
1012 2680 1099 2708 non
1130 2679 1272 2719 posse.
1335 2666 1477 2718 Atque
1517 2666 1610 2706 haec
1649 2665 1798 2706 certis-

203 2737 311 2778 sima
345 2739 465 2784 sunt;
512 2736 628 2777 nolui
669 2739 816 2776 tamen
854 2737 1127 2789 negationem
1162 2740 1310 2778 contra
1342 2737 1472 2777 libros
1506 2737 1666 2777 addere
1699 2735 1795 2789 (non

203 2807 248 2847 «id
280 2806 425 2857 nanze&
467 2820 716 2859 quanquam
753 2821 805 2848 ne
838 2810 1000 2860 putem,
1042 2808 1249 2860 scriptum
1283 2821 1376 2848 esse
1408 2807 1618 2860 potuisse:
1667 2807 1798 2858 Quasi

203 2892 297 2918 ‘vero
329 2878 374 2917 id
406 2892 487 2918 mm.
520 2883 685 2931 assatur.
735 2878 880 2918 obstat
919 2878 1151 2920 verborum
1190 2880 1233 2919 in
1273 2891 1323 2919 ea
1357 2879 1569 2930 scriptura
1602 2878 1796 2918 inversus

203 2949 329 2997 ordo;
362 2962 460 2989 nam
499 2963 575 2988 mm.
611 2949 655 2988 id
688 2949 768 2989 dici
803 2949 1004 2990 debebat.
