1915 3235
793 116 874 157 341

159 250 207 290 In
239 248 437 290 Sestiana
468 247 597 299 igitur
634 245 836 298 primum,
885 236 1098 297 quoniam'
1132 245 1185 285 de
1226 258 1331 286 voce
1375 245 1631 285 voluntarios

45 333 97 361 ex
136 332 170 360 c.
208 320 252 368 1,
300 321 321 359 1
367 317 557 359 tollenda
595 317 682 358 iam
729 317 858 357 antea
904 314 1065 356 dictum
1116 318 1198 365 est,
1244 328 1278 356 c.
1315 316 1359 365 1,
1403 316 1430 356 2
1470 315 1630 356 editur:

45 390 133 445 qu
181 394 330 441 autem,
377 387 548 439 iudices,
597 387 710 441 quia,
758 400 841 441 qua
886 399 977 426 voce
1024 385 1128 425 mihi
1173 386 1219 426 in
1267 385 1440 440 ayendis
1479 386 1634 439 qratiis

44 458 477 513 commemorandoque
509 471 662 510 eorum,
711 457 782 511 qui
823 456 873 497 de
912 470 975 496 me
1014 457 1162 509 optime
1193 457 1333 496 meriti
1363 460 1470 509 sunt,
1520 455 1633 496 bene-

41 531 136 584 ficio
169 544 252 571 esse
282 529 481 570 utendum
504 527 725 582 putabam)
775 541 823 568 ea
864 541 974 567 mmo
1015 527 1076 566 uti
1114 539 1235 580 oooor
1277 527 1321 566 in
1354 540 1494 566 eorum
1518 527 1634 580 peri-

45 602 148 642 culis
180 600 446 654 depellendis,
488 600 540 639 iis
562 599 829 652 potissimum
868 611 945 638 vox
975 597 1062 638 lzoec
1092 598 1260 648 serviat,
1299 610 1474 651 quorum
1508 610 1636 650 opera

46 676 81 712 et
113 671 217 711 mihi
249 675 285 711 et
316 670 426 711 vobis
459 674 495 710 et
518 669 674 723 populo
699 669 888 710 Romano
922 669 1111 709 restituta
1139 672 1208 708 est.
1257 667 1342 708 Sed
1374 668 1487 722 quia,
1521 667 1637 719 quod

44 741 293 783 Hotomano
327 743 500 782 auctore
534 739 756 781 Ernestius
796 739 960 792 primus
1000 738 1166 779 addidit
1193 738 1456 790 firmareque
1491 737 1636 778 viden-

44 815 115 854 tur
147 812 313 853 codices
346 812 600 860 Bernenses,
635 810 846 851 omittitur
879 812 920 850 et
952 809 995 849 in
1027 810 1180 862 prioris
1213 808 1387 850 familiae
1421 808 1638 850 codicibus

46 882 174 936 (Pan,
219 882 284 924 ed.
318 880 472 935 Naug.)
514 884 553 922 et
587 881 630 921 in
663 881 839 922 alterius
880 878 1147 932 (vulgaribus
1180 880 1381 921 omnibus
1414 877 1478 931 [et
1509 879 1638 920 Gem-

45 952 290 1006 blacensi]),
336 956 498 1005 estque,
548 952 583 992 si
616 951 858 1005 diligentius
893 951 1107 999 attendas,
1157 950 1384 1003 dupliciter
1416 950 1638 998 vitiosum3

46 1038 147 1066 nam
181 1024 369 1077 primum
400 1036 487 1064 non
527 1024 639 1077 quio,
688 1023 766 1063 sed
809 1023 1005 1077 quoniam
1048 1034 1143 1062 esse
1186 1021 1340 1062 saltem
1384 1017 1639 1072 debebat¹);

48 1095 202 1137 deinde
249 1094 388 1135 inanis
436 1094 571 1134 oritur
617 1093 873 1146 tautologia;
928 1105 1068 1145 neque
1118 1093 1230 1132 enim
1281 1091 1351 1132 alii
1400 1094 1522 1132 erant
1568 1091 1639 1141 illi,

48 1166 202 1219 quibus
237 1165 414 1218 agendae
449 1167 572 1205 erant
603 1164 764 1217 gratiae,
799 1162 882 1219 alii,
927 1176 1112 1215 quorum
1145 1175 1278 1215 opera
1309 1175 1392 1203 vox
1425 1162 1641 1204 Ciceronis

48 1237 127 1290 ipsi
159 1236 404 1289 populoque
437 1234 635 1276 restituta
668 1237 773 1275 erat.
823 1233 1081 1274 Tollendum
1112 1236 1177 1274 est
1208 1233 1335 1286 igitur
1367 1234 1640 1283 Vocabulum,

48 1307 322 1359 finiendaque
355 1306 568 1346 sententia
599 1305 642 1345 in
674 1305 807 1345 verbo
839 1304 1103 1358 depellendis,
1147 1305 1213 1344 cui
1246 1304 1400 1344 deinde
1433 1307 1642 1356 tanquam

50 1378 308 1419 confirmans
349 1389 480 1429 seque
520 1376 753 1417 exhortans
793 1378 938 1417 orator
967 1375 1110 1416 addit:
1160 1374 1224 1415 Iets
1255 1375 1521 1428 potissimum
1561 1373 1643 1426 (in-

51 1447 199 1501 quam)
232 1448 319 1489 hcec
350 1461 426 1488 2³01:
457 1448 624 1495 serviat,
658 1446 701 1486 id
734 1449 810 1495 est,
845 1447 1001 1487 servire
1033 1445 1165 1493 elehem
1206 1446 1249 1485 in
1282 1458 1367 1497 quo
1400 1458 1485 1485 non
1519 1445 1644 1486 Video

51 1520 154 1572 quid
186 1520 277 1560 iure
310 1517 616 1571 reprehendas.

170 1590 215 1632 C.
250 1590 288 1638 2,
323 1591 351 1630 4
382 1588 583 1630 scribitur
615 1587 714 1628 inde
748 1588 802 1628 ab
838 1587 1024 1639 antiquis
1058 1587 1313 1627 editoribus:
1357 1586 1498 1641 Neque
1537 1588 1645 1627 enlm

55 1661 191 1714 officio
223 1661 477 1701 coniunctior
509 1659 626 1699 dolor
658 1659 768 1699 ullus
801 1672 882 1699 6336
907 1663 1040 1712 potest
1071 1672 1196 1712 quom
1228 1657 1294 1697 hvic
1326 1671 1452 1709 meus,
1485 1672 1646 1711 suscep-

55 1737 120 1773 tus
152 1745 200 1772 eoe
231 1731 409 1772 hominis
441 1731 490 1771 de
534 1744 596 1770 me
637 1731 784 1783 optime
826 1730 965 1769 meriti
1000 1729 1202 1781 periculo,
1252 1742 1378 1782 neque
1421 1729 1645 1769 iracundia

53 1803 188 1856 massis
219 1802 308 1842 ulla
340 1801 561 1842 laudanda
594 1814 716 1855 quam
752 1814 813 1851 eaz,
847 1813 938 1854 quse
969 1812 1032 1838 me
1055 1798 1290 1851 inflammat
1312 1802 1406 1849 cet„
1442 1813 1493 1840 ex
1514 1800 1646 1840 inter-

53 1873 284 1926 polatione,
327 1885 457 1925 quam
497 1884 646 1912 omnes
679 1873 865 1924 arguunt
898 1870 1087 1918 codices3
1134 1883 1236 1910 nam
1269 1884 1347 1922 pro
1381 1884 1507 1925 neque
1539 1872 1648 1911 enlm

54 1943 97 1983 in
129 1943 226 1984 Par.
261 1946 325 1984 est
358 1956 546 1997 namque,
587 1942 630 1982 in
662 1942 818 1982 Bernn.
854 1941 1037 1995 namqui,
1086 1941 1129 1980 in
1161 1939 1477 1981 Oxoniensibus
1509 1941 1647 1982 tribus

55 2028 194 2068 neque,
228 2014 271 2054 in
304 2014 395 2055 aliis
427 2014 565 2055 tribus
599 2016 641 2054 et
672 2012 910 2053 Franciano
942 2025 1169 2066 nimquam.
1217 2011 1343 2052 Patet
1375 2024 1515 2063 neque
1541 2012 1649 2051 enim

55 2085 98 2126 in
142 2085 285 2126 codice
337 2085 573 2137 archetypo
622 2084 752 2124 fuisse
799 2095 939 2134 neque
987 2082 1169 2134 simplex
1215 2096 1362 2136 neque.
1411 2081 1488 2122 sed
1536 2081 1646 2122 Nom

58 2169 196 2210 neque,
231 2156 347 2208 quod
378 2155 593 2196 interdum
629 2167 654 2194 a
686 2153 869 2194 librariis
903 2155 1151 2205 corruptum
1186 2154 1250 2193 est
1280 2153 1441 2204 partim
1474 2156 1651 2205 propter

58 2226 265 2267 ductuum
313 2225 635 2267 similitudinem
685 2224 886 2277 aliquam,
935 2224 1107 2277 partim,
1155 2223 1392 2273 recentiore
1439 2225 1649 2276 tempore⁷

58 2297 174 2348 quod
205 2297 484 2349 requirebant
518 2309 643 2350 neque
686 2295 807 2344 enim,
856 2294 961 2335 illud
1001 2294 1185 2334 alterum
1223 2295 1502 2347 respuebant.
1566 2295 1651 2336 Sed

57 2366 191 2408 habet
221 2367 265 2408 id
297 2381 424 2409 suum
464 2370 507 2408 et
549 2366 772 2420 proprium
815 2366 970 2414 locum,
1019 2365 1093 2405 ubi
1134 2366 1178 2405 in
1220 2365 1386 2406 ratione
1428 2365 1652 2406 reddenda

60 2437 144 2479 duo
177 2439 374 2480 membra
407 2438 603 2491 aequalia,
651 2437 867 2478 interdum
908 2435 1039 2476 etiam
1073 2437 1300 2485 contraria,
1349 2436 1652 2488 distinguenda

61 2511 172 2549 sunt.
219 2509 331 2550 Nam
365 2510 568 2562 quoniam
600 2503 728 2563 neque
760 2507 868 2547 enim
899 2508 943 2547 in
975 2519 1060 2548 uno
1094 2507 1224 2547 etiam
1257 2507 1455 2548 membro
1484 2507 1650 2556 dicitur,

61 2593 193 2632 quum
226 2593 354 2635 neque
386 2582 491 2621 enim
534 2603 589 2608 —
630 2592 756 2633 neque
794 2577 1006 2627 scribitur,
1056 2577 1239 2618 alterum
1281 2578 1418 2631 magis
1458 2578 1653 2619 adhaeret

102 2765 129 2809 ¹)
154 2767 232 2801 Non
258 2778 377 2808 causa,
405 2778 468 2801 cur
493 2767 536 2801 iis
561 2778 631 2800 vox
658 2766 800 2806 serviat,
828 2765 1008 2799 indicatur
1033 2763 1114 2807 (nec
1141 2765 1251 2799 addas
1269 2767 1362 2803 ide03
1389 2776 1456 2799 nec
1473 2768 1653 2798 nostrates

157 2827 317 2860 dicerent
340 2828 450 2870 sordi,
489 2827 552 2860 sed
587 2828 697 2867 siden,
737 2836 817 2869 quae
843 2824 1107 2858 Germanorum
1142 2835 1215 2858 una
1240 2835 1309 2858 vox
1336 2826 1412 2859 weil
1438 2822 1651 2866 coniungit);

158 2886 226 2919 hoc
251 2889 395 2919 tantum
421 2886 490 2919 dici
515 2889 675 2929 poterat:
716 2884 897 2927 Tempora
923 2894 965 2917 ea
990 2886 1087 2924 sunt,
1124 2887 1165 2917 ut
1191 2894 1296 2927 cogar
1305 2896 1312 2923 ;
1352 2883 1446 2926 quod
1481 2882 1654 2926 quoniam

158 2944 208 2978 ita
235 2948 298 2986 est,
324 2944 366 2978 iis
392 2945 621 2988 potissimum
648 2947 714 2978 cet.

1655 608 1706 633 440

1671 2522 1721 2545 441
