1915 3235
954 106 1038 147 736

313 236 336 289 ἓ
370 237 445 287 26,
494 236 569 277 ubi
617 235 758 277 editur
806 234 1175 277 consentientibus
1223 235 1466 277 codicibus:
1521 235 1671 277 deinde
1717 237 1796 278 ali-

195 312 347 363 quanto
379 308 542 360 lentius,
582 307 691 348 nihil
733 321 856 362 ayere
889 311 1010 362 atque
1043 305 1253 356 deludere,
1302 306 1502 348 Halmius
1535 307 1796 348 vocabulum

194 379 302 420 nihil
333 379 423 420 tolli
455 379 602 429 voluit,
645 381 696 419 ut
728 380 861 419 esset:
910 376 1062 417 deinde
1095 377 1310 431 aliquanto
1343 377 1493 418 lentius
1525 391 1660 432 ayere,
1708 391 1797 419 non

192 463 310 500 vera,
359 450 523 503 opinor,
573 449 833 490 coniectura.
906 448 1056 500 Neque
1100 447 1215 488 enim
1257 447 1301 488 in
1342 448 1425 489 hoc
1465 449 1617 489 lentius
1659 462 1795 503 ayere,

194 521 392 574 quamvis
431 520 620 561 addatur
661 520 898 574 aliquanto,
947 521 1090 559 rectus
1132 520 1198 558 est
1236 517 1472 560 adscensus
1511 532 1537 560 a
1575 519 1797 572 superiore

192 591 349 645 gradu:
397 605 486 632 rem
523 589 699 644 differre
736 589 919 645 quotidie
957 603 1006 630 ac
1030 589 1351 642 procrastinare
1391 588 1526 642 (quod
1555 590 1699 642 ipsum
1732 591 1799 631 est

192 663 308 704 lente
340 660 500 715 agere),
539 661 770 714 potiusque
809 660 869 702 sic
902 660 985 701 dici
1016 659 1199 709 videtur,
1241 659 1365 712 quasi
1398 663 1498 701 ante
1531 660 1694 701 dictum
1726 660 1794 711 sit,

192 733 312 775 initio
344 735 559 786 promptae
591 732 826 774 voluntatis
859 734 990 784 atque
1022 731 1203 771 actionis
1235 731 1424 782 speciem
1446 731 1638 783 aliquam
1661 731 1796 772 simu-

191 805 327 846 latam
361 817 468 846 esse.
533 803 694 846 Contra
725 805 842 844 recte
873 801 1072 843 homines
1111 801 1183 850 illi,
1227 801 1281 842 de
1321 801 1478 854 quibus
1511 802 1660 844 Cicero
1692 802 1794 854 agit,

193 876 415 926 dicuntur,
463 888 598 928 quum
647 873 768 915 initio
810 886 902 914 rem
945 871 1137 925 quotidie
1181 872 1468 922 distulissent,
1518 873 1674 914 deinde
1718 872 1797 913 ali-

193 949 357 999 quanto
389 946 558 996 lentius,
592 946 675 987 hoc
708 947 785 993 est,
821 944 958 996 magis
993 943 1049 984 ad
1080 955 1231 996 preces
1264 945 1307 984 et
1332 943 1655 984 exhortationes
1688 943 1797 984 alte-

193 1031 341 1060 rorum
372 1016 540 1058 immoti
580 1015 646 1070 (ut
684 1016 721 1057 si
759 1028 838 1056 nos
877 1015 1092 1056 dicamus:
1141 1014 1242 1055 med
1282 1014 1367 1055 end
1405 1016 1543 1056 storre
1582 1013 1798 1066 Traeghed

193 1103 246 1142 og
278 1087 663 1141 Ubevaegelighed‚
705 1087 786 1127 mit
816 1086 929 1127 noch
968 1089 1187 1138 groszerer
1232 1083 1477 1138 Tragheit),
1524 1084 1630 1125 nihil
1669 1097 1798 1137 agere

195 1161 376 1214 coepisse
409 1158 473 1212 (at
503 1158 701 1200 forholde
733 1157 798 1209 sig
830 1157 992 1197 aldeles
1019 1152 1231 1209 passive).

313 1230 336 1284 ξ
369 1231 439 1281 31,
479 1229 555 1271 ubi
586 1231 717 1270 antea
749 1227 981 1269 edebatur:
1030 1227 1122 1267 licet
1152 1227 1338 1268 hercules
1369 1226 1552 1281 undique
1583 1239 1722 1267 omnes
1751 1226 1799 1267 in

193 1317 257 1344 me
294 1307 475 1344 terrores
497 1300 772 1355 periculaque
810 1298 1079 1352 impendeant
1116 1298 1271 1347 omnia,
1320 1310 1453 1350 quum
1493 1298 1538 1338 in
1579 1297 1798 1338 codicibus

194 1387 273 1427 pro
306 1374 352 1414 in
383 1387 446 1413 nze
478 1372 689 1425 scriptum
728 1371 783 1412 sit
814 1371 940 1410 minoe
973 1367 1132 1423 (mine),
1173 1369 1387 1418 Halmius,
1427 1367 1588 1410 Baiteri
1629 1367 1797 1409 coniec-

195 1450 339 1486 turam
372 1445 560 1493 secutus,
593 1442 759 1496 posuit:
794 1455 932 1482 omnes
953 1441 1059 1481 inihi
1080 1442 1220 1493 minoe,
1253 1444 1446 1490 terrores,
1480 1441 1596 1480 recte
1624 1438 1799 1480 sublato

195 1527 352 1568 genere
385 1513 590 1566 loquendi
620 1512 828 1554 inusitato
862 1511 1118 1567 (impendere
1150 1513 1196 1552 in
1229 1508 1442 1565 aliquem),
1486 1510 1578 1550 sine
1610 1509 1799 1550 necessi—

195 1589 285 1627 tate
325 1585 473 1626 addito
515 1584 633 1625 mihi.
703 1584 791 1625 Sed
832 1586 1016 1636 apparet
1057 1583 1101 1623 in
1142 1585 1224 1623 hac
1267 1581 1557 1634 geminatione
1600 1579 1799 1621 adiectivi

197 1656 353 1710 (omnes
384 1657 510 1697 minse
543 1678 598 1685 —
622 1655 898 1710 periculaque
930 1652 1088 1706 omnia)
1122 1653 1223 1694 ferri
1254 1665 1342 1693 non
1363 1665 1490 1705 posse
1522 1652 1662 1704 primo
1694 1651 1798 1692 sub-

197 1728 384 1770 stantivo
417 1726 615 1768 additum
647 1726 739 1767 sine
779 1725 934 1778 copula
973 1725 1158 1766 alterum
1197 1729 1397 1772 terrores;
1444 1722 1592 1776 itaque
1632 1722 1796 1775 scripsi,

197 1799 425 1852 geminatis
459 1798 629 1839 duabus
661 1797 829 1846 litteris,
864 1797 989 1836 minoe
1022 1800 1058 1836 et
1089 1800 1282 1836 terrores.

316 1868 339 1921 ἕ
372 1869 429 1910 35
470 1869 624 1910 vellem
666 1870 889 1909 notassem
934 1867 1281 1908 additamentum
1331 1864 1469 1905 simile
1515 1876 1602 1905 non
1649 1863 1799 1916 paucis

197 1941 303 1992 aliis,
344 1954 442 1993 quae
482 1953 535 1981 ex
572 1940 656 1980 hac
688 1940 883 1980 oratione
917 1942 959 1979 et
992 1937 1063 1978 alii
1096 1939 1139 1978 et
1171 1950 1249 1989 ego
1282 1935 1548 1977 sustulimus.
1611 1934 1722 1974 Nam
1755 1933 1799 1974 in

196 2012 279 2053 hac
311 2011 527 2052 sententia
566 2014 609 2052 et
648 2010 834 2063 eleganti
872 2009 1004 2050 trium
1044 2021 1187 2049 rerum
1223 2006 1545 2048 distributione:
1598 2004 1801 2046 Criminis

198 2082 476 2135 confictionem
509 2086 781 2122 accusator
815 2080 857 2121 E
863 2080 976 2120 ruci
987 2093 1040 2120 us
1071 2079 1260 2132 suscepit,
1303 2077 1496 2118 audcccice
1519 2080 1669 2130 partes
1701 2075 1740 2116 R
1751 2088 1799 2115 o-

198 2154 292 2194 scii
330 2152 409 2193 sibi
441 2156 733 2206 poposcerunt,
786 2150 1143 2205 Clzsrysoyonus
1183 2153 1333 2200 cautem,
1384 2149 1419 2188 is
1460 2148 1532 2202 (sni
1561 2147 1800 2200 plurimum

190 2228 337 2277 potest,
381 2223 568 2277 potentia
598 2226 779 2276 puyndt,
829 2235 963 2274 quum
1005 2221 1152 2263 Cicero
1191 2220 1235 2260 in
1274 2218 1414 2271 primo
1447 2218 1645 2259 membro
1676 2219 1726 2258 ut
1756 2218 1800 2258 in

200 2294 334 2335 altero
369 2297 411 2335 et
441 2293 569 2334 tertio
602 2305 836 2345 personam
868 2305 955 2333 uno
987 2292 1162 2333 nomine
1185 2290 1483 2343 significasset,
1516 2288 1594 2330 sed
1615 2287 1798 2341 generis,

293 2480 433 2503 vamur.
484 2471 664 2503 Dimz'ssui
695 2468 781 2502 alibi
813 2479 886 2502 non
918 2467 1059 2511 legitur,
1098 2467 1167 2501 nisi
1194 2466 1292 2510 quod
1317 2466 1414 2510 apud
1441 2465 1646 2500 Charisium
1671 2465 1714 2507 ΙΙ,
1742 2464 1799 2506 14,

294 2528 339 2561 23
365 2527 412 2573 (p.
440 2528 509 2561 170
534 2526 709 2570 Putschii)
745 2538 828 2561 cum
862 2527 1042 2561 similibus
1074 2527 1284 2569 translatui,
1321 2527 1489 2568 receptui,
1527 2526 1682 2559 ostentui
1718 2534 1800 2558 con-

294 2588 471 2631 iungitu1·;
510 2587 573 2620 sed
606 2587 711 2631 plura
743 2597 787 2620 ex
818 2586 888 2619 hoc
919 2596 1050 2629 genere
1082 2596 1163 2618 raro
1190 2585 1371 2626 dicuntur,
1410 2588 1451 2618 ut
1476 2584 1676 2626 despicatui
1701 2582 1799 2626 apud

295 2646 506 2680 Ciceronem
532 2646 644 2679 semel
670 2645 810 2689 legitur,
837 2648 922 2678 ante
948 2647 1071 2678 autem
1097 2644 1194 2688 apud
1212 2643 1395 2684 Plautum,
1421 2653 1488 2676 nec
1505 2645 1587 2686 post
1604 2640 1798 2678 usitatum;

295 2709 331 2739 et
368 2705 404 2738 in
443 2704 569 2748 primae
607 2704 722 2738 aetatis
761 2703 986 2737 orationibus
1018 2702 1141 2737 Cicero
1174 2706 1210 2737 et
1243 2702 1423 2736 vocabula
1454 2700 1632 2735 nonnulla
1657 2703 1692 2734 et
1718 2710 1799 2733 con·

297 2763 513 2798 structiones
538 2763 669 2807 posuit,
705 2763 837 2805 quibus
870 2765 997 2806 postea
1029 2761 1214 2795 abstinuit.
1265 2761 1359 2795 Illud
1383 2764 1508 2794 tamen
1534 2770 1607 2794 non
1633 2758 1799 2793 omitten-

297 2824 395 2865 dum,
435 2834 487 2864 ea,
527 2832 608 2866 quae
640 2821 806 2855 similiter
837 2821 1053 2862 formantur,
1091 2820 1166 2854 fere
1198 2820 1249 2855 sic
1275 2831 1358 2854 cum
1384 2819 1495 2853 verbo
1521 2830 1593 2852 esse
1619 2816 1798 2860 coniungi,

297 2886 337 2917 ut
368 2881 511 2926 passive
544 2881 588 2915 de
621 2880 783 2915 subiecto
816 2880 1065 2923 intelligantur
1102 2878 1157 2921 (ut
1189 2891 1261 2913 esse
1292 2879 1501 2922 despicatui,
1540 2878 1680 2919 irrisui,
1719 2887 1801 2910 con-

296 2943 454 2985 temptui,
481 2938 573 2983 cet.).
