1915 3235
115 1737 166 1762 373

946 108 1030 150 698

189 242 268 287 tus,
317 250 388 277 oro
421 241 543 291 atque
574 236 749 289 obsecro,
796 237 968 291 iudices,
1016 243 1060 279 ut
1098 252 1147 279 ne
1179 238 1358 280 hominis
1391 239 1534 281 miseri
1567 263 1618 267 —
1653 254 1788 281 recen-

190 313 269 349 tem
299 308 625 363 97·atulationem
658 321 765 348 nova
797 309 1092 350 lamentatione
1134 309 1334 351 obruatis.
1396 310 1444 351 In
1482 310 1548 352 his
1588 311 1787 353 Vitiosum

189 379 380 432 primum
412 378 517 419 illud
550 380 636 419 est:
673 377 800 431 fidem
841 385 1021 421 vestram
1052 394 1123 421 oro
1157 385 1278 435 atque
1310 380 1491 431 obsecr-m
1531 394 1633 423 nam
1663 381 1787 435 fidem

190 450 371 491 alicuius
409 449 624 491 obsecrare
654 449 834 491 Plautus
874 451 992 502 dixit,
1038 451 1163 505 fidem
1205 452 1384 492 alicuius
1422 465 1546 493 orare
1586 451 1682 506 (pro
1724 465 1787 504 eo,

190 521 305 574 quod
339 522 404 562 est
435 518 683 575 implorare)
716 534 845 563 nemo
879 522 1004 571 dixit;
1052 522 1249 564 homines
1292 523 1408 576 ipsos
1450 536 1626 565 oramus
1666 523 1789 565 obse-

190 605 462 645 cramusque.
531 591 696 633 Deinde
735 605 975 645 pronomen
1015 606 1084 648 690
1122 594 1167 634 in
1206 593 1342 635 altero
1382 594 1581 636 membro
1621 593 1789 648 (deinde

189 662 291 719 690),
335 663 451 717 quod
482 663 526 704 in
558 663 701 716 priore
732 676 819 705 non
852 666 928 714 est,
970 677 1147 717 prorsus
1179 664 1329 718 putide
1361 666 1404 706 et
1435 664 1586 706 vitiose
1618 666 1678 707 ita
1709 679 1787 718 po-

187 734 315 785 nitur,
365 733 488 787 quasi
536 734 750 787 oppositio
798 734 943 787 aliqua
988 748 1273 788 personarum
1321 736 1389 776 sit.
1467 735 1529 777 De
1575 736 1788 789 particula

187 805 458 859 ineptissima
490 806 552 846 vel
582 805 688 846 nihil
720 805 828 855 dico,
863 819 960 859 quae
994 806 1082 848 tolli
1111 809 1255 860 potest
1281 806 1433 848 ceteris
1457 807 1653 848 servatis.
1702 807 1787 848 Sed

188 877 223 918 si
262 877 357 929 quis
396 876 462 917 his
506 876 652 917 mendi
696 876 863 917 indiciis
906 877 1123 928 restiterit,
1173 877 1369 919 codicum
1412 877 1659 919 testimonio
1701 891 1788 919 non

187 947 373 997 resistet,
421 946 457 988 si
499 946 629 988 modo
672 946 715 988 in
757 947 823 988 his
867 947 998 989 rebus
1039 948 1202 1001 aliquid
1241 948 1468 1001 intelliget;
1518 961 1668 990 eorum
1717 948 1789 990 alii

187 1018 327 1073 (Pau,
372 1017 451 1059 Ox.
484 1030 609 1068 unus,
657 1018 935 1059 Manutianus
973 1018 1076 1060 item
1117 1017 1245 1073 unus)
1284 1019 1469 1061 habent:
1514 1018 1598 1072 fide
1636 1020 1682 1060 in
1721 1033 1789 1060 vos

188 1088 287 1144 (Ox.
327 1102 458 1130 unus:
504 1088 609 1142 fides
655 1090 701 1130 in
748 1087 854 1142 vos),
904 1089 975 1131 alii
1023 1089 1149 1144 (Oxx.
1190 1093 1291 1141 tres,
1340 1090 1595 1131 Parisiensis
1636 1088 1786 1142 unus):

184 1161 310 1215 fidem
349 1161 411 1201 vel
458 1158 574 1213 (Par.
608 1173 738 1201 unus:
784 1159 910 1213 fidem
943 1161 1013 1211 αἱ),
1063 1161 1201 1203 Guelf.
1240 1161 1367 1215 fidem
1406 1160 1490 1214 ve);
1538 1160 1788 1214 paucissimi

187 1232 285 1286 (Ox.
308 1245 433 1282 unus,
456 1231 555 1272 Par.
578 1244 705 1280 unus,
740 1231 920 1274 Manutii
942 1231 1085 1285 unus),
1119 1235 1288 1274 retento
1310 1233 1384 1283 vel,
1420 1232 1586 1273 addunt
1607 1237 1786 1273 vestram

187 1302 329 1357 (fidem
361 1307 542 1344 vestram
573 1301 666 1354 vel).
730 1302 879 1344 Cicero
911 1303 1164 1357 scripserat:
1213 1302 1364 1344 deinde
1404 1316 1474 1357 690
1512 1303 1645 1344 idem
1684 1316 1785 1356 vos,

187 1374 420 1428 defensoris
452 1378 489 1415 et
520 1373 648 1414 amici
686 1372 824 1426 officio
864 1374 1083 1427 adductus,
1126 1388 1197 1415 oro
1237 1376 1317 1415 cet.
1380 1373 1667 1426 Aptissimum
1698 1374 1785 1415 iam

189 1449 255 1488 est
285 1457 527 1499 pronomen
560 1458 642 1499 690,
693 1444 841 1486 addito
885 1445 1020 1487 altero
1062 1445 1187 1496 idem,
1236 1447 1283 1486 ut
1325 1444 1369 1486 in
1412 1445 1565 1486 eadem
1598 1458 1786 1498 persona

186 1517 395 1558 transitus
428 1515 485 1558 ad
517 1515 647 1557 aliam
680 1528 772 1556 rem
805 1516 1080 1569 significetur,
1129 1530 1156 1558 a
1193 1530 1239 1558 re
1279 1516 1453 1570 publica
1495 1516 1553 1557 ad
1594 1516 1785 1557 Murenae

187 1587 321 1641 ipsius
354 1599 599 1640 personam.

304 1659 399 1700 Dixi
432 1658 536 1700 alibi
567 1658 739 1711 saepiUS,
773 1657 878 1699 artis
912 1671 1005 1699 esse
1037 1658 1081 1699 in
1103 1659 1184 1700 hoc
1206 1672 1362 1711 genere
1384 1658 1506 1707 scire,
1541 1657 1646 1710 quid
1668 1659 1785 1699 certo

187 1730 420 1772 emendare
452 1729 603 1782 possis,
653 1729 757 1782 quid
794 1729 941 1770 mendi
981 1729 1234 1770 convincere
1266 1743 1346 1770 nee
1378 1732 1527 1770 tamen
1560 1727 1783 1781 corrigere,

185 1801 267 1843 nisi
314 1801 430 1854 quod
477 1799 821 1853 interpolationis
877 1799 1064 1841 sublatio
1121 1800 1435 1842 emendationis
1488 1799 1658 1840 initium
1705 1801 1783 1840 est.

185 1873 336 1925 Itaque
368 1872 448 1922 his,
482 1884 590 1924 quos
625 1871 858 1912 emendare
890 1870 1023 1924 potui,
1058 1871 1160 1912 locis
1193 1870 1392 1923 quintum
1425 1870 1587 1912 addam
1620 1882 1672 1911 ex
1703 1869 1784 1911 hoc

186 1943 328 1984 minus
360 1943 459 1984 laeto
492 1955 663 1996 genere.
727 1942 839 1983 Nam
872 1954 907 1982 c.
941 1942 1010 1991 24,
1051 1941 1107 1983 49
1150 1941 1290 1983 editur
1331 1954 1445 1982 nunc
1479 1942 1535 1983 ab
1569 1940 1783 1990 omnibus,

185 2027 239 2055 ne
288 2014 496 2055 varietate
545 2013 719 2066 quidem
767 2013 855 2054 ulla
909 2013 1026 2066 apud
1074 2012 1281 2054 Orellium
1335 2014 1411 2054 aut
1458 2011 1784 2053 Steinmetzium

185 2086 413 2126 annotata:
463 2083 628 2125 Etenim
662 2089 698 2125 te
732 2085 942 2138 inquirere
981 2083 1188 2136 videbant,
1228 2084 1388 2124 tristem
1425 2083 1576 2137 ipsum,
1623 2086 1785 2123 moestos

186 2156 365 2208 amicos;
411 2154 727 2207 observationes,
776 2154 1093 2208 testificationes,
1141 2155 1396 2196 seductiones
1435 2153 1612 2205 testium,
1660 2166 1783 2194 seces-

184 2227 340 2267 sionem
377 2225 704 2280 subscriptorem
744 2225 1132 2266 animadvertebant
1138 2240 1155 2277 ;
1203 2224 1351 2279 quibus
1394 2223 1516 2266 rebus
1556 2229 1662 2265 certe
1702 2225 1785 2278 ipsi

185 2296 509 2338 candidatorum
541 2297 679 2337 vultus
710 2296 966 2337 obscuriores
1004 2296 1141 2337 videri
1179 2296 1321 2337 solent.
1384 2295 1536 2337 Vultus
1578 2295 1783 2337 candida-

185 2369 329 2409 torum
361 2368 427 2408 his
459 2367 603 2417 rebus,
653 2381 749 2420 quae
783 2370 1104 2417 enumerantur,
1153 2380 1294 2420 neque
1326 2366 1470 2408 tristes
1502 2366 1611 2408 fiunt
1642 2379 1783 2419 neque

185 2438 398 2487 videntum
446 2438 523 2479 sed
563 2441 606 2479 et
645 2452 696 2479 ex
728 2438 794 2479 his
827 2439 957 2479 rebus
990 2440 1032 2479 et
1064 2451 1116 2478 ex
1148 2438 1291 2478 vultus
1323 2437 1509 2487 tristitia,
1560 2450 1655 2490 quae
1689 2436 1783 2490 ipsa

185 2521 263 2562 per
294 2521 340 2550 se
373 2497 744 2559 animadvertitur,
778 2522 865 2550 non
897 2509 1070 2550 aliunde
1095 2509 1372 2558 coniectatur,
1405 2507 1590 2561 suspicio
1615 2507 1783 2560 capitur

186 2579 278 2632 spei
316 2578 569 2620 imminutae.
638 2579 788 2632 Itaque
827 2580 1042 2621 sententia
1081 2592 1287 2632 perversa
1327 2581 1404 2628 est,
1453 2591 1594 2631 neque
1640 2577 1783 2618 minus

186 2649 344 2698 orati03
376 2662 479 2690 nam
513 2649 710 2690 obscurus
742 2651 885 2691 vultus
918 2664 995 2703 pro
1027 2650 1137 2691 tristi
1170 2663 1220 2691 ac
1250 2649 1436 2690 demisso
1460 2661 1601 2701 neque
1629 2648 1782 2689 dicitur

185 2733 326 2773 neque
367 2719 449 2761 dici
495 2722 658 2772 potest,
705 2720 741 2761 si
789 2721 1015 2771 diceretur,
1063 2720 1376 2774 significaretur
1422 2721 1456 2760 is
1506 2719 1660 2769 vultus,
1710 2719 1783 2771 qui

185 2790 319 2832 animi
352 2789 528 2832 consilia
560 2804 646 2832 non
679 2791 894 2843 proderet.
958 2792 1118 2832 Verum
1151 2792 1305 2832 horum
1347 2790 1545 2831 vultuum
1588 2790 1631 2831 in
1665 2789 1780 2831 codi-

185 2861 306 2903 cibus
338 2861 502 2902 nullum
536 2861 762 2902 minimum
796 2861 1020 2914 vestigium
1054 2864 1131 2911 est,
1164 2861 1326 2903 sedita
1350 2862 1484 2902 verba
1514 2859 1779 2902 scribuntur:

185 2937 290 2973 certe
331 2933 414 2985 ipsi
454 2931 779 2972 candidatorum
821 2932 1032 2973 obscurior
1075 2933 1112 2973 ei
1154 2931 1231 2985 (sic
1264 2932 1290 2973 5
1323 2931 1445 2982 Oxx„
1495 2944 1517 2972 e
1560 2933 1682 2972 sexto
1725 2930 1781 2972 ad

1892 3100 1915 3235 ,ἦς’ἓϊῑ-
1907 3071 1915 3083 ε
