1915 3235
825 110 909 152 487

80 241 205 292 Quod
258 242 403 282 autem
451 239 693 292 Zumptius,
748 240 864 281 solus
919 252 941 280 e
994 238 1303 279 recentioribus
1357 237 1660 291 grammaticis,

80 311 120 365 (ξ
153 311 235 353 527
276 313 364 352 not.
400 308 441 363 1)
487 310 706 351 rarissime
752 310 991 363 perfectum
1040 308 1296 349 coniunctivi
1341 309 1563 360 passivum
1604 309 1663 349 sic

79 383 180 436 poni
212 381 370 431 scribit,
419 381 462 422 id
502 380 705 422 nimirum
748 381 860 421 hanc
901 379 1036 420 habet
1077 391 1253 419 causam
1296 391 1410 419 nunc
1451 380 1663 431 apertam,

80 453 196 506 quod
226 465 313 494 non
343 451 535 505 perfecti,
569 450 645 491 sed
677 450 809 492 futuri
840 450 909 491 hic
941 451 1006 491 est
1036 462 1152 490 115115.
1211 449 1264 489 Ε1
1294 450 1455 498 13111911,
1488 450 1536 489 111
1566 448 1665 489 Vel-

79 523 186 565 leius
217 522 469 564 Paterculus
501 521 561 563 sic
593 521 754 562 diceret
785 520 832 574 (Ι,
869 521 940 562 18:
974 533 1100 575 neque
1133 533 1202 574 eqo
1234 519 1307 560 hoc
1329 520 1465 573 mayis
1487 519 1668 559 miratus

80 591 189 646 sim),
223 592 375 634 eadem
408 592 617 645 analogiae
649 592 812 633 fallacis
844 591 1046 632 illecebra
1078 590 1240 631 sactum
1271 594 1347 639 est,
1382 602 1512 641 quam
1536 588 1667 642 paulo

82 667 181 705 ante
213 663 256 704 in
289 663 497 704 consimili
529 675 684 715 genere
724 661 1071 710 commemoravi,
1119 660 1247 713 idque
1286 660 1423 712 magis
1464 659 1593 700 etiam
1625 658 1670 699 in

82 733 186 775 Livii
218 733 290 774 lib.
322 733 450 783 XXII,
500 731 575 785 [36
615 733 658 773 in
696 733 909 774 sententia
947 731 1172 785 pendenti:
1220 736 1265 772 ut
1299 731 1365 771 ceta:
1398 744 1525 771 ausus
1556 728 1668 782 sim]

82 804 136 845 59
171 806 370 857 apparet:
404 817 453 844 ne
484 803 550 844 ille?
581 803 746 858 quidem
770 826 823 830 —-
856 816 898 844 se
920 802 1036 843 *nobis
1061 802 1206 842 merito
1222 801 1492 855 proetulerint
1513 800 1670 854 φονία-

82 876 191 930 tique
221 875 304 915 sint
336 871 463 926 cet.¹)
510 873 627 914 Idem
656 874 764 915 libro
788 874 920 924 XXX,
957 873 1010 914 14
1039 873 1245 927 storiatus
1274 871 1433 925 fuerim
1466 871 1526 912 sic
1552 870 1670 920 dixit,

83 944 292 998 [itemque
324 944 509 995 XXVHI,
549 944 619 994 41,
654 944 693 984 6.
757 944 1013 997 Antiquiora
1055 943 1253 995 exempla
1292 946 1391 983 sunt
1429 941 1546 994 apud
1585 940 1671 981 Te-

82 1017 190 1057 rent.
223 1015 336 1055 And.
370 1015 399 1065 I,
433 1015 472 1063 2,
506 1014 583 1055 32:
624 1014 758 1056 *ubivis
787 1015 964 1068 facilius
987 1028 1143 1068 passus
1174 1015 1249 1054 sim
1285 1026 1406 1068 quam
1441 1013 1487 1052 in
1518 1011 1597 1052 lecte
1628 1024 1673 1052 re

82 1100 145 1126 me
176 1085 379 1135 deludier,
412 1085 596 1138 Adelph.
630 1085 697 1136 III,
732 1086 771 1136 3,
806 1086 880 1127 89:
915 1084 1050 1126 Haud
1081 1085 1158 1125 cito
1190 1084 1294 1125 mali
1326 1082 1427 1138 quid
1459 1087 1593 1123 ortum
1626 1095 1674 1123 esc

83 1156 156 1197 hoc
187 1156 240 1197 sit
263 1154 463 1209 publice]

200 1227 396 1277 Possum,
445 1227 608 1279 opinor,
658 1226 940 1279 supersedere
979 1225 1236 1267 refutatione
1270 1223 1456 1277 vulgaris
1490 1224 1543 1264 de
1575 1236 1674 1276 per-

84 1298 194 1339 fecto
238 1297 493 1338 coniunctivi
536 1297 775 1338 dubitativo
818 1296 1036 1346 doctrinae,
1086 1296 1202 1349 quod
1240 1294 1464 1347 Zumptius
1498 1292 1538 1346 (ἓ
1571 1292 1674 1346 527)

85 1368 235 1410 eodem
270 1368 398 1409 modo
430 1381 508 1420 pro
541 1367 744 1420 praesenti
776 1368 965 1420 positum
999 1367 1213 1420 opinatur,
1258 1379 1342 1419 quo
1375 1365 1567 1405 futurum
1601 1377 1675 1404 ex-

85 1442 230 1480 actum
263 1452 342 1491 pro
374 1438 557 1491 simplici
590 1438 778 1491 positum
803 1438 1017 1490 explicare
1041 1440 1219 1479 conatus
1243 1438 1321 1478 est.
1369 1435 1529 1476 Verum
1552 1435 1677 1487 longe

85 1510 192 1551 alius
225 1508 294 1549 hic
325 1509 498 1562 fingitur
529 1509 735 1550 transitus
770 1511 811 1549 et
844 1508 916 1561 qui
947 1508 1044 1560 plus
1067 1506 1363 1549 admirationis
1385 1506 1566 1554 habeat3
1599 1517 1678 1546 nec

86 1593 203 1631 sane,
237 1593 322 1633 quo
354 1581 397 1621 in
430 1579 501 1620 illa
534 1592 580 1620 re
613 1592 716 1620 usus
750 1583 844 1620 erat
876 1578 1132 1629 discrimine,
1167 1576 1397 1619 celeritatis
1431 1579 1473 1617 et
1504 1577 1565 1617 rei
1599 1575 1677 1617 ab·

86 1652 237 1693 solutae
270 1651 522 1704 significatio
563 1652 627 1691 est
664 1650 707 1690 in
750 1652 833 1691 hac
876 1649 1124 1690 dubitanter
1167 1647 1336 1688 dicendi
1379 1647 1532 1689 forma.
1594 1645 1679 1687 Alii

87 1725 246 1771 autem,
294 1724 341 1762 ut
386 1724 441 1771 et,
491 1721 562 1774 qui
607 1734 629 1762 e
672 1721 864 1773 perfecto
906 1733 1097 1773 praesens
1129 1718 1220 1759 fieri
1253 1718 1453 1771 potuerit,
1503 1719 1545 1758 et
1577 1717 1680 1770 quid

86 1794 198 1834 inter
229 1792 477 1834 crediderim
513 1795 555 1833 et
587 1792 755 1832 credam
776 1791 956 1840 intersit,
990 1790 1186 1838 doceant,
1221 1790 1400 1829 utuntur
1422 1788 1587 1840 virgula
1609 1787 1681 1828 illa

89 1864 244 1913 divina,
279 1864 425 1904 aoristi
458 1864 653 1912 nomine;
688 1863 739 1903 de
774 1874 858 1915 quo
890 1873 976 1902 non
1008 1861 1134 1901 huius
1167 1859 1228 1900 rei
1261 1872 1404 1908 causa,
1439 1858 1517 1899 sed
1549 1858 1679 1899 totius

89 1935 254 1987 generis
287 1934 449 1986 aliquid
481 1933 636 1974 dicam.
684 1933 796 1973 Nam
830 1932 901 1984 qui
933 1933 1023 1972 tam
1057 1930 1180 1970 facile
1212 1931 1256 1970 in
1287 1928 1572 1982 grammatica
1598 1929 1681 1969 La-

88 2006 178 2046 tina
211 2005 357 2046 aoristi
389 2003 563 2045 nomine
594 2005 787 2053 utuntur,
836 2001 1024 2055 primum
1064 2001 1225 2041 debent
1266 2000 1508 2040 accuratius
1542 1998 1681 2040 consi-

91 2076 255 2126 derare,
290 2075 428 2128 qualis
460 2074 504 2115 in
527 2074 676 2116 Graeca
708 2074 852 2126 lingua
875 2085 925 2113 ea
948 2072 1064 2113 notio
1088 2071 1154 2121 sit,
1189 2070 1344 2112 deinde
1367 2070 1485 2122 apud
1507 2070 1681 2111 Latinos

92 2147 236 2199 qualia
268 2145 387 2187 initia
421 2147 461 2186 et
494 2145 779 2186 fundamenta
813 2156 974 2193 eorum,
1015 2155 1198 2195 quorum
1230 2143 1401 2194 partem
1434 2140 1681 2181 Graecorum

93 2216 415 2270 comparatione
463 2216 695 2268 explanare
743 2216 966 2256 conantur.
1044 2213 1155 2254 Nam
1202 2212 1386 2253 aoristus
1435 2211 1682 2252 Graecorum

92 2287 322 2329 indicativo
369 2286 498 2327 modo
545 2285 750 2339 praeteriti
788 2284 995 2337 temporis
1035 2286 1111 2333 est,
1162 2284 1283 2323 extra
1324 2281 1605 2322 indicativum
1638 2283 1679 2322 et

93 2357 367 2411 participium
400 2356 573 2398 omnino
605 2369 692 2397 non
723 2355 860 2408 magis
898 2353 1105 2407 praeteriti
1147 2352 1353 2406 temporis
1396 2365 1527 2404 quam
1571 2365 1683 2405 prae-

94 2429 225 2469 sentis
257 2428 431 2481 propria
463 2427 602 2468 forma
636 2430 719 2475 est3
753 2427 871 2466 caret
903 2425 1047 2474 etiam,
1081 2423 1156 2464 sed
1178 2424 1221 2464 in
1242 2422 1469 2476 participio
1497 2435 1681 2476 quoque,

95 2501 218 2552 parte
260 2499 344 2548 illa,
393 2511 490 2550 quae
534 2500 597 2538 est
642 2499 746 2538 nota
789 2495 1009 2549 praeteriti,
1058 2496 1304 2547 augmento,
1373 2493 1523 2545 Itaque
1566 2505 1683 2533 com-

95 2569 262 2622 paratio
294 2568 557 2621 reliquorum
595 2568 823 2609 modorum
864 2566 1010 2608 aoristi
1049 2564 1152 2606 nihil
1184 2577 1360 2618 prorsus
1393 2563 1448 2604 ad
1481 2562 1684 2604 Latinum

97 2652 340 2680 sermonem
386 2638 585 2692 pertinet,
634 2639 752 2679 cuius
799 2637 918 2678 nulla
958 2638 1022 2677 est
1061 2633 1271 2676 eiusmodi
1309 2633 1430 2675 verbi
1468 2646 1594 2686 pars;
1641 2631 1685 2672 in

97 2709 327 2750 indicativo
375 2711 520 2751 autem
569 2722 701 2762 quum
749 2721 846 2749 raro
894 2712 936 2748 et
982 2706 1095 2748 intra
1142 2708 1280 2748 certos
1326 2705 1433 2746 fines
1477 2701 1685 2756 praeteriti

100 2779 350 2832 significatio
391 2779 656 2829 obscuretur,
704 2778 846 2819 nullus
892 2779 1039 2819 tamen
1087 2779 1152 2818 est
1199 2776 1409 2818 eiusmodi
1457 2774 1603 2816 aoristi
1643 2773 1686 2814 in

140 2930 169 2972 1)
194 2932 245 2966 De
271 2932 340 2967 Cic.
366 2933 466 2966 Brut.
493 2931 525 2973 5,
560 2930 603 2964 18
629 2928 704 2973 (ubi
738 2932 815 2964 erat
847 2939 959 2963 ausus
989 2927 1071 2972 sim)
1105 2929 1241 2964 dictum
1268 2931 1321 2963 est
1346 2937 1456 2971 supra
1481 2937 1514 2970 p.
1542 2925 1586 2958 70
1612 2926 1684 2959 not.

1704 2293 1754 2318 110
