<?xml version="1.0" encoding="UTF-8"?>
<!DOCTYPE html PUBLIC "-//W3C//DTD XHTML 1.0 Transitional//EN"
    "http://www.w3.org/TR/xhtml1/DTD/xhtml1-transitional.dtd">
<html xmlns="http://www.w3.org/1999/xhtml" xml:lang="en" lang="en">
 <head>
  <title>
</title>
<meta http-equiv="Content-Type" content="text/html;charset=utf-8" />
  <meta name='ocr-system' content='tesseract 3.04.00' />
  <meta name='ocr-capabilities' content='ocr_page ocr_carea ocr_par ocr_line ocrx_word'/>
</head>
<body>
  <div class='ocr_page' id='page_1' title='image "./ionicolaimadvigi00madvuoft_0350.png"; bbox 0 0 1915 3235; ppageno 0'>
   <div class='ocr_carea' id='block_1_1' title="bbox 128 1175 181 1202">
    <p class='ocr_par' dir='ltr' id='par_1_1' title="bbox 128 1175 181 1202">
     <span class='ocr_line' id='line_1_1' title="bbox 128 1175 181 1202; baseline 0.019 -1"><span class='ocrx_word' id='word_1_1' title='bbox 128 1175 181 1202; x_wconf 84' lang='lat'>406</span> 
     </span>
    </p>
   </div>
   <div class='ocr_carea' id='block_1_2' title="bbox 957 112 1041 153">
    <p class='ocr_par' dir='ltr' id='par_1_2' title="bbox 957 112 1041 153">
     <span class='ocr_line' id='line_1_2' title="bbox 957 112 1041 153; baseline 0 0"><span class='ocrx_word' id='word_1_2' title='bbox 957 112 1041 153; x_wconf 80' lang='lat'>3:28</span> 
     </span>
    </p>
   </div>
   <div class='ocr_carea' id='block_1_3' title="bbox 200 240 1806 1928">
    <p class='ocr_par' dir='ltr' id='par_1_3' title="bbox 200 240 1801 1074">
     <span class='ocr_line' id='line_1_3' title="bbox 200 240 1797 290; baseline 0.002 -10"><span class='ocrx_word' id='word_1_3' title='bbox 200 240 393 281; x_wconf 87' lang='lat' dir='ltr'>Primum</span> <span class='ocrx_word' id='word_1_4' title='bbox 428 240 541 280; x_wconf 91' lang='lat' dir='ltr'>enim</span> <span class='ocrx_word' id='word_1_5' title='bbox 575 241 618 280; x_wconf 91' lang='lat' dir='ltr'>in</span> <span class='ocrx_word' id='word_1_6' title='bbox 650 241 767 282; x_wconf 89' lang='lat' dir='ltr'>nullo</span> <span class='ocrx_word' id='word_1_7' title='bbox 801 241 975 282; x_wconf 90' lang='lat' dir='ltr'>omnino</span> <span class='ocrx_word' id='word_1_8' title='bbox 1009 243 1074 282; x_wconf 84' lang='lat' dir='ltr'>est</span> <span class='ocrx_word' id='word_1_9' title='bbox 1106 241 1270 290; x_wconf 83' lang='lat' dir='ltr'>codice3</span> <span class='ocrx_word' id='word_1_10' title='bbox 1314 254 1416 282; x_wconf 90' lang='lat' dir='ltr'>nam</span> <span class='ocrx_word' id='word_1_11' title='bbox 1447 241 1492 282; x_wconf 91' lang='lat' dir='ltr'>in</span> <span class='ocrx_word' id='word_1_12' title='bbox 1525 242 1617 283; x_wconf 91' lang='lat' dir='ltr'>cod.</span> <span class='ocrx_word' id='word_1_13' title='bbox 1651 241 1797 284; x_wconf 85' lang='lat' dir='ltr'>Sancti</span> 
     </span>
     <span class='ocr_line' id='line_1_4' title="bbox 201 309 1797 366; baseline 0.002 -16"><span class='ocrx_word' id='word_1_14' title='bbox 201 310 380 351; x_wconf 85' lang='lat' dir='ltr'>Victoris</span> <span class='ocrx_word' id='word_1_15' title='bbox 415 313 507 351; x_wconf 91' lang='lat' dir='ltr'>erat</span> <span class='ocrx_word' id='word_1_16' title='bbox 538 310 774 363; x_wconf 50' lang='lat' dir='ltr'>‘referretur</span> <span class='ocrx_word' id='word_1_17' title='bbox 805 311 1007 365; x_wconf 84' lang='lat' dir='ltr'>idemque</span> <span class='ocrx_word' id='word_1_18' title='bbox 1039 312 1083 353; x_wconf 90' lang='lat' dir='ltr'>in</span> <span class='ocrx_word' id='word_1_19' title='bbox 1109 310 1425 353; x_wconf 76' lang='lat' dir='ltr'>Oxoniensibus</span> <span class='ocrx_word' id='word_1_20' title='bbox 1459 309 1720 366; x_wconf 62' lang='lat' dir='ltr'>omnibusl),</span> <span class='ocrx_word' id='word_1_21' title='bbox 1753 314 1797 354; x_wconf 91' lang='lat' dir='ltr'>in</span> 
     </span>
     <span class='ocr_line' id='line_1_5' title="bbox 200 381 1796 436; baseline 0.001 -14"><span class='ocrx_word' id='word_1_22' title='bbox 200 381 336 423; x_wconf 87' lang='lat' dir='ltr'>Paris.</span> <span class='ocrx_word' id='word_1_23' title='bbox 380 382 640 434; x_wconf 73' lang='lat' dir='ltr'>refeciretur,</span> <span class='ocrx_word' id='word_1_24' title='bbox 674 382 717 423; x_wconf 91' lang='lat' dir='ltr'>in</span> <span class='ocrx_word' id='word_1_25' title='bbox 757 383 845 423; x_wconf 85' lang='lat' dir='ltr'>Erf.</span> <span class='ocrx_word' id='word_1_26' title='bbox 880 387 921 423; x_wconf 91' lang='lat' dir='ltr'>et</span> <span class='ocrx_word' id='word_1_27' title='bbox 954 383 1080 423; x_wconf 87' lang='lat' dir='ltr'>Bern.</span> <span class='ocrx_word' id='word_1_28' title='bbox 1120 385 1303 436; x_wconf 88' lang='lat' dir='ltr'>utroque</span> <span class='ocrx_word' id='word_1_29' title='bbox 1334 382 1592 436; x_wconf 76' lang='lat' dir='ltr'>reficeretur3</span> <span class='ocrx_word' id='word_1_30' title='bbox 1641 383 1796 425; x_wconf 91' lang='lat' dir='ltr'>deinde</span> 
     </span>
     <span class='ocr_line' id='line_1_6' title="bbox 200 453 1798 506; baseline 0.001 -13"><span class='ocrx_word' id='word_1_31' title='bbox 200 453 411 494; x_wconf 88' lang='lat' dir='ltr'>memoria</span> <span class='ocrx_word' id='word_1_32' title='bbox 445 453 713 506; x_wconf 86' lang='lat' dir='ltr'>affectusque</span> <span class='ocrx_word' id='word_1_33' title='bbox 744 453 936 495; x_wconf 78' lang='lat' dir='ltr'>refricari</span> <span class='ocrx_word' id='word_1_34' title='bbox 969 453 1188 502; x_wconf 80' lang='lat' dir='ltr'>dicuntur3</span> <span class='ocrx_word' id='word_1_35' title='bbox 1220 466 1313 494; x_wconf 92' lang='lat' dir='ltr'>rem</span> <span class='ocrx_word' id='word_1_36' title='bbox 1338 454 1492 506; x_wconf 91' lang='lat' dir='ltr'>ipsam,</span> <span class='ocrx_word' id='word_1_37' title='bbox 1528 454 1646 495; x_wconf 92' lang='lat' dir='ltr'>cuius</span> <span class='ocrx_word' id='word_1_38' title='bbox 1671 467 1798 496; x_wconf 92' lang='lat' dir='ltr'>reno-</span> 
     </span>
     <span class='ocr_line' id='line_1_7' title="bbox 200 523 1797 575; baseline 0.002 -11"><span class='ocrx_word' id='word_1_39' title='bbox 200 526 325 565; x_wconf 78' lang='lat' dir='ltr'>vetur</span> <span class='ocrx_word' id='word_1_40' title='bbox 355 525 580 574; x_wconf 87' lang='lat' dir='ltr'>memoria,</span> <span class='ocrx_word' id='word_1_41' title='bbox 613 523 807 565; x_wconf 88' lang='lat' dir='ltr'>refricari</span> <span class='ocrx_word' id='word_1_42' title='bbox 840 525 935 575; x_wconf 81' lang='lat' dir='ltr'>dici,</span> <span class='ocrx_word' id='word_1_43' title='bbox 969 537 1056 566; x_wconf 91' lang='lat' dir='ltr'>non</span> <span class='ocrx_word' id='word_1_44' title='bbox 1089 526 1155 565; x_wconf 91' lang='lat' dir='ltr'>est</span> <span class='ocrx_word' id='word_1_45' title='bbox 1188 527 1366 565; x_wconf 89' lang='lat' dir='ltr'>certum.</span> <span class='ocrx_word' id='word_1_46' title='bbox 1415 524 1478 565; x_wconf 86' lang='lat' dir='ltr'>Ex</span> <span class='ocrx_word' id='word_1_47' title='bbox 1510 525 1656 566; x_wconf 88' lang='lat' dir='ltr'>alteris</span> <span class='ocrx_word' id='word_1_48' title='bbox 1689 525 1797 567; x_wconf 91' lang='lat' dir='ltr'>dua-</span> 
     </span>
     <span class='ocr_line' id='line_1_8' title="bbox 200 594 1798 649; baseline 0.001 -14"><span class='ocrx_word' id='word_1_49' title='bbox 200 594 282 635; x_wconf 89' lang='lat' dir='ltr'>bus</span> <span class='ocrx_word' id='word_1_50' title='bbox 315 596 537 648; x_wconf 90' lang='lat' dir='ltr'>scripturis</span> <span class='ocrx_word' id='word_1_51' title='bbox 572 595 823 647; x_wconf 80' lang='lat' dir='ltr'>exquisitior</span> <span class='ocrx_word' id='word_1_52' title='bbox 854 595 989 636; x_wconf 79' lang='lat' dir='ltr'>videri</span> <span class='ocrx_word' id='word_1_53' title='bbox 1022 595 1157 648; x_wconf 90' lang='lat' dir='ltr'>possit</span> <span class='ocrx_word' id='word_1_54' title='bbox 1189 595 1444 648; x_wconf 62' lang='lat' dir='ltr'>referretm‘3</span> <span class='ocrx_word' id='word_1_55' title='bbox 1485 596 1562 636; x_wconf 91' lang='lat' dir='ltr'>sed</span> <span class='ocrx_word' id='word_1_56' title='bbox 1592 595 1638 638; x_wconf 90' lang='lat' dir='ltr'>id</span> <span class='ocrx_word' id='word_1_57' title='bbox 1668 596 1798 649; x_wconf 82' lang='lat' dir='ltr'>signi-</span> 
     </span>
     <span class='ocr_line' id='line_1_9' title="bbox 200 665 1798 720; baseline 0.001 -13"><span class='ocrx_word' id='word_1_58' title='bbox 200 665 362 716; x_wconf 85' lang='lat' dir='ltr'>ficaret,</span> <span class='ocrx_word' id='word_1_59' title='bbox 397 666 582 707; x_wconf 89' lang='lat' dir='ltr'>eandem</span> <span class='ocrx_word' id='word_1_60' title='bbox 614 666 771 707; x_wconf 87' lang='lat' dir='ltr'>iterum</span> <span class='ocrx_word' id='word_1_61' title='bbox 805 666 1000 707; x_wconf 88' lang='lat' dir='ltr'>fabulam</span> <span class='ocrx_word' id='word_1_62' title='bbox 1035 667 1116 719; x_wconf 81' lang='lat' dir='ltr'>agi,</span> <span class='ocrx_word' id='word_1_63' title='bbox 1151 679 1243 707; x_wconf 87' lang='lat' dir='ltr'>rem</span> <span class='ocrx_word' id='word_1_64' title='bbox 1275 666 1459 707; x_wconf 82' lang='lat' dir='ltr'>similem</span> <span class='ocrx_word' id='word_1_65' title='bbox 1491 667 1603 716; x_wconf 87' lang='lat' dir='ltr'>fieri;</span> <span class='ocrx_word' id='word_1_66' title='bbox 1652 667 1798 720; x_wconf 88' lang='lat' dir='ltr'>itaque</span> 
     </span>
     <span class='ocr_line' id='line_1_10' title="bbox 202 737 1800 791; baseline 0.001 -14"><span class='ocrx_word' id='word_1_67' title='bbox 202 737 255 778; x_wconf 94' lang='lat' dir='ltr'>de</span> <span class='ocrx_word' id='word_1_68' title='bbox 287 740 495 779; x_wconf 80' lang='lat' dir='ltr'>renovato</span> <span class='ocrx_word' id='word_1_69' title='bbox 528 750 728 778; x_wconf 86' lang='lat' dir='ltr'>sermone</span> <span class='ocrx_word' id='word_1_70' title='bbox 760 738 876 791; x_wconf 80' lang='lat' dir='ltr'>vulgi</span> <span class='ocrx_word' id='word_1_71' title='bbox 908 738 1126 790; x_wconf 79' lang='lat' dir='ltr'>famaque,</span> <span class='ocrx_word' id='word_1_72' title='bbox 1168 750 1252 790; x_wconf 90' lang='lat' dir='ltr'>quo</span> <span class='ocrx_word' id='word_1_73' title='bbox 1285 737 1444 778; x_wconf 83' lang='lat' dir='ltr'>fabulae</span> <span class='ocrx_word' id='word_1_74' title='bbox 1478 750 1636 779; x_wconf 91' lang='lat' dir='ltr'>nomen</span> <span class='ocrx_word' id='word_1_75' title='bbox 1667 738 1800 791; x_wconf 90' lang='lat' dir='ltr'>perti-</span> 
     </span>
     <span class='ocr_line' id='line_1_11' title="bbox 200 807 1800 861; baseline 0 -12"><span class='ocrx_word' id='word_1_76' title='bbox 200 821 302 849; x_wconf 91' lang='lat' dir='ltr'>nere</span> <span class='ocrx_word' id='word_1_77' title='bbox 336 811 452 849; x_wconf 86' lang='lat' dir='ltr'>recte</span> <span class='ocrx_word' id='word_1_78' title='bbox 484 811 641 861; x_wconf 73' lang='lat' dir='ltr'>potest,</span> <span class='ocrx_word' id='word_1_79' title='bbox 691 809 833 861; x_wconf 90' lang='lat' dir='ltr'>aptius</span> <span class='ocrx_word' id='word_1_80' title='bbox 874 808 955 849; x_wconf 91' lang='lat' dir='ltr'>dici</span> <span class='ocrx_word' id='word_1_81' title='bbox 998 809 1167 849; x_wconf 84' lang='lat' dir='ltr'>videtur</span> <span class='ocrx_word' id='word_1_82' title='bbox 1208 807 1424 860; x_wconf 72' lang='lat' dir='ltr'>reficiendi</span> <span class='ocrx_word' id='word_1_83' title='bbox 1455 809 1677 850; x_wconf 66' lang='lat' dir='ltr'>verbum.⁴</span> <span class='ocrx_word' id='word_1_84' title='bbox 1715 809 1800 849; x_wconf 80' lang='lat' dir='ltr'>Ex-</span> 
     </span>
     <span class='ocr_line' id='line_1_12' title="bbox 201 878 1801 932; baseline 0 -12"><span class='ocrx_word' id='word_1_85' title='bbox 201 880 403 920; x_wconf 89' lang='lat' dir='ltr'>stinctam</span> <span class='ocrx_word' id='word_1_86' title='bbox 437 879 526 920; x_wconf 86' lang='lat' dir='ltr'>fere</span> <span class='ocrx_word' id='word_1_87' title='bbox 554 879 997 932; x_wconf 54' lang='lat' dir='ltr'>,languescentemque</span> <span class='ocrx_word' id='word_1_88' title='bbox 1031 878 1489 921; x_wconf 78' lang='lat' dir='ltr'>commemorationem</span> <span class='ocrx_word' id='word_1_89' title='bbox 1522 878 1583 919; x_wconf 91' lang='lat' dir='ltr'>rei</span> <span class='ocrx_word' id='word_1_90' title='bbox 1614 879 1801 920; x_wconf 84' lang='lat' dir='ltr'>recreari</span> 
     </span>
     <span class='ocr_line' id='line_1_13' title="bbox 202 949 1798 1004; baseline 0.001 -14"><span class='ocrx_word' id='word_1_91' title='bbox 202 949 316 991; x_wconf 87' lang='lat' dir='ltr'>dicit.</span> <span class='ocrx_word' id='word_1_92' title='bbox 364 950 515 1003; x_wconf 86' lang='lat' dir='ltr'>Itaque</span> <span class='ocrx_word' id='word_1_93' title='bbox 547 951 629 992; x_wconf 89' lang='lat' dir='ltr'>hoc</span> <span class='ocrx_word' id='word_1_94' title='bbox 662 950 927 1004; x_wconf 87' lang='lat' dir='ltr'>praetulerim</span> <span class='ocrx_word' id='word_1_95' title='bbox 961 952 1003 991; x_wconf 91' lang='lat' dir='ltr'>et</span> <span class='ocrx_word' id='word_1_96' title='bbox 1035 963 1135 991; x_wconf 81' lang='lat' dir='ltr'>vere</span> <span class='ocrx_word' id='word_1_97' title='bbox 1169 962 1359 991; x_wconf 85' lang='lat' dir='ltr'>errorem</span> <span class='ocrx_word' id='word_1_98' title='bbox 1393 950 1550 991; x_wconf 87' lang='lat' dir='ltr'>codicis</span> <span class='ocrx_word' id='word_1_99' title='bbox 1582 950 1798 991; x_wconf 88' lang='lat' dir='ltr'>Parisien-</span> 
     </span>
     <span class='ocr_line' id='line_1_14' title="bbox 202 1018 1179 1074; baseline -0.001 -11"><span class='ocrx_word' id='word_1_100' title='bbox 202 1021 258 1063; x_wconf 90' lang='lat' dir='ltr'>sis</span> <span class='ocrx_word' id='word_1_101' title='bbox 292 1024 533 1063; x_wconf 88' lang='lat' dir='ltr'>correctum</span> <span class='ocrx_word' id='word_1_102' title='bbox 566 1022 610 1063; x_wconf 90' lang='lat' dir='ltr'>in</span> <span class='ocrx_word' id='word_1_103' title='bbox 642 1022 735 1063; x_wconf 88' lang='lat' dir='ltr'>aliis</span> <span class='ocrx_word' id='word_1_104' title='bbox 770 1021 894 1063; x_wconf 88' lang='lat' dir='ltr'>codd.</span> <span class='ocrx_word' id='word_1_105' title='bbox 927 1018 1179 1074; x_wconf 76' lang='lat' dir='ltr'>putarin1.‘2)</span> 
     </span>
    </p>

    <p class='ocr_par' dir='ltr' id='par_1_4' title="bbox 200 1091 1806 1928">
     <span class='ocr_line' id='line_1_15' title="bbox 321 1091 1802 1145; baseline -0.001 -11"><span class='ocrx_word' id='word_1_106' title='bbox 321 1092 366 1134; x_wconf 87' lang='lat' dir='ltr'>C.</span> <span class='ocrx_word' id='word_1_107' title='bbox 401 1093 469 1142; x_wconf 64' lang='lat'>30,</span> <span class='ocrx_word' id='word_1_108' title='bbox 516 1093 571 1134; x_wconf 81' lang='lat'>72</span> <span class='ocrx_word' id='word_1_109' title='bbox 604 1092 820 1134; x_wconf 83' lang='lat' dir='ltr'>Ciceronis</span> <span class='ocrx_word' id='word_1_110' title='bbox 869 1093 1006 1134; x_wconf 90' lang='lat' dir='ltr'>oratio</span> <span class='ocrx_word' id='word_1_111' title='bbox 1055 1105 1106 1133; x_wconf 82' lang='lat' dir='ltr'>ex</span> <span class='ocrx_word' id='word_1_112' title='bbox 1156 1092 1301 1133; x_wconf 90' lang='lat' dir='ltr'>codice</span> <span class='ocrx_word' id='word_1_113' title='bbox 1348 1092 1630 1145; x_wconf 75' lang='lat' dir='ltr'>palimpsesto</span> <span class='ocrx_word' id='word_1_114' title='bbox 1679 1091 1802 1132; x_wconf 89' lang='lat' dir='ltr'>addi-</span> 
     </span>
     <span class='ocr_line' id='line_1_16' title="bbox 200 1162 1802 1213; baseline -0.001 -8"><span class='ocrx_word' id='word_1_115' title='bbox 200 1166 396 1206; x_wconf 90' lang='lat' dir='ltr'>tamento</span> <span class='ocrx_word' id='word_1_116' title='bbox 429 1164 568 1205; x_wconf 89' lang='lat' dir='ltr'>inutili</span> <span class='ocrx_word' id='word_1_117' title='bbox 612 1165 793 1205; x_wconf 88' lang='lat' dir='ltr'>onerata</span> <span class='ocrx_word' id='word_1_118' title='bbox 837 1166 914 1204; x_wconf 91' lang='lat' dir='ltr'>est.</span> <span class='ocrx_word' id='word_1_119' title='bbox 978 1164 1089 1204; x_wconf 89' lang='lat' dir='ltr'>Nam</span> <span class='ocrx_word' id='word_1_120' title='bbox 1133 1163 1330 1213; x_wconf 82' lang='lat' dir='ltr'>Orellius,</span> <span class='ocrx_word' id='word_1_121' title='bbox 1378 1162 1628 1204; x_wconf 87' lang='lat' dir='ltr'>Heinrichio</span> <span class='ocrx_word' id='word_1_122' title='bbox 1672 1162 1802 1204; x_wconf 91' lang='lat' dir='ltr'>etiam</span> 
     </span>
     <span class='ocr_line' id='line_1_17' title="bbox 202 1234 1804 1289; baseline -0.001 -13"><span class='ocrx_word' id='word_1_123' title='bbox 202 1237 391 1285; x_wconf 85' lang='lat' dir='ltr'>auctore,</span> <span class='ocrx_word' id='word_1_124' title='bbox 443 1235 595 1276; x_wconf 89' lang='lat' dir='ltr'>edidit:</span> <span class='ocrx_word' id='word_1_125' title='bbox 645 1235 713 1275; x_wconf 77' lang='lat' dir='ltr'>cui</span> <span class='ocrx_word' id='word_1_126' title='bbox 752 1248 880 1289; x_wconf 72' lang='lat' dir='ltr'>neque</span> <span class='ocrx_word' id='word_1_127' title='bbox 911 1235 1138 1288; x_wconf 72' lang='lat' dir='ltr'>proprium</span> <span class='ocrx_word' id='word_1_128' title='bbox 1178 1234 1344 1289; x_wconf 70' lang='lat' dir='ltr'>quidem</span> <span class='ocrx_word' id='word_1_129' title='bbox 1377 1235 1533 1275; x_wconf 75' lang='lat' dir='ltr'>crimen</span> <span class='ocrx_word' id='word_1_130' title='bbox 1566 1234 1804 1289; x_wconf 74' lang='lat' dir='ltr'>quaestionis</span> 
     </span>
     <span class='ocr_line' id='line_1_18' title="bbox 202 1305 1802 1361; baseline -0.001 -14"><span class='ocrx_word' id='word_1_131' title='bbox 202 1306 397 1347; x_wconf 72' lang='lat' dir='ltr'>obiicitur</span> <span class='ocrx_word' id='word_1_132' title='bbox 428 1321 500 1347; x_wconf 72' lang='lat' dir='ltr'>nee</span> <span class='ocrx_word' id='word_1_133' title='bbox 532 1320 626 1346; x_wconf 71' lang='lat' dir='ltr'>vero</span> <span class='ocrx_word' id='word_1_134' title='bbox 660 1305 825 1361; x_wconf 65' lang='lat' dir='ltr'>aliquid</span> <span class='ocrx_word' id='word_1_135' title='bbox 866 1305 1082 1359; x_wconf 69' lang='lat' dir='ltr'>eiusmodi,</span> <span class='ocrx_word' id='word_1_136' title='bbox 1131 1306 1239 1361; x_wconf 74' lang='lat' dir='ltr'>quod</span> <span class='ocrx_word' id='word_1_137' title='bbox 1279 1307 1331 1347; x_wconf 73' lang='lat' dir='ltr'>sit</span> <span class='ocrx_word' id='word_1_138' title='bbox 1372 1320 1398 1346; x_wconf 79' lang='grc' dir='ltr'><em>α</em></span> <span class='ocrx_word' id='word_1_139' title='bbox 1437 1306 1522 1360; x_wconf 58' lang='lat' dir='ltr'>leffe</span> <span class='ocrx_word' id='word_1_140' title='bbox 1560 1305 1802 1357; x_wconf 73' lang='lat' dir='ltr'>seiunctum,</span> 
     </span>
     <span class='ocr_line' id='line_1_19' title="bbox 202 1376 1805 1431; baseline -0.002 -12"><span class='ocrx_word' id='word_1_141' title='bbox 202 1392 294 1419; x_wconf 76' lang='lat' dir='ltr'>cum</span> <span class='ocrx_word' id='word_1_142' title='bbox 341 1383 478 1419; x_wconf 76' lang='lat' dir='ltr'>vestra</span> <span class='ocrx_word' id='word_1_143' title='bbox 525 1377 741 1418; x_wconf 76' lang='lat' dir='ltr'>severitate</span> <span class='ocrx_word' id='word_1_144' title='bbox 788 1377 1062 1418; x_wconf 72' lang='lat' dir='ltr'>coniunctum.</span> <span class='ocrx_word' id='word_1_145' title='bbox 1131 1377 1304 1430; x_wconf 88' lang='lat' dir='ltr'>Reliqui</span> <span class='ocrx_word' id='word_1_146' title='bbox 1351 1377 1457 1417; x_wconf 90' lang='lat' dir='ltr'>illud</span> <span class='ocrx_word' id='word_1_147' title='bbox 1504 1376 1672 1431; x_wconf 71' lang='lat' dir='ltr'>quidem</span> <span class='ocrx_word' id='word_1_148' title='bbox 1717 1389 1805 1417; x_wconf 90' lang='lat' dir='ltr'>non</span> 
     </span>
     <span class='ocr_line' id='line_1_20' title="bbox 200 1447 1803 1502; baseline -0.002 -11"><span class='ocrx_word' id='word_1_149' title='bbox 200 1449 386 1500; x_wconf 81' lang='lat' dir='ltr'>habent,</span> <span class='ocrx_word' id='word_1_150' title='bbox 437 1448 553 1502; x_wconf 90' lang='lat' dir='ltr'>quod</span> <span class='ocrx_word' id='word_1_151' title='bbox 599 1460 739 1500; x_wconf 91' lang='lat' dir='ltr'>neque</span> <span class='ocrx_word' id='word_1_152' title='bbox 788 1449 1016 1489; x_wconf 77' lang='lat' dir='ltr'>structurae</span> <span class='ocrx_word' id='word_1_153' title='bbox 1064 1451 1216 1501; x_wconf 86' lang='lat' dir='ltr'>aptum</span> <span class='ocrx_word' id='word_1_154' title='bbox 1264 1450 1329 1489; x_wconf 92' lang='lat' dir='ltr'>est</span> <span class='ocrx_word' id='word_1_155' title='bbox 1375 1461 1516 1500; x_wconf 89' lang='lat' dir='ltr'>neque</span> <span class='ocrx_word' id='word_1_156' title='bbox 1563 1447 1803 1488; x_wconf 82' lang='lat' dir='ltr'>sententiae.</span> 
     </span>
     <span class='ocr_line' id='line_1_21' title="bbox 201 1518 1804 1574; baseline -0.002 -12"><span class='ocrx_word' id='word_1_157' title='bbox 201 1521 313 1562; x_wconf 89' lang='lat' dir='ltr'>Nam</span> <span class='ocrx_word' id='word_1_158' title='bbox 346 1521 441 1574; x_wconf 91' lang='lat' dir='ltr'>ipsa</span> <span class='ocrx_word' id='word_1_159' title='bbox 473 1519 698 1573; x_wconf 85' lang='lat' dir='ltr'>particula,</span> <span class='ocrx_word' id='word_1_160' title='bbox 733 1519 795 1560; x_wconf 92' lang='lat' dir='ltr'>rei</span> <span class='ocrx_word' id='word_1_161' title='bbox 827 1518 1101 1571; x_wconf 84' lang='lat' dir='ltr'>praecedente</span> <span class='ocrx_word' id='word_1_162' title='bbox 1134 1519 1347 1560; x_wconf 83' lang='lat' dir='ltr'>vocabulo</span> <span class='ocrx_word' id='word_1_163' title='bbox 1373 1518 1624 1571; x_wconf 78' lang='lat' dir='ltr'>significatae</span> <span class='ocrx_word' id='word_1_164' title='bbox 1648 1518 1804 1558; x_wconf 91' lang='lat' dir='ltr'>immo-</span> 
     </span>
     <span class='ocr_line' id='line_1_22' title="bbox 202 1581 1805 1641; baseline -0.002 -8"><span class='ocrx_word' id='word_1_165' title='bbox 202 1592 288 1633; x_wconf 90' lang='lat' dir='ltr'>rari</span> <span class='ocrx_word' id='word_1_166' title='bbox 331 1592 504 1641; x_wconf 85' lang='lat' dir='ltr'>iubens,</span> <span class='ocrx_word' id='word_1_167' title='bbox 555 1604 580 1632; x_wconf 93' lang='lat' dir='ltr'>a</span> <span class='ocrx_word' id='word_1_168' title='bbox 619 1591 828 1631; x_wconf 90' lang='lat' dir='ltr'>membris</span> <span class='ocrx_word' id='word_1_169' title='bbox 869 1590 1074 1631; x_wconf 89' lang='lat' dir='ltr'>orationis</span> <span class='ocrx_word' id='word_1_170' title='bbox 1124 1589 1360 1631; x_wconf 88' lang='lat' dir='ltr'>coniunctis</span> <span class='ocrx_word' id='word_1_171' title='bbox 1409 1581 1550 1630; x_wconf 88' lang='lat' dir='ltr'>aliena</span> <span class='ocrx_word' id='word_1_172' title='bbox 1598 1591 1675 1639; x_wconf 87' lang='lat' dir='ltr'>est,</span> <span class='ocrx_word' id='word_1_173' title='bbox 1705 1601 1805 1629; x_wconf 84' lang='lat' dir='ltr'>:nec</span> 
     </span>
     <span class='ocr_line' id='line_1_23' title="bbox 202 1659 1804 1715; baseline -0.002 -11"><span class='ocrx_word' id='word_1_174' title='bbox 202 1675 387 1715; x_wconf 80' lang='lat' dir='ltr'>usquam</span> <span class='ocrx_word' id='word_1_175' title='bbox 428 1663 570 1715; x_wconf 89' lang='lat' dir='ltr'>posita</span> <span class='ocrx_word' id='word_1_176' title='bbox 609 1661 669 1703; x_wconf 90' lang='lat' dir='ltr'>sic</span> <span class='ocrx_word' id='word_1_177' title='bbox 708 1662 941 1715; x_wconf 89' lang='lat' dir='ltr'>reperitur,</span> <span class='ocrx_word' id='word_1_178' title='bbox 974 1660 1239 1714; x_wconf 53' lang='lat' dir='ltr'>&#39;frustraque</span> <span class='ocrx_word' id='word_1_179' title='bbox 1289 1661 1471 1702; x_wconf 88' lang='lat' dir='ltr'>Orellius</span> <span class='ocrx_word' id='word_1_180' title='bbox 1520 1660 1576 1702; x_wconf 89' lang='lat' dir='ltr'>ad</span> <span class='ocrx_word' id='word_1_181' title='bbox 1624 1659 1804 1712; x_wconf 87' lang='lat' dir='ltr'>duplicis</span> 
     </span>
     <span class='ocr_line' id='line_1_24' title="bbox 203 1730 1803 1785; baseline -0.002 -11"><span class='ocrx_word' id='word_1_182' title='bbox 203 1735 431 1774; x_wconf 83' lang='lat' dir='ltr'>structurae</span> <span class='ocrx_word' id='word_1_183' title='bbox 481 1733 777 1774; x_wconf 87' lang='lat' dir='ltr'>confusionem</span> <span class='ocrx_word' id='word_1_184' title='bbox 827 1732 1029 1785; x_wconf 84' lang='lat' dir='ltr'>confugit.</span> <span class='ocrx_word' id='word_1_185' title='bbox 1103 1732 1268 1773; x_wconf 89' lang='lat' dir='ltr'>Deinde</span> <span class='ocrx_word' id='word_1_186' title='bbox 1317 1732 1377 1773; x_wconf 89' lang='lat' dir='ltr'>ita</span> <span class='ocrx_word' id='word_1_187' title='bbox 1424 1731 1529 1772; x_wconf 93' lang='lat' dir='ltr'>illud</span> <span class='ocrx_word' id='word_1_188' title='bbox 1577 1730 1803 1782; x_wconf 86' lang='lat' dir='ltr'>diceretur,</span> 
     </span>
     <span class='ocr_line' id='line_1_25' title="bbox 202 1802 1806 1857; baseline -0.002 -12"><span class='ocrx_word' id='word_1_189' title='bbox 202 1807 413 1856; x_wconf 84' lang='lat' dir='ltr'>tanquam</span> <span class='ocrx_word' id='word_1_190' title='bbox 452 1803 508 1854; x_wconf 81' lang='lat' dir='ltr'>id,</span> <span class='ocrx_word' id='word_1_191' title='bbox 560 1804 675 1857; x_wconf 87' lang='lat' dir='ltr'>quod</span> <span class='ocrx_word' id='word_1_192' title='bbox 713 1804 795 1845; x_wconf 92' lang='lat' dir='ltr'>hoc</span> <span class='ocrx_word' id='word_1_193' title='bbox 834 1803 1032 1844; x_wconf 88' lang='lat' dir='ltr'>membro</span> <span class='ocrx_word' id='word_1_194' title='bbox 1075 1803 1528 1856; x_wconf 87' lang='lat' dir='ltr'>comprehenderetur,</span> <span class='ocrx_word' id='word_1_195' title='bbox 1578 1802 1806 1843; x_wconf 90' lang='lat' dir='ltr'>minimum</span> 
     </span>
     <span class='ocr_line' id='line_1_26' title="bbox 204 1874 1806 1928; baseline -0.001 -12"><span class='ocrx_word' id='word_1_196' title='bbox 204 1879 339 1924; x_wconf 82' lang='lat' dir='ltr'>esset3</span> <span class='ocrx_word' id='word_1_197' title='bbox 374 1875 492 1928; x_wconf 88' lang='lat' dir='ltr'>atqui</span> <span class='ocrx_word' id='word_1_198' title='bbox 526 1875 630 1916; x_wconf 86' lang='lat' dir='ltr'>nihil</span> <span class='ocrx_word' id='word_1_199' title='bbox 663 1875 777 1916; x_wconf 89' lang='lat' dir='ltr'>ultra</span> <span class='ocrx_word' id='word_1_200' title='bbox 809 1874 1021 1927; x_wconf 86' lang='lat' dir='ltr'>postulari</span> <span class='ocrx_word' id='word_1_201' title='bbox 1052 1876 1209 1926; x_wconf 88' lang='lat' dir='ltr'>potest,</span> <span class='ocrx_word' id='word_1_202' title='bbox 1244 1887 1376 1927; x_wconf 88' lang='lat' dir='ltr'>quam</span> <span class='ocrx_word' id='word_1_203' title='bbox 1408 1876 1457 1914; x_wconf 91' lang='lat' dir='ltr'>ut</span> <span class='ocrx_word' id='word_1_204' title='bbox 1489 1874 1663 1926; x_wconf 89' lang='lat' dir='ltr'>proprio</span> <span class='ocrx_word' id='word_1_205' title='bbox 1691 1886 1806 1926; x_wconf 75' lang='lat' dir='ltr'>quae-</span> 
     </span>
    </p>
   </div>
   <div class='ocr_carea' id='block_1_4' title="bbox 204 1983 372 1986">
    <p class='ocr_par' dir='ltr' id='par_1_5' title="bbox 204 1983 372 1986">
     <span class='ocr_line' id='line_1_27' title="bbox 204 1983 372 1986; baseline 0 0"><span class='ocrx_word' id='word_1_206' title='bbox 204 1983 372 1986; x_wconf 95' lang='lat' dir='ltr'> </span> 
     </span>
    </p>
   </div>
   <div class='ocr_carea' id='block_1_5' title="bbox 373 1982 558 1985">
    <p class='ocr_par' dir='ltr' id='par_1_6' title="bbox 373 1982 558 1985">
     <span class='ocr_line' id='line_1_28' title="bbox 373 1982 558 1985; baseline 0 0"><span class='ocrx_word' id='word_1_207' title='bbox 373 1982 558 1985; x_wconf 95' lang='lat' dir='ltr'> </span> 
     </span>
    </p>
   </div>
   <div class='ocr_carea' id='block_1_6' title="bbox 242 2050 1812 2922">
    <p class='ocr_par' dir='ltr' id='par_1_7' title="bbox 243 2050 1805 2153">
     <span class='ocr_line' id='line_1_29' title="bbox 243 2050 1805 2096; baseline -0.001 -10"><span class='ocrx_word' id='word_1_208' title='bbox 243 2050 270 2095; x_wconf 88' lang='lat'>1)</span> <span class='ocrx_word' id='word_1_209' title='bbox 297 2053 477 2096; x_wconf 86' lang='lat' dir='ltr'>Quattuor</span> <span class='ocrx_word' id='word_1_210' title='bbox 504 2052 653 2086; x_wconf 89' lang='lat' dir='ltr'>omnino</span> <span class='ocrx_word' id='word_1_211' title='bbox 679 2056 764 2086; x_wconf 80' lang='lat' dir='ltr'>sunt</span> <span class='ocrx_word' id='word_1_212' title='bbox 790 2052 826 2085; x_wconf 91' lang='lat' dir='ltr'>in</span> <span class='ocrx_word' id='word_1_213' title='bbox 854 2052 921 2085; x_wconf 83' lang='lat' dir='ltr'>hac</span> <span class='ocrx_word' id='word_1_214' title='bbox 947 2055 1051 2096; x_wconf 87' lang='lat' dir='ltr'>parte</span> <span class='ocrx_word' id='word_1_215' title='bbox 1078 2051 1318 2091; x_wconf 86' lang='lat' dir='ltr'>Oxonienses;</span> <span class='ocrx_word' id='word_1_216' title='bbox 1358 2061 1444 2084; x_wconf 86' lang='lat' dir='ltr'>nam</span> <span class='ocrx_word' id='word_1_217' title='bbox 1477 2051 1548 2084; x_wconf 91' lang='lat' dir='ltr'>duo</span> <span class='ocrx_word' id='word_1_218' title='bbox 1582 2061 1600 2084; x_wconf 88' lang='lat' dir='ltr'>e</span> <span class='ocrx_word' id='word_1_219' title='bbox 1633 2061 1696 2085; x_wconf 88' lang='lat' dir='ltr'>sex</span> <span class='ocrx_word' id='word_1_220' title='bbox 1722 2050 1805 2084; x_wconf 84' lang='lat' dir='ltr'>defi-</span> 
     </span>
     <span class='ocr_line' id='line_1_30' title="bbox 301 2110 1540 2153; baseline -0.002 -8"><span class='ocrx_word' id='word_1_221' title='bbox 301 2112 411 2153; x_wconf 84' lang='lat' dir='ltr'>ciunt,</span> <span class='ocrx_word' id='word_1_222' title='bbox 439 2115 478 2146; x_wconf 91' lang='lat' dir='ltr'>ut</span> <span class='ocrx_word' id='word_1_223' title='bbox 507 2111 561 2145; x_wconf 87' lang='lat' dir='ltr'>ed.</span> <span class='ocrx_word' id='word_1_224' title='bbox 590 2122 611 2145; x_wconf 80' lang='lat' dir='ltr'>a</span> <span class='ocrx_word' id='word_1_225' title='bbox 638 2110 740 2151; x_wconf 71' lang='lat'>1472,</span> <span class='ocrx_word' id='word_1_226' title='bbox 769 2122 797 2145; x_wconf 91' lang='lat' dir='ltr'>c.</span> <span class='ocrx_word' id='word_1_227' title='bbox 825 2110 880 2151; x_wconf 71' lang='lat'>29,</span> <span class='ocrx_word' id='word_1_228' title='bbox 910 2110 954 2144; x_wconf 78' lang='lat'>70</span> <span class='ocrx_word' id='word_1_229' title='bbox 980 2111 1016 2144; x_wconf 91' lang='lat' dir='ltr'>in</span> <span class='ocrx_word' id='word_1_230' title='bbox 1043 2110 1192 2144; x_wconf 84' lang='lat' dir='ltr'>vocibus</span> <span class='ocrx_word' id='word_1_231' title='bbox 1219 2112 1406 2144; x_wconf 77' lang='lat' dir='ltr'>commissa</span> <span class='ocrx_word' id='word_1_232' title='bbox 1433 2111 1540 2143; x_wconf 70' lang='lat' dir='ltr'>vobis.</span> 
     </span>
    </p>

    <p class='ocr_par' dir='ltr' id='par_1_8' title="bbox 242 2168 1812 2922">
     <span class='ocr_line' id='line_1_31' title="bbox 242 2168 1806 2214; baseline -0.003 -9"><span class='ocrx_word' id='word_1_233' title='bbox 242 2169 270 2213; x_wconf 86' lang='lat'>²)</span> <span class='ocrx_word' id='word_1_234' title='bbox 296 2171 409 2205; x_wconf 84' lang='lat' dir='ltr'>Paulo</span> <span class='ocrx_word' id='word_1_235' title='bbox 437 2181 549 2214; x_wconf 84' lang='lat' dir='ltr'>supra</span> <span class='ocrx_word' id='word_1_236' title='bbox 576 2182 604 2204; x_wconf 80' lang='lat' dir='ltr'>c,</span> <span class='ocrx_word' id='word_1_237' title='bbox 631 2169 687 2211; x_wconf 77' lang='lat'>29,</span> <span class='ocrx_word' id='word_1_238' title='bbox 717 2170 761 2203; x_wconf 81' lang='lat'>70</span> <span class='ocrx_word' id='word_1_239' title='bbox 787 2170 951 2204; x_wconf 90' lang='lat' dir='ltr'>nondum</span> <span class='ocrx_word' id='word_1_240' title='bbox 978 2170 1133 2204; x_wconf 88' lang='lat' dir='ltr'>abiicere</span> <span class='ocrx_word' id='word_1_241' title='bbox 1160 2169 1287 2210; x_wconf 88' lang='lat' dir='ltr'>audeo,</span> <span class='ocrx_word' id='word_1_242' title='bbox 1322 2169 1419 2212; x_wconf 89' lang='lat' dir='ltr'>quod</span> <span class='ocrx_word' id='word_1_243' title='bbox 1445 2168 1644 2202; x_wconf 85' lang='lat' dir='ltr'>Lambinus</span> <span class='ocrx_word' id='word_1_244' title='bbox 1671 2168 1707 2201; x_wconf 90' lang='lat' dir='ltr'>in</span> <span class='ocrx_word' id='word_1_245' title='bbox 1734 2178 1806 2201; x_wconf 91' lang='lat' dir='ltr'>uno</span> 
     </span>
     <span class='ocr_line' id='line_1_32' title="bbox 300 2228 1808 2273; baseline -0.003 -9"><span class='ocrx_word' id='word_1_246' title='bbox 300 2231 421 2264; x_wconf 87' lang='lat' dir='ltr'>codice</span> <span class='ocrx_word' id='word_1_247' title='bbox 449 2230 561 2264; x_wconf 80' lang='lat' dir='ltr'>fuisse</span> <span class='ocrx_word' id='word_1_248' title='bbox 588 2229 714 2263; x_wconf 82' lang='lat' dir='ltr'>tradit:</span> <span class='ocrx_word' id='word_1_249' title='bbox 752 2241 822 2263; x_wconf 76' lang='lat' dir='ltr'>non</span> <span class='ocrx_word' id='word_1_250' title='bbox 849 2231 896 2263; x_wconf 84' lang='lat' dir='ltr'>ad</span> <span class='ocrx_word' id='word_1_251' title='bbox 921 2232 976 2263; x_wconf 67' lang='lat' dir='ltr'>ret?</span> <span class='ocrx_word' id='word_1_252' title='bbox 994 2230 1150 2273; x_wconf 73' lang='lat' dir='ltr'>publz&#39;coe</span> <span class='ocrx_word' id='word_1_253' title='bbox 1168 2239 1310 2272; x_wconf 76' lang='lat' dir='ltr'>poenas,</span> <span class='ocrx_word' id='word_1_254' title='bbox 1344 2229 1405 2261; x_wconf 76' lang='lat' dir='ltr'>sed</span> <span class='ocrx_word' id='word_1_255' title='bbox 1431 2229 1478 2261; x_wconf 81' lang='lat' dir='ltr'>ad</span> <span class='ocrx_word' id='word_1_256' title='bbox 1504 2229 1666 2261; x_wconf 73' lang='lat' dir='ltr'>mulieris</span> <span class='ocrx_word' id='word_1_257' title='bbox 1691 2228 1808 2261; x_wconf 75' lang='lat' dir='ltr'>libidi-</span> 
     </span>
     <span class='ocr_line' id='line_1_33' title="bbox 301 2285 1809 2332; baseline -0.002 -9"><span class='ocrx_word' id='word_1_258' title='bbox 301 2300 396 2323; x_wconf 79' lang='lat' dir='ltr'>nosoe</span> <span class='ocrx_word' id='word_1_259' title='bbox 422 2291 569 2323; x_wconf 79' lang='lat' dir='ltr'>delicias</span> <span class='ocrx_word' id='word_1_260' title='bbox 594 2290 808 2332; x_wconf 72' lang='lat' dir='ltr'>deposcitur.</span> <span class='ocrx_word' id='word_1_261' title='bbox 860 2289 900 2322; x_wconf 92' lang='lat' dir='ltr'>In</span> <span class='ocrx_word' id='word_1_262' title='bbox 927 2288 1067 2332; x_wconf 83' lang='lat' dir='ltr'>vulgari</span> <span class='ocrx_word' id='word_1_263' title='bbox 1100 2288 1279 2332; x_wconf 85' lang='lat' dir='ltr'>scriptura</span> <span class='ocrx_word' id='word_1_264' title='bbox 1312 2288 1489 2329; x_wconf 65' lang='lat' dir='ltr'>(libidines</span> <span class='ocrx_word' id='word_1_265' title='bbox 1522 2292 1553 2320; x_wconf 79' lang='lat' dir='ltr'>et</span> <span class='ocrx_word' id='word_1_266' title='bbox 1585 2285 1664 2328; x_wconf 80' lang='lat' dir='ltr'>del.)</span> <span class='ocrx_word' id='word_1_267' title='bbox 1690 2297 1809 2330; x_wconf 88' lang='lat' dir='ltr'>neque</span> 
     </span>
     <span class='ocr_line' id='line_1_34' title="bbox 300 2346 1810 2392; baseline -0.003 -10"><span class='ocrx_word' id='word_1_268' title='bbox 300 2348 441 2382; x_wconf 85' lang='lat' dir='ltr'>nudum</span> <span class='ocrx_word' id='word_1_269' title='bbox 468 2350 630 2382; x_wconf 74' lang='lat' dir='ltr'>mulieris</span> <span class='ocrx_word' id='word_1_270' title='bbox 655 2359 790 2382; x_wconf 90' lang='lat' dir='ltr'>nomen</span> <span class='ocrx_word' id='word_1_271' title='bbox 817 2347 869 2382; x_wconf 90' lang='lat' dir='ltr'>rei</span> <span class='ocrx_word' id='word_1_272' title='bbox 895 2348 1125 2392; x_wconf 87' lang='lat' dir='ltr'>iniquitatem</span> <span class='ocrx_word' id='word_1_273' title='bbox 1152 2347 1239 2381; x_wconf 78' lang='lat' dir='ltr'>satis</span> <span class='ocrx_word' id='word_1_274' title='bbox 1265 2349 1392 2380; x_wconf 88' lang='lat' dir='ltr'>notare</span> <span class='ocrx_word' id='word_1_275' title='bbox 1418 2346 1562 2380; x_wconf 80' lang='lat' dir='ltr'>videtur</span> <span class='ocrx_word' id='word_1_276' title='bbox 1587 2356 1706 2389; x_wconf 88' lang='lat' dir='ltr'>neque</span> <span class='ocrx_word' id='word_1_277' title='bbox 1731 2346 1810 2378; x_wconf 59' lang='lat' dir='ltr'>liba·-</span> 
     </span>
     <span class='ocr_line' id='line_1_35' title="bbox 300 2404 1809 2451; baseline -0.002 -11"><span class='ocrx_word' id='word_1_278' title='bbox 300 2408 400 2440; x_wconf 75' lang='lat' dir='ltr'>cle&#39;nes</span> <span class='ocrx_word' id='word_1_279' title='bbox 427 2411 509 2450; x_wconf 80' lang='lat' dir='ltr'>apte</span> <span class='ocrx_word' id='word_1_280' title='bbox 536 2407 622 2445; x_wconf 87' lang='lat' dir='ltr'>dici;</span> <span class='ocrx_word' id='word_1_281' title='bbox 657 2418 775 2451; x_wconf 90' lang='lat' dir='ltr'>neque</span> <span class='ocrx_word' id='word_1_282' title='bbox 803 2407 900 2441; x_wconf 85' lang='lat' dir='ltr'>enim</span> <span class='ocrx_word' id='word_1_283' title='bbox 927 2406 1067 2440; x_wconf 84' lang='lat' dir='ltr'>libidini</span> <span class='ocrx_word' id='word_1_284' title='bbox 1093 2417 1191 2440; x_wconf 90' lang='lat' dir='ltr'>nunc</span> <span class='ocrx_word' id='word_1_285' title='bbox 1217 2405 1425 2439; x_wconf 81' lang='lat' dir='ltr'>satisfacere</span> <span class='ocrx_word' id='word_1_286' title='bbox 1453 2405 1577 2440; x_wconf 83' lang='lat' dir='ltr'>Clodia</span> <span class='ocrx_word' id='word_1_287' title='bbox 1603 2404 1712 2448; x_wconf 76' lang='lat' dir='ltr'>cupit,</span> <span class='ocrx_word' id='word_1_288' title='bbox 1746 2404 1809 2437; x_wconf 90' lang='lat' dir='ltr'>sed</span> 
     </span>
     <span class='ocr_line' id='line_1_36' title="bbox 301 2463 1809 2510; baseline -0.002 -11"><span class='ocrx_word' id='word_1_289' title='bbox 301 2466 447 2505; x_wconf 86' lang='lat' dir='ltr'>ultioni;</span> <span class='ocrx_word' id='word_1_290' title='bbox 475 2468 608 2500; x_wconf 64' lang='lat' dir='ltr'>deliez&#39;ae</span> <span class='ocrx_word' id='word_1_291' title='bbox 634 2470 730 2508; x_wconf 86' lang='lat' dir='ltr'>sunt,</span> <span class='ocrx_word' id='word_1_292' title='bbox 765 2477 856 2510; x_wconf 88' lang='lat' dir='ltr'>quas</span> <span class='ocrx_word' id='word_1_293' title='bbox 882 2477 947 2499; x_wconf 86' lang='lat' dir='ltr'>nos</span> <span class='ocrx_word' id='word_1_294' title='bbox 975 2465 1128 2499; x_wconf 87' lang='lat' dir='ltr'>dicimus</span> <span class='ocrx_word' id='word_1_295' title='bbox 1155 2466 1279 2498; x_wconf 77' lang='lat' dir='ltr'>Luner</span> <span class='ocrx_word' id='word_1_296' title='bbox 1305 2463 1496 2507; x_wconf 65' lang='lat' dir='ltr'>(Lamum).</span> <span class='ocrx_word' id='word_1_297' title='bbox 1548 2463 1697 2498; x_wconf 89' lang='lat' dir='ltr'>Accedit</span> <span class='ocrx_word' id='word_1_298' title='bbox 1728 2474 1809 2496; x_wconf 87' lang='lat' dir='ltr'>con-</span> 
     </span>
     <span class='ocr_line' id='line_1_37' title="bbox 301 2523 1810 2559; baseline -0.001 -1"><span class='ocrx_word' id='word_1_299' title='bbox 301 2525 410 2558; x_wconf 85' lang='lat' dir='ltr'>trarie</span> <span class='ocrx_word' id='word_1_300' title='bbox 437 2525 635 2559; x_wconf 86' lang='lat' dir='ltr'>relatorum</span> <span class='ocrx_word' id='word_1_301' title='bbox 662 2526 914 2559; x_wconf 87' lang='lat' dir='ltr'>membrorum</span> <span class='ocrx_word' id='word_1_302' title='bbox 941 2524 1176 2558; x_wconf 80' lang='lat' dir='ltr'>concinnitas.</span> <span class='ocrx_word' id='word_1_303' title='bbox 1228 2524 1271 2557; x_wconf 88' lang='lat' dir='ltr'>Et</span> <span class='ocrx_word' id='word_1_304' title='bbox 1306 2523 1476 2557; x_wconf 85' lang='lat' dir='ltr'>habuisse</span> <span class='ocrx_word' id='word_1_305' title='bbox 1502 2523 1723 2557; x_wconf 81' lang='lat' dir='ltr'>Lambinum</span> <span class='ocrx_word' id='word_1_306' title='bbox 1755 2533 1810 2556; x_wconf 87' lang='lat' dir='ltr'>co-</span> 
     </span>
     <span class='ocr_line' id='line_1_38' title="bbox 302 2583 1809 2627; baseline -0.001 -11"><span class='ocrx_word' id='word_1_307' title='bbox 302 2583 409 2624; x_wconf 75' lang='lat' dir='ltr'>dices,</span> <span class='ocrx_word' id='word_1_308' title='bbox 449 2583 510 2627; x_wconf 88' lang='lat' dir='ltr'>qui</span> <span class='ocrx_word' id='word_1_309' title='bbox 537 2595 650 2617; x_wconf 88' lang='lat' dir='ltr'>unam</span> <span class='ocrx_word' id='word_1_310' title='bbox 682 2587 717 2617; x_wconf 88' lang='lat' dir='ltr'>et</span> <span class='ocrx_word' id='word_1_311' title='bbox 744 2584 897 2618; x_wconf 88' lang='lat' dir='ltr'>alteram</span> <span class='ocrx_word' id='word_1_312' title='bbox 924 2584 1059 2617; x_wconf 89' lang='lat' dir='ltr'>bonam</span> <span class='ocrx_word' id='word_1_313' title='bbox 1087 2583 1304 2627; x_wconf 86' lang='lat' dir='ltr'>scripturam</span> <span class='ocrx_word' id='word_1_314' title='bbox 1330 2583 1616 2627; x_wconf 81' lang='lat' dir='ltr'>suppeditarent,</span> <span class='ocrx_word' id='word_1_315' title='bbox 1656 2592 1737 2626; x_wconf 87' lang='lat' dir='ltr'>quae</span> <span class='ocrx_word' id='word_1_316' title='bbox 1763 2592 1809 2615; x_wconf 88' lang='lat' dir='ltr'>ne</span> 
     </span>
     <span class='ocr_line' id='line_1_39' title="bbox 304 2639 1809 2690; baseline -0.002 -14"><span class='ocrx_word' id='word_1_317' title='bbox 304 2643 341 2676; x_wconf 90' lang='lat' dir='ltr'>in</span> <span class='ocrx_word' id='word_1_318' title='bbox 367 2642 479 2676; x_wconf 87' lang='lat' dir='ltr'>Paris.</span> <span class='ocrx_word' id='word_1_319' title='bbox 507 2642 655 2686; x_wconf 87' lang='lat' dir='ltr'>quidem</span> <span class='ocrx_word' id='word_1_320' title='bbox 687 2643 900 2686; x_wconf 84' lang='lat' dir='ltr'>reperiatur,</span> <span class='ocrx_word' id='word_1_321' title='bbox 939 2645 1091 2687; x_wconf 83' lang='lat' dir='ltr'>apparet</span> <span class='ocrx_word' id='word_1_322' title='bbox 1123 2653 1167 2676; x_wconf 86' lang='lat' dir='ltr'>ex</span> <span class='ocrx_word' id='word_1_323' title='bbox 1199 2653 1228 2676; x_wconf 89' lang='lat' dir='ltr'>c.</span> <span class='ocrx_word' id='word_1_324' title='bbox 1255 2641 1310 2682; x_wconf 71' lang='lat'>22,</span> <span class='ocrx_word' id='word_1_325' title='bbox 1351 2641 1406 2683; x_wconf 80' lang='lat'>54,</span> <span class='ocrx_word' id='word_1_326' title='bbox 1445 2641 1518 2682; x_wconf 90' lang='lat' dir='ltr'>ubi,</span> <span class='ocrx_word' id='word_1_327' title='bbox 1557 2641 1653 2690; x_wconf 89' lang='lat' dir='ltr'>quod</span> <span class='ocrx_word' id='word_1_328' title='bbox 1680 2639 1809 2674; x_wconf 86' lang='lat' dir='ltr'>edidit:</span> 
     </span>
     <span class='ocr_line' id='line_1_40' title="bbox 304 2699 1808 2746; baseline -0.002 -11"><span class='ocrx_word' id='word_1_329' title='bbox 304 2703 375 2735; x_wconf 78' lang='lat' dir='ltr'>illis</span> <span class='ocrx_word' id='word_1_330' title='bbox 400 2703 542 2743; x_wconf 74' lang='lat' dir='ltr'>studiis,</span> <span class='ocrx_word' id='word_1_331' title='bbox 569 2702 641 2734; x_wconf 79' lang='lat' dir='ltr'>illis</span> <span class='ocrx_word' id='word_1_332' title='bbox 668 2702 809 2735; x_wconf 80' lang='lat' dir='ltr'>artibus</span> <span class='ocrx_word' id='word_1_333' title='bbox 835 2707 940 2746; x_wconf 74' lang='lat' dir='ltr'>atque</span> <span class='ocrx_word' id='word_1_334' title='bbox 966 2703 1141 2742; x_wconf 75' lang='lat' dir='ltr'>doctrina,</span> <span class='ocrx_word' id='word_1_335' title='bbox 1175 2700 1366 2735; x_wconf 87' lang='lat' dir='ltr'>confirmat</span> <span class='ocrx_word' id='word_1_336' title='bbox 1392 2700 1469 2734; x_wconf 90' lang='lat' dir='ltr'>cod.</span> <span class='ocrx_word' id='word_1_337' title='bbox 1496 2700 1662 2744; x_wconf 85' lang='lat' dir='ltr'>palimps.</span> <span class='ocrx_word' id='word_1_338' title='bbox 1700 2699 1808 2733; x_wconf 87' lang='lat' dir='ltr'>Taur.</span> 
     </span>
     <span class='ocr_line' id='line_1_41' title="bbox 303 2758 1809 2805; baseline -0.001 -11"><span class='ocrx_word' id='word_1_339' title='bbox 303 2760 446 2804; x_wconf 84' lang='lat' dir='ltr'>(reliqui</span> <span class='ocrx_word' id='word_1_340' title='bbox 479 2759 591 2794; x_wconf 85' lang='lat' dir='ltr'>male:</span> <span class='ocrx_word' id='word_1_341' title='bbox 633 2761 705 2793; x_wconf 66' lang='lat' dir='ltr'>illis</span> <span class='ocrx_word' id='word_1_342' title='bbox 739 2761 880 2805; x_wconf 74' lang='lat' dir='ltr'>studiis,</span> <span class='ocrx_word' id='word_1_343' title='bbox 920 2762 1061 2795; x_wconf 76' lang='lat' dir='ltr'>artibus</span> <span class='ocrx_word' id='word_1_344' title='bbox 1094 2765 1198 2804; x_wconf 81' lang='lat' dir='ltr'>atque</span> <span class='ocrx_word' id='word_1_345' title='bbox 1230 2758 1427 2801; x_wconf 76' lang='lat' dir='ltr'>doctrina);</span> <span class='ocrx_word' id='word_1_346' title='bbox 1466 2759 1675 2802; x_wconf 85' lang='lat' dir='ltr'>ibidemque</span> <span class='ocrx_word' id='word_1_347' title='bbox 1706 2758 1809 2792; x_wconf 83' lang='lat' dir='ltr'>Lam-</span> 
     </span>
     <span class='ocr_line' id='line_1_42' title="bbox 303 2818 1812 2863; baseline -0.001 -11"><span class='ocrx_word' id='word_1_348' title='bbox 303 2819 410 2853; x_wconf 89' lang='lat' dir='ltr'>binus</span> <span class='ocrx_word' id='word_1_349' title='bbox 437 2819 589 2853; x_wconf 87' lang='lat' dir='ltr'>alteram</span> <span class='ocrx_word' id='word_1_350' title='bbox 622 2819 847 2863; x_wconf 85' lang='lat' dir='ltr'>palimpsesti</span> <span class='ocrx_word' id='word_1_351' title='bbox 880 2830 1004 2854; x_wconf 87' lang='lat' dir='ltr'>veram</span> <span class='ocrx_word' id='word_1_352' title='bbox 1043 2819 1260 2863; x_wconf 85' lang='lat' dir='ltr'>scripturam</span> <span class='ocrx_word' id='word_1_353' title='bbox 1298 2818 1480 2862; x_wconf 85' lang='lat' dir='ltr'>praeeepit,</span> <span class='ocrx_word' id='word_1_354' title='bbox 1518 2820 1551 2852; x_wconf 72' lang='lat' dir='ltr'>si</span> <span class='ocrx_word' id='word_1_355' title='bbox 1587 2818 1812 2861; x_wconf 74' lang='lat' dir='ltr'>comperisset</span> 
     </span>
     <span class='ocr_line' id='line_1_43' title="bbox 303 2888 640 2922; baseline 0.003 -11"><span class='ocrx_word' id='word_1_356' title='bbox 303 2888 369 2922; x_wconf 87' lang='lat' dir='ltr'>pro</span> <span class='ocrx_word' id='word_1_357' title='bbox 395 2889 505 2922; x_wconf 76' lang='lat' dir='ltr'>quum</span> <span class='ocrx_word' id='word_1_358' title='bbox 531 2890 640 2921; x_wconf 78' lang='lat' dir='ltr'>comp.</span> 
     </span>
    </p>
   </div>
  </div>
 </body>
</html>
