1915 3235
851 122 906 163 39

88 254 221 295 satira
253 253 367 294 enim
398 253 538 302 tertia,
571 254 802 304 postquam
836 251 954 300 dixit,
989 253 1255 304 quantopere
1282 261 1495 302 pauperes
1519 247 1671 288 Romae

86 325 386 377 premerentur
417 325 460 364 et
491 325 881 372 contemnerentur,
915 322 1009 362 haec
1042 321 1162 362 addit
1194 319 1251 373 (V.
1279 319 1375 368 162,
1412 316 1531 370 163):

714 393 896 446 Agmine
929 392 1043 433 facto

262 464 512 505 Debuerant
543 463 644 504 olim
675 465 826 504 tenues
860 464 1067 516 migrasse
1100 461 1306 512 Quirites;

87 549 183 589 quae
215 535 341 588 vulgo
374 535 427 576 de
459 536 698 576 secessione
735 534 873 587 plebis
912 535 956 574 in
994 535 1187 574 montem
1224 544 1395 572 sacrum
1436 530 1673 582 accipiunt;

85 609 177 647 tum
209 619 423 659 pauperes
454 606 650 647 homines
682 618 769 646 non
801 605 937 646 solum
972 603 1185 652 secedere,
1230 602 1306 643 sed
1344 602 1471 655 plane
1514 601 1557 641 in
1590 600 1674 641 alia

84 676 178 718 loca
210 677 396 729 migrare
427 689 506 717 nec
544 677 683 717 redire
723 676 936 716 debuisse.
1000 675 1159 715 Verum
1197 686 1277 714 nec
1315 672 1529 714 sententia
1571 673 1674 724 apta

85 749 162 800 est,
224 760 357 799 quum
404 747 457 788 de
504 760 679 798 suorum
728 749 770 787 et
816 746 1110 799 proximorum
1156 747 1403 796 temporum
1449 743 1673 796 iniquitate

85 820 305 871 queratur,
353 831 432 858 nec
471 831 523 858 ea
562 818 706 859 omnia
746 818 788 857 in
820 829 906 857 uno
938 815 1156 870 miqrandi
1187 814 1319 856 verbo
1351 815 1509 863 insunt,
1559 812 1675 866 quod

83 891 295 941 praeterea
328 888 411 930 alio
442 891 535 929 tum
568 889 660 930 loco
693 888 949 929 collocatum
990 890 1114 935 esset,
1162 888 1211 926 ut
1249 887 1293 926 in
1332 899 1415 938 quo
1458 898 1543 926 uno
1582 886 1674 925 tota

85 962 198 1000 esset
239 960 463 1000 sententiae
502 960 585 1007 vis3
633 959 704 1000 illa
753 960 899 999 autem
947 958 1112 1011 <tymme
1156 956 1270 1009 facto
1318 957 1467 997 vitiose
1514 955 1673 996 redun-

84 1030 259 1078 darent;
293 1031 463 1082 agmine
496 1031 608 1071 enim
642 1030 755 1070 facto
788 1041 892 1069 sane
925 1027 983 1068 illi
1015 1031 1182 1068 veteres
1215 1029 1498 1068 secesserunt.
1546 1026 1675 1067 Error

85 1103 150 1142 est
180 1101 223 1141 in
254 1101 467 1153 particula
498 1101 608 1150 olim,
643 1114 738 1153 quae
772 1113 823 1140 ex
855 1099 981 1140 huius
1015 1099 1155 1139 aetatis
1187 1098 1389 1151 loquendi
1421 1111 1501 1138 usu
1534 1098 1675 1150 posita

29 1225 32 1228 Α
84 1174 149 1212 est
179 1171 269 1212 fere
300 1185 378 1224 pro
411 1184 474 1221 eo,
517 1171 632 1224 quod
665 1174 729 1212 est
767 1169 1018 1210 iamdudmn
1050 1168 1152 1221 (vid.
1185 1171 1343 1221 praeter
1381 1169 1517 1209 lexica
1550 1168 1674 1221 Spal-

85 1242 252 1295 dingius
286 1242 341 1283 ad
373 1241 549 1292 Quintil.
581 1242 652 1294 IX,
685 1242 724 1291 3,
759 1242 828 1283 87.
891 1241 1037 1281 Iuven.
1070 1240 1137 1289 IV,
1171 1240 1240 1280 96.
1288 1240 1397 1281 Plin.
1430 1240 1507 1292 Ep.
1541 1240 1570 1288 I,
1607 1239 1674 1280 11.

86 1313 189 1354 Tac.
222 1313 334 1354 Ann.
360 1313 449 1362 XII,
483 1312 570 1364 66).
618 1312 713 1354 Hoc
745 1313 872 1365 igitur
904 1314 1073 1352 tantum
1106 1314 1235 1364 poeta
1268 1311 1386 1360 dixit,
1420 1310 1676 1351 iamdudum

82 1397 297 1437 pauperes
339 1384 382 1424 in
420 1385 551 1424 tantis
585 1383 722 1433 malis,
771 1396 868 1435 quae
910 1382 1063 1423 Romae
1106 1395 1178 1423 eos
1218 1384 1477 1434 premerent,
1526 1394 1675 1422 omnes

84 1456 311 1496 coniuncto
343 1454 519 1496 consilio
551 1454 771 1495 discedere
805 1453 1018 1494 debuisse.

200 1525 259 1566 Ut
290 1526 333 1565 in
364 1525 446 1566 hoc
478 1525 570 1566 loco
602 1526 728 1566 unius
762 1524 961 1566 vocabuli
999 1525 1062 1564 vis
1102 1537 1189 1565 non
1228 1524 1332 1564 satis
1373 1523 1676 1564 animadversa

84 1608 273 1637 errorem
312 1597 499 1648 peperit,
547 1596 626 1645 sic,
675 1598 723 1636 ut
769 1596 856 1636 iam
899 1608 967 1636 res
1013 1595 1238 1636 historicas
1279 1595 1502 1635 mittamus
1543 1596 1585 1635 et
1624 1594 1677 1634 de

82 1667 376 1719 grammaticis
415 1680 682 1719 quaeramus,
731 1667 926 1719 neglecta
965 1668 1191 1706 structurae
1232 1667 1526 1718 grammaticae
1568 1666 1677 1706 ratio

83 1737 219 1778 multo
251 1738 437 1778 maiores
469 1738 620 1777 turbas
653 1737 772 1778 dedit
803 1739 846 1778 in
879 1738 962 1778 alio
996 1737 1188 1778 eiusdem
1225 1738 1368 1777 satirae
1401 1736 1506 1778 loco.
1569 1736 1676 1777 Um-

83 1808 241 1848 bricius
275 1809 402 1857 enim,
437 1811 778 1849 commemorata
805 1807 1099 1849 Graeculorum
1134 1807 1338 1848 adulandi
1372 1810 1414 1848 et
1445 1807 1677 1847 simulandi

85 1882 190 1929 arte,
223 1879 317 1920 haec
349 1879 521 1920 subiicit
553 1877 609 1931 (V.
637 1878 692 1919 92
718 1878 849 1931 sqq.):

201 1950 307 1991 Haec
341 1950 493 1991 eadem
526 1950 624 1991 licet
657 1953 698 1991 et
729 1950 854 1991 nobis
888 1949 1079 1999 laudare,
1114 1949 1190 1989 sed
1222 1949 1301 1990 illis

202 2020 412 2062 Creditur.
475 2021 544 2061 An
577 2021 739 2070 melior,
775 2034 909 2073 quum
943 2020 1115 2061 Thaida
1147 2021 1341 2069 sustinet,
1377 2022 1452 2060 aut
1485 2033 1617 2072 quum

201 2092 390 2133 Uxorem
423 2092 645 2133 comoedus
679 2093 766 2144 agit
797 2091 864 2132 vel
897 2091 1057 2132 Dorida
1089 2091 1206 2132 nullo

201 2162 372 2204 Cultam
405 2163 605 2215 palliolo?
653 2162 804 2203 Mulier
835 2174 993 2214 nempe
1024 2162 1117 2214 ipsa
1152 2161 1333 2211 videtur,

201 2234 297 2275 Non
328 2246 526 2286 persona,
562 2233 701 2286 loqui:
735 2246 873 2274 vacua
907 2235 949 2273 et
980 2232 1111 2285 plana
1144 2233 1289 2273 omnia
1322 2232 1439 2273 dicas

201 2305 318 2345 Infra
348 2305 634 2345 ventriculum
668 2306 710 2345 et
740 2304 859 2344 tenui
893 2303 1099 2344 distantia
1131 2305 1254 2344 rima.

202 2376 290 2416 Nec
321 2378 470 2416 tamen
501 2375 739 2417 Antiochus
771 2387 851 2415 nec
884 2375 964 2414 erit
995 2374 1204 2415 mirabilis
1236 2375 1319 2415 illic

200 2446 289 2487 Aut
322 2446 554 2488 Stratocles
588 2449 663 2487 aut
696 2458 792 2487 cum
826 2445 943 2486 molli
976 2445 1221 2486 Demetrius
1254 2446 1423 2486 Haemo.

200 2516 327 2557 Natio
359 2517 555 2558 comoeda
589 2519 666 2557 est.

83 2586 277 2638 Quorum
310 2600 513 2628 versuum
546 2600 679 2640 quum
712 2587 869 2628 umbra
903 2587 1105 2640 quaedam
1131 2600 1281 2628 sensus
1305 2587 1429 2627 facile
1453 2588 1676 2639 appareat,

82 2658 225 2710 ipsum
257 2661 405 2699 tamen
446 2672 622 2700 sensum
661 2672 789 2700 nemo
828 2659 887 2699 ita
929 2657 1157 2710 expedivit,
1207 2660 1254 2698 ut
1293 2660 1369 2698 aut
1407 2662 1525 2698 recta
1565 2659 1678 2697 esset

83 2730 395 2770 sententiarum
429 2730 673 2770 consecutio
706 2731 782 2769 aut
812 2729 1110 2780 interpretatio
1144 2728 1426 2781 grammatice
1459 2740 1510 2768 ex
1534 2727 1676 2767 verbis

85 2798 339 2840 efficeretur.
386 2800 580 2841 Primum
605 2800 928 2851 interrogationi
953 2799 1065 2840 hanc
1088 2800 1176 2839 vim
1201 2799 1444 2847 subiiciunt,
1478 2800 1527 2839 ut
1549 2810 1677 2838 nemo

83 2869 279 2911 Graeculo
311 2871 392 2911 isto
435 2871 607 2917 melius,
631 2869 889 2911 comoediam
931 2882 1059 2922 agere
1099 2869 1286 2918 dicatur,
1335 2868 1553 2910 Graeculos
1592 2880 1678 2908 non

84 2940 222 2981 solum
271 2940 516 2982 adulatores
565 2954 671 2990 esse,
720 2940 797 2981 sed
838 2940 1081 2982 histriones.
1144 2940 1190 2981 In
1239 2953 1322 2992 quo
1369 2940 1557 2992 primum
1607 2938 1678 2990 qui

1698 2180 1731 2205 50
