1915 3235
828 100 914 142 673

76 228 118 269 in
151 227 352 269 manibus
383 227 607 269 hominum
652 229 738 270 iam
773 232 930 279 essent,
980 229 1196 282 quomodo
1237 229 1437 270 falsarius
1476 228 1546 269 ille
1584 240 1671 269 non

76 311 202 339 suum
236 297 514 351 epistolarum
548 299 752 350 codicem,
787 300 862 341 sed
887 300 1067 341 aliorum
1092 299 1297 349 omnium,
1332 312 1439 351 quos
1472 298 1671 351 decipere

75 368 269 419 volebat,
317 368 612 421 interpolavit,
662 371 914 424 effecitque,
963 373 1011 412 ut
1057 383 1270 423 nusquam
1320 370 1444 411 aliter
1491 369 1672 422 epistola

75 439 232 492 scripta
274 441 490 481 exstaret?
537 440 748 493 Expediet
790 441 946 482 iterum
988 443 1203 482 haerentes
1247 440 1399 482 eadem
1441 440 1670 494 sagacitas,

74 509 290 550 Falsarius
323 509 436 550 enim
468 509 504 551 is
536 510 627 563 ipse
662 513 738 561 est,
784 512 856 564 qui
888 512 1092 553 volumen
1123 511 1228 552 illud
1261 511 1540 564 epistolarum
1572 513 1671 564 post

75 580 289 621 Ciceronis
321 582 507 621 mortem
539 581 685 630 edidit,
718 582 774 623 M.
808 583 974 624 Tullius
1009 582 1124 624 Tiro.
1188 582 1301 632 Quid
1333 582 1423 623 ais?
1471 581 1670 622 Libertus

72 651 360 701 fidelissimus,
405 651 471 692 cui
505 651 653 693 Cicero
687 653 890 706 epistolas
923 666 1024 694 suas
1059 653 1346 702 commiserat,
1396 653 1467 706 qui
1500 653 1671 706 patroni

73 721 231 763 mortui
261 722 395 763 vitam
430 735 528 763 cum
561 722 781 775 diligentia
815 726 858 764 et
889 723 1051 776 pietate
1084 723 1289 774 narravit,
1322 723 1366 764 in
1399 737 1527 776 quem
1552 723 1671 764 nulla

72 805 264 845 unquam
296 793 434 846 turpis
466 793 652 846 suspicio
694 794 808 836 iacta
851 797 927 844 est,
977 794 1177 836 falsarius
1219 794 1327 835 fuit?
1374 795 1510 835 Immo
1553 807 1668 842 vero,

71 862 221 916 inquit,
269 863 384 905 bono
424 864 568 906 animo
611 864 728 906 fecit.
799 865 1108 918 „Summopere
1155 879 1181 906 a
1229 878 1274 906 se
1320 867 1582 906 honoratum
1619 864 1670 905 iri

72 933 281 986 optimum
315 936 547 987 patronum
581 935 782 988 opinatus
817 938 893 986 est,
928 936 963 977 si
997 935 1086 977 eius
1118 949 1188 977 res
1220 938 1341 988 gesta
1371 937 1460 976 tam
1495 934 1670 976 illustris

71 1018 157 1047 non
216 1018 303 1046 una
364 1005 594 1056 duntaxat,
654 1006 732 1047 sed
791 1009 995 1059 quattuor
1053 1006 1320 1048 orationibus
1379 1006 1671 1047 celebraretur

71 1075 130 1129 (p.
167 1074 307 1129 179).“
363 1076 398 1118 O
430 1076 586 1117 miram
618 1076 807 1130 fingendi
839 1077 1059 1118 licentiam
1095 1079 1137 1118 et
1170 1078 1211 1118 in
1244 1077 1484 1118 dubitando
1517 1076 1670 1118 credu-

70 1146 255 1188 litatem!
303 1147 414 1200 Ergo
448 1147 550 1189 Tiro
582 1160 670 1189 non
701 1148 922 1190 narrando
963 1148 1044 1189 sibi
1083 1147 1199 1188 illam
1239 1161 1331 1189 rem
1365 1147 1669 1189 celebrandam

69 1217 250 1270 putavit,
299 1218 389 1267 sed,
439 1217 511 1271 qui
549 1231 774 1271 nunquam
807 1218 990 1259 Verbum
1027 1219 1070 1259 in
1104 1220 1318 1260 conventu
1348 1218 1573 1259 hominum
1605 1217 1670 1259 fe-

71 1288 197 1329 cisset
227 1301 307 1329 nec
339 1289 655 1330 oratiunculam
689 1289 942 1342 scripsisset,
976 1289 1147 1342 patroni
1179 1289 1257 1339 sui,
1291 1289 1448 1330 summi
1473 1289 1668 1339 oratoris,

70 1359 244 1400 laudem
291 1361 379 1400 suis
426 1359 693 1401 orationibus
742 1360 833 1401 eius
886 1360 1049 1401 nomini
1103 1360 1378 1401 subiiciendis
1425 1359 1670 1413 augendam

71 1429 344 1471 existimavit.
408 1430 596 1481 Quidni?
643 1431 776 1480 Idem,
819 1431 892 1483 qui
931 1444 1045 1472 nunc
1084 1431 1246 1484 ubique
1284 1431 1465 1472 miseras
1499 1430 1669 1472 Tironis

69 1499 253 1553 ineptias
286 1500 584 1553 deprehendit,
616 1504 766 1543 tamen
799 1504 927 1542 antea
953 1504 1131 1554 propter
1152 1502 1231 1543 has
1255 1515 1427 1554 quoque
1451 1502 1669 1544 orationes

70 1570 320 1612 Ciceronem
354 1571 594 1613 admiratus
627 1574 706 1613 est.
757 1572 841 1613 Sed
874 1572 987 1613 hanc
1021 1572 1303 1613 Tironianam
1337 1572 1531 1614 fabulam
1557 1570 1667 1626 (sine

70 1654 155 1694 qua
187 1643 335 1683 tamen
366 1655 434 1683 res
467 1656 554 1684 non
585 1641 797 1695 procedit)
838 1643 1058 1696 paulisper
1098 1643 1380 1693 dimittamus,
1419 1643 1668 1684 videamus-

70 1725 165 1765 que,
207 1713 424 1765 quomodo
456 1713 695 1754 Ahrensius
727 1713 988 1763 testimonio,
1035 1714 1149 1766 quod
1182 1714 1298 1766 apud
1332 1714 1582 1755 Ciceronem
1615 1714 1669 1755 de

70 1782 319 1825 Catilinaria
352 1787 509 1836 quarta
547 1784 725 1837 reperiri
768 1784 1012 1834 Videbatur,
1062 1785 1118 1825 ad
1160 1785 1277 1825 illam
1319 1784 1458 1837 ipsam
1502 1798 1668 1838 oppug-

68 1853 259 1895 nandam
293 1867 398 1896 usus
431 1855 486 1896 sit
517 1854 576 1908 (p.
601 1856 658 1896 40
687 1854 813 1907 sqq).
877 1855 987 1896 Nam
1022 1856 1136 1908 quod
1170 1856 1317 1897 Cicero
1350 1855 1394 1896 in
1426 1857 1533 1896 orat.
1566 1855 1668 1895 Phi-

69 1923 170 1977 lipp.
203 1924 239 1965 ΙΙ
271 1927 466 1966 extrema
499 1924 539 1978 (ξ
577 1924 677 1978 119)
711 1926 834 1967 dicit:
883 1925 1048 1967 Abhinc
1087 1940 1218 1967 aomos
1241 1939 1376 1980 prope
1414 1926 1563 1980 vissinti
1594 1925 1667 1965 hoc

66 1996 156 2049 ipso
190 1995 233 2036 in
264 1996 412 2050 templo
452 1997 601 2050 neyct'cz'
631 2010 753 2050 posse
793 2001 965 2037 mortem
1002 1998 1277 2038 immaturam
1316 2010 1399 2038 esse
1438 1996 1664 2049 consulari,

68 2071 220 2121 quanto
252 2068 391 2108 verius
424 2081 532 2107 ›zvmzc
563 2067 718 2121 neyabo
751 2068 866 2108 seni!
895 2067 1135 2120 significare
1157 2070 1336 2120 putatur
1358 2067 1543 2108 eandem
1569 2079 1664 2107 sen-

67 2137 247 2178 tentiam
279 2137 324 2178 in
357 2138 550 2179 oratione
583 2141 738 2191 quarta
772 2138 1023 2179 Catilinaria
1056 2136 1079 2189 ξ
1113 2138 1138 2178 3
1171 2137 1379 2190 positam;
1421 2137 1500 2179 Dio
1535 2137 1665 2178 etiam

164 2280 327 2312 iudiciali
351 2280 491 2313 dicendi
514 2291 639 2322 ywere
664 2290 700 2313 se
727 2280 921 2322 abiunyere
954 2278 1106 2312 miratur
1137 2289 1203 2312 nec
1228 2277 1408 2319 meminit,
1441 2277 1487 2312 ad
1513 2277 1611 2312 Fam.
1639 2277 1665 2319 I,

163 2336 183 2370 9
209 2336 230 2379 ξ
255 2336 300 2370 23
325 2349 472 2381 prorsus
499 2338 626 2372 eodem
652 2339 761 2372 modo
788 2338 874 2372 dici:
908 2339 951 2372 ab
985 2338 1208 2372 orationibus
1233 2339 1381 2381 diiunyo
1407 2348 1460 2371 me
1485 2338 1570 2380 fere,
1603 2338 1667 2370 aut

163 2397 256 2440 quod
286 2396 409 2431 Graeca
434 2397 545 2431 verba
571 2401 625 2431 ter
652 2397 688 2430 in
722 2397 790 2430 hoc
823 2397 901 2430 loco
935 2396 1053 2440 posita
1084 2407 1158 2430 non
1190 2396 1269 2437 fert,
1308 2395 1344 2429 in
1377 2395 1530 2440 epistola
1560 2395 1667 2429 tertia

162 2455 276 2489 altero
314 2459 416 2489 tanto
454 2456 528 2490 fere
565 2456 726 2500 longiore
773 2455 817 2496 (si
862 2456 939 2489 haec
976 2455 1161 2489 metienda
1198 2454 1297 2498 sunt)
1341 2454 1512 2488 undecies
1549 2454 1667 2498 posita

162 2513 307 2557 (praeter
332 2525 478 2548 versum
505 2513 685 2557 Graecum)
712 2525 785 2548 non
812 2514 977 2555 miratur,
1017 2517 1079 2548 aut
1111 2514 1205 2558 quod
1241 2513 1403 2548 Ciceroni
1436 2513 1471 2547 in
1497 2512 1666 2547 familiari

163 2572 313 2616 epistola
338 2573 537 2617 praescribit
563 2573 838 2617 diligentissime
866 2573 910 2607 ad
929 2572 1127 2617 syllogismi
1144 2572 1300 2606 formam
1318 2572 1453 2606 factam
1472 2582 1664 2606 causarum

162 2631 435 2675 expositionem.
492 2631 633 2666 Scilicet
671 2631 760 2665 talia
797 2635 991 2665 occurrunt
1028 2634 1242 2675 argumenta
1280 2630 1663 2675 circumspicientibus.

161 2689 254 2724 Illud
284 2693 407 2724 tamen
441 2691 553 2725 miror
584 2691 620 2724 in
660 2694 822 2724 mentem
860 2701 933 2724 non
971 2689 1124 2731 venisse,
1162 2690 1344 2731 Tironem,
1382 2690 1563 2724 Ciceronis
1600 2699 1664 2733 per

162 2749 295 2782 multos
321 2759 435 2784 annos
468 2750 505 2783 in
538 2749 698 2793 epistolis
732 2749 931 2783 scribendis
963 2749 1178 2790 adiutorem,
1216 2749 1346 2783 saltem
1379 2750 1504 2783 decem
1537 2758 1663 2782 versus

162 2807 212 2841 sic
237 2808 393 2842 scribere
418 2819 523 2852 posse
550 2808 717 2842 debuisse
743 2808 977 2842 Ciceroniano
1004 2819 1116 2849 more,
1142 2811 1183 2842 ut
1209 2819 1229 2841 a
1250 2808 1356 2842 nobis
1374 2819 1447 2841 non
1466 2807 1663 2851 deprehen-

163 2866 318 2900 deretur.
368 2867 446 2901 Non
472 2870 641 2910 putaram
668 2866 844 2901 Orellium
871 2867 914 2900 de
947 2878 1012 2901 suo
1046 2867 1089 2900 ad
1117 2867 1289 2901 orationis
1315 2866 1558 2901 Ciceronianae
1584 2876 1662 2909 pro-

162 2925 352 2969 prietatem
381 2925 744 2959 animadvertendam
773 2936 881 2959 sensu
907 2929 982 2959 tam
1008 2926 1101 2959 bene
1127 2925 1345 2959 existimare.

1331 2982 1376 3016 43

1692 310 1739 335 3-ss
