1915 3235
813 151 896 191 249

66 295 194 335 quam
234 281 349 334 quod
387 281 478 333 ipse
521 280 687 322 codices
735 279 932 320 meliores
980 291 1066 319 non
1113 277 1312 319 adhibuit
1352 280 1394 317 et
1433 275 1650 317 codicibus

66 353 336 405 antiquisque
387 351 643 392 editionibus
690 363 845 402 parum
886 349 1109 401 diligenter
1147 361 1253 388 usus
1299 345 1380 399 est)
1427 346 1531 387 nihil
1569 346 1652 387 sibi

66 423 181 464 aliud
212 421 486 475 proposuisse
518 421 702 469 videtur,
740 419 821 460 nisi
859 419 1019 460 bonam
1052 418 1244 460 futuram
1278 430 1373 458 esse
1406 417 1654 457 editionem.

64 495 107 535 in
140 506 224 546 qua
255 505 395 545 pauca
426 492 560 532 verba
591 491 846 543 legerentur,
882 503 977 542 quae
1002 503 1088 530 non
1113 489 1156 530 in
1183 502 1269 529 uno
1297 488 1484 528 alterove
1511 486 1656 527 codice

66 565 298 611 exstarent,
333 575 382 603 ac
413 575 467 602 ne
494 562 575 602 hoc
601 561 775 614 quidem
801 563 1061 602 constanter.
1109 560 1174 600 Ita
1202 558 1365 612 expulit
1387 557 1457 598 ille
1481 557 1653 609 quidem

66 634 246 675 aliorum
278 633 641 685 interpolationeS,
688 632 765 673 sed
795 645 875 673 nec
907 631 1055 684 quales
1088 629 1262 671 omnino
1295 630 1440 669 essent
1471 626 1654 668 Lucretii

66 704 246 754 codices,
281 703 490 756 quaesivit,
524 705 572 744 ut
605 708 848 755 appareret,
882 704 1084 755 possetne
1116 700 1221 741 stari
1254 712 1304 740 eo
1334 701 1466 747 textu,
1509 698 1581 750 qui
1612 698 1656 738 in

66 774 282 816 codicibus
316 776 441 821 esset,
476 787 531 814 an
562 774 597 814 is
629 776 799 814 tantum
832 773 928 814 ideo
960 771 1250 813 restituendus
1278 772 1404 819 esset,
1438 771 1485 809 ut
1506 781 1655 809 neces-

66 844 178 886 saria
196 844 440 885 emendatio
466 847 581 885 certo
607 844 889 885 fundamento
914 843 1135 891 niteretur,
1169 855 1224 882 an
1250 843 1364 882 esset
1388 840 1456 880 ille
1481 839 1654 891 quidem

66 915 310 964 mendosus,
345 915 423 956 sed
454 916 526 963 ita,
567 917 615 955 ut
647 914 958 956 emendationis
992 926 1091 965 spes
1124 911 1370 953 abiicienda
1403 912 1528 958 esset,
1576 922 1655 950 nec

66 999 172 1038 quos
218 986 384 1027 codices
429 985 549 1038 sequi
592 985 732 1035 vellet,
783 984 1013 1033 constituit,
1062 983 1137 1024 sed
1180 996 1257 1035 pro
1301 982 1490 1030 arbitrio,
1539 980 1654 1033 quod

67 1057 225 1109 ubique
257 1056 451 1097 oblatum
477 1059 582 1105 erat,
617 1056 809 1109 arripuit,
843 1055 903 1098 ita
930 1057 978 1095 ut
1001 1066 1116 1106 saepe
1143 1053 1335 1094 codicum
1365 1055 1407 1092 et
1429 1052 1654 1092 meliorum

67 1130 109 1168 et
139 1130 296 1180 praeter
328 1140 461 1168 unum
495 1127 687 1168 omnium
720 1127 847 1167 bonae
879 1125 1102 1177 scripturae
1129 1123 1317 1165 novandi
1343 1135 1475 1164 causa
1497 1121 1655 1162 menda

67 1198 415 1251 apographorum
447 1197 840 1238 recentissimorum
873 1195 1109 1248 praeferret,
1159 1207 1210 1235 ex
1241 1194 1429 1246 plurium
1473 1205 1655 1245 apogra-

67 1270 251 1321 phorum
284 1268 463 1309 diversis
496 1268 712 1309 erroribus
744 1280 878 1308 novas
911 1266 1146 1318 scripturas
1172 1268 1460 1317 componeret,
1495 1262 1655 1314 ubique

66 1340 223 1392 partim
272 1352 323 1380 ex
371 1339 595 1379 levissimis
644 1338 811 1379 mendis
854 1337 1198 1378 coniecturarum
1231 1334 1653 1388 perversissimarum

68 1422 243 1450 causam
276 1412 455 1462 peteret,
503 1408 661 1462 partim
702 1421 774 1449 eas
814 1409 905 1449 sine
945 1407 1154 1448 eiusmodi
1195 1419 1326 1447 causa
1366 1408 1440 1446 aut
1471 1406 1514 1445 in
1545 1404 1655 1445 notis

67 1479 347 1532 profunderet
379 1484 453 1521 aut
485 1480 529 1520 in
560 1482 681 1520 textu
713 1481 906 1532 poneret.
970 1478 1111 1530 Atque
1144 1477 1236 1518 haec
1277 1476 1420 1518 omnia
1457 1476 1517 1516 ita
1558 1474 1655 1527 egit,

67 1553 114 1591 ut
145 1550 354 1592 sermonis
386 1551 526 1591 Latini
559 1551 699 1603 legum
732 1563 887 1603 parum
921 1549 1112 1590 curiosus
1154 1550 1278 1597 esset,
1328 1559 1443 1599 saepe
1484 1550 1657 1586 senten-

66 1622 223 1662 tiarum
264 1622 591 1674 grammaticam
633 1621 817 1662 formam
859 1622 901 1661 et
939 1631 1212 1660 communem
1250 1617 1453 1670 loquendi
1491 1629 1655 1657 morem
1700 1616 1710 1631 “

67 1692 311 1745 negligeret,
351 1691 588 1751 saepissime
620 1692 706 1732 vim
741 1694 783 1732 et
814 1693 1003 1732 mentem
1038 1692 1080 1730 et
1112 1689 1417 1730 cohaerentiam
1451 1687 1655 1728 orationis

69 1766 110 1804 et
142 1762 394 1815 Epicuream
428 1762 653 1803 rationem.
716 1762 865 1814 Itaque
904 1761 977 1802 ubi
1016 1760 1109 1800 haec
1148 1759 1191 1800 in
1233 1758 1542 1800 commentario
1584 1770 1657 1798 ex-

68 1833 267 1886 plicanda
300 1835 434 1883 erant,
470 1836 544 1874 aut
577 1832 900 1874 coacervatione
926 1831 1221 1883 exemplorum
1246 1843 1333 1871 non
1357 1831 1557 1882 aptorum
1584 1829 1659 1868 aut

67 1904 379 1945 imitationibus
412 1903 720 1955 investigandis
764 1904 839 1943 aut
881 1901 1164 1942 declamando
1208 1903 1250 1942 et
1292 1900 1347 1941 ad
1390 1899 1534 1941 omnia
1573 1898 1657 1938 alia

70 1975 353 2027 exspatiando
390 1987 458 2015 res
493 1974 645 2027 agitur.
708 1974 797 2014 Nec
844 1973 1014 2013 difficile
1063 1974 1156 2013 erat
1202 1972 1283 2012 hoc
1322 1970 1450 2011 modo
1490 1969 1656 2010 codices

70 2045 202 2098 sequi.
266 2045 409 2086 Genus
444 2047 508 2085 est
539 2044 712 2085 omnino
745 2044 788 2084 id
821 2043 977 2084 criticae
1011 2047 1052 2083 et
1084 2042 1339 2095 philologiae,
1383 2040 1497 2093 quod
1530 2039 1656 2080 huius

70 2117 173 2157 artis
219 2129 378 2157 nomen
425 2116 468 2156 in
515 2117 810 2167 contemptum
860 2113 1057 2162 adduxit,
1114 2113 1156 2153 in
1203 2113 1345 2153 verbis
1395 2113 1436 2152 et
1483 2110 1659 2164 syllabis

70 2188 252 2236 haerens,
301 2185 560 2227 sententiam
607 2185 839 2237 negligens,
889 2187 1017 2236 atque
1066 2185 1120 2224 ob
1168 2184 1212 2224 id
1249 2184 1391 2236 ipsum
1431 2194 1485 2222 ne
1523 2180 1656 2221 Verba

1681 2193 1731 2217 307

71 2258 244 2310 quidem
285 2270 533 2309 assequens.
596 2255 738 2308 Atque
778 2254 1047 2295 Wakefieldii
1087 2254 1318 2295 editionem
1358 2251 1659 2294 Eichstaedtius
1705 2262 1708 2266 ’

72 2328 293 2381 expressit,
327 2327 647 2368 recentissimus
682 2326 831 2375 editor,
866 2325 898 2365 F
901 2325 1082 2377 orbiger,
1118 2327 1159 2365 et
1190 2326 1234 2366 in
1258 2326 1380 2365 textu
1405 2323 1659 2376 plerumque

72 2398 190 2451 (nam
231 2399 496 2439 coniecturas
528 2396 798 2438 Wakefieldii
843 2396 1005 2447 aliquot
1047 2394 1224 2448 expulit)
1269 2398 1310 2436 et
1352 2395 1395 2435 in
1436 2393 1548 2434 notis
1593 2406 1661 2433 se-

72 2465 274 2522 quitur.¹)
336 2468 486 2521 Itaque
518 2468 578 2508 ita
617 2480 663 2508 se
702 2480 770 2508 res
810 2467 944 2507 habet
982 2467 1025 2507 in
1065 2466 1274 2516 Lucretio,
1323 2468 1372 2506 ut
1409 2477 1522 2505 nunc
1562 2477 1658 2504 cum

108 2618 138 2662 1)
163 2621 336 2665 Exemplo
363 2632 440 2655 esse
471 2624 632 2665 possunt,
672 2623 707 2654 et
739 2619 921 2663 quomodo
952 2618 1207 2653 Wakefieldius
1240 2619 1447 2662 scripturas,
1486 2628 1575 2661 quas
1602 2616 1661 2650 alii

167 2679 320 2713 confessi
346 2691 384 2714 se
410 2691 482 2714 non
509 2679 706 2723 intelligere
733 2681 929 2718 mutarant,
968 2678 1179 2719 defenderit,
1219 2682 1255 2712 et
1288 2688 1399 2722 quam
1425 2687 1550 2711 secure
1575 2675 1661 2709 talia

165 2742 419 2782 propagentur,
447 2739 517 2772 duo
543 2738 611 2772 loci
637 2738 718 2771 libri
744 2737 861 2781 primi,
888 2737 924 2770 in
951 2736 1081 2780 quibus
1107 2737 1284 2781 particula
1302 2738 1471 2781 quoniam
1495 2735 1545 2768 ita
1562 2734 1662 2778 poni-

166 2800 235 2838 tur,
262 2800 302 2831 ut
327 2797 461 2831 nullius
487 2797 538 2831 rei
565 2808 711 2831 causam
745 2796 882 2830 reddat.
933 2796 972 2830 V.
1001 2795 1067 2828 754
1094 2793 1177 2838 [753
1204 2796 1257 2830 ed.
1284 2792 1483 2838 Bernays.]‚
1522 2793 1660 2836 aliquot

168 2856 390 2899 argumentis
416 2859 540 2890 contra
565 2867 637 2896 eos,
665 2854 725 2899 qui
751 2855 857 2898 plura
881 2865 1003 2888 rerum
1029 2854 1225 2898 primordia
1251 2865 1328 2888 esse
1353 2853 1548 2897 ponebant,
1581 2861 1659 2895 pro-

167 2914 257 2955 latis,
285 2914 446 2949 additur:
481 2915 561 2948 Ηιιε
587 2915 719 2948 accedit
746 2915 836 2956 item,
863 2915 1031 2957 quoniam
1050 2914 1260 2956 primordia
1285 2924 1407 2946 rerum
1432 2912 1557 2945 Mollia
1583 2921 1662 2944 con-

167 2974 329 3016 stituunt,
356 2984 435 3016 quae
460 2984 523 3007 nos
549 2974 671 3006 nativa
698 2973 853 3005 videmus
879 2973 967 3005 Esse
992 2977 1023 3005 et
1048 2973 1192 3006 mortali
1214 2983 1293 3005 cum
1317 2982 1462 3014 corpore
1477 2970 1663 3012 funditus.-
