1915 3235
843 124 928 166 253

197 255 360 296 Praeter
392 254 505 295 enim
537 267 668 306 quam
701 253 816 306 quod
846 252 1008 294 morbis
1039 255 1132 294 tum
1164 253 1352 307 corporis
1386 251 1563 308 aegrit²)‚

196 325 389 367 Advenit
421 324 477 374 id,
513 324 630 377 quod
662 326 741 365 cet.

82 419 291 472 Apparet,
332 418 484 460 deesse
524 418 735 471 apodosin
774 396 1108 470 respondentem
1140 417 1305 469 protasi
1337 416 1463 472 (quod
1494 419 1531 459 si
1563 418 1675 471 cet.).,

86 490 152 531 cui
183 489 363 542 apodosi
397 490 682 530 annectantur
720 489 909 530 rationes
951 486 1130 541 (Praeter
1169 485 1309 540 enim).
1371 488 1521 541 Itaque
1554 489 1676 531 addi-

81 562 152 602 tus
185 563 250 601 est
282 573 434 601 versus
466 558 732 600 huiusmodi:

197 654 366 695 Scilicet
402 666 429 694 a
460 666 563 694 vera
595 653 719 705 longe
751 651 918 693 ratione
951 653 1165 692 remotum
1199 654 1282 701 est;

81 747 204 800 isque
252 748 296 788 in
342 747 532 799 antiquis
580 746 676 787 edd.
725 746 838 787 male
886 745 1130 798 ponebatur
1176 749 1274 799 post
1321 746 1439 787 illum
1482 760 1675 789 versum:

85 817 202 869 Quod
247 817 444 858 vitalibus
482 820 575 868 cet„
623 817 722 858 inde
769 830 795 858 a
843 816 1053 857 Lambino
1100 829 1178 858 suo
1224 817 1338 865 loco;
1390 830 1519 870 quem
1561 819 1675 870 quod

82 887 251 929 Wakef.
292 890 335 928 et
372 887 577 940 Forbiger
617 888 810 940 spurium
850 888 1024 940 putant,
1074 886 1167 938 quis
1206 899 1294 928 non
1333 887 1461 938 videt,
1511 889 1674 930 nullam

82 971 181 1000 eum
219 958 383 999 habere
425 959 757 1000 auctoritatem?
797 957 912 1010 quod
945 958 1092 998 autem
1130 970 1328 1010 „prorsus
1361 959 1671 1011 superfluum⁴‘.

81 1042 209 1071 nemo
246 1029 403 1079 credet,
454 1029 526 1082 qui
564 1030 739 1070 inanem
780 1041 935 1070 sonum
974 1040 1000 1068 a
1039 1027 1253 1069 sententia
1292 1029 1435 1069 verbis
1478 1042 1674 1083 compre-

80 1099 218 1142 hensa
250 1100 495 1153 distinguet.
508 1096 542 1152 2)
604 1100 652 1140 In
683 1101 804 1140 sexto
836 1098 959 1147 libro,
993 1110 1077 1150 quo
1110 1098 1201 1139 loco
1235 1099 1456 1140 Lucretius
1490 1113 1516 1142 a
1547 1103 1675 1142 terrae

81 1171 270 1212 motibus
305 1171 694 1212 commemorandis
733 1170 888 1211 transit
926 1168 982 1209 ad
1021 1168 1105 1209 alia
1142 1170 1310 1210 naturae
1349 1171 1560 1213 miracula
1601 1185 1674 1213 ex-

81 1241 294 1294 plicanda,
343 1254 397 1282 ne
437 1241 743 1282 Wakefieldius
784 1240 959 1293 quidem
998 1239 1184 1291 negavit,
1234 1241 1334 1280 ante
1375 1254 1549 1283 versum
1589 1243 1673 1284 609

82 1309 186 1364 [608
212 1311 280 1365 R]
314 1310 547 1366 (Principio
578 1326 696 1352 mare
727 1312 942 1352 mirantur
973 1322 1055 1350 non
1079 1309 1254 1350 ‘reddere
1277 1312 1416 1352 maius
1440 1312 1670 1366 Naturam)

80 1383 324 1423 necessario
372 1383 653 1424 statuendum
702 1395 796 1424 esse
843 1381 1006 1433 aliquid
1052 1381 1095 1421 in
1143 1381 1381 1430 codicibus,
1440 1383 1512 1435 qui
1559 1385 1673 1425 hunc

79 1466 252 1494 versum
284 1453 427 1494 versui
451 1453 533 1494 607
563 1453 807 1503 subiiciunt,
842 1452 1064 1494 excidisse.
1113 1451 1226 1492 Nihil
1259 1452 1373 1493 enim
1405 1453 1569 1495 habent
1601 1454 1672 1495 illa

71 1524 287 1578 principio
325 1525 550 1573 mirantur,
599 1537 684 1576 quo
723 1524 977 1565 referantur.
1046 1522 1196 1575 Itaque
1236 1523 1409 1565 additur
1448 1525 1534 1565 iani
1574 1525 1672 1566 inde

80 1595 135 1635 ab
169 1594 354 1636 editione
387 1594 555 1635 Iuntina
588 1608 626 1636 V.
661 1595 760 1636 608.
816 1594 913 1643 Sed,
947 1595 994 1634 ut
1027 1593 1180 1643 dicam,
1215 1594 1331 1646 quod
1363 1595 1513 1645 sentio,
1547 1596 1670 1648 plura

79 1665 139 1706 ibi
171 1665 433 1716 exciderunt,
483 1678 614 1718 quam
653 1679 749 1718 quae
788 1665 858 1706 illo
900 1677 985 1705 uno
1023 1677 1152 1705 versu
1184 1664 1396 1706 dicuntur.
1460 1666 1586 1708 Certe
1618 1680 1671 1708 ne

79 1735 150 1777 illo
183 1736 357 1788 quidem
390 1736 691 1789 supplemento
725 1736 871 1777 addito
903 1737 1019 1776 recte
1060 1735 1234 1787 ponitur
1258 1736 1492 1790 prbwipim
1541 1738 1671 1790 signi-

79 1805 180 1847 ficat
213 1807 326 1847 enim
359 1807 402 1847 in
434 1807 497 1856 iis,
547 1820 643 1859 quae
681 1807 992 1860 praecesserint,
1043 1806 1186 1858 plures
1219 1819 1286 1847 res
1321 1809 1668 1860 comprehensas.

81 1888 134 1917 ex
181 1877 336 1929 quibus
384 1878 572 1929 primum
618 1879 748 1930 poeta
795 1877 926 1918 maris
980 1878 1182 1918 naturam
1230 1877 1444 1930 expediat.
1522 1878 1671 1931 Itaque

79 1946 235 1989 horum
269 1950 311 1988 et
342 1948 545 1988 similium
577 1948 770 1989 locorum
803 1947 873 2000 (ex
906 1947 1062 2001 quibus
1095 1960 1210 1988 nunc
1241 1949 1451 1990 succurrit
1483 1949 1550 1997 ΙΙΙ,
1588 1950 1674 1990 614

81 2015 186 2069 [612
209 2017 292 2070 B.],
327 2018 401 2059 ubi
433 2019 716 2060 recentissimi
749 2019 934 2060 editores
969 2018 1025 2059 ad
1056 2019 1367 2060 nominativum
1404 2021 1555 2074 anquis
1587 2034 1672 2062 non

105 2178 133 2224 ¹)
159 2181 291 2216 Versus
317 2182 375 2216 hic
401 2186 592 2227 corruptus
619 2186 688 2219 est;
728 2183 904 2226 particula
943 2182 1040 2216 enim
1077 2189 1153 2216 tum
1190 2184 1297 2227 plane
1335 2183 1453 2218 aliena
1485 2187 1555 2221 est;
1595 2195 1673 2221 nec,

173 2251 285 2284 quam
311 2242 564 2276 auctoritatem
591 2242 724 2276 habeat
749 2244 861 2285 oeqrit,
889 2244 1046 2278 constat;
1075 2253 1159 2275 nam
1187 2242 1441 2286 Havercampii
1460 2242 1603 2277 silentio
1629 2244 1672 2277 de

174 2299 275 2333 codd.
303 2300 438 2344 Lugdd.
466 2301 562 2335 credi
589 2312 661 2335 non
687 2304 815 2345 potest.
868 2301 1002 2335 Sensus
1028 2304 1138 2345 patet.

118 2353 147 2399 2)
173 2357 342 2393 Ceterum
374 2359 572 2394 rectissime
598 2359 816 2394 Lambinum
848 2370 913 2403 pro
946 2361 1114 2394 vitalibus
1147 2360 1331 2404 scripsisse
1362 2361 1536 2402 letalibus,
1576 2361 1672 2396 satis,

173 2416 310 2460 opinor,
350 2419 545 2452 ostendunt
578 2429 630 2459 ea,
665 2430 744 2462 quae
779 2418 1006 2452 adiiciuntur.
1057 2419 1136 2452 Non
1162 2419 1346 2463 quaeritur,
1382 2419 1574 2463 cingantne
1600 2419 1673 2453 ani-

173 2486 273 2509 mam
299 2479 335 2509 et
359 2477 526 2512 muniant
552 2489 609 2512 res
633 2479 773 2518 vitale3;
801 2480 836 2511 et
854 2488 934 2521 quae
953 2478 1008 2511 hae
1027 2477 1339 2521 intelligerentur?
1366 2478 1439 2519 sed,
1467 2478 1673 2512 habeantne

174 2545 359 2568 accessum
386 2536 431 2569 ad
458 2547 549 2578 eam,
577 2547 657 2581 quae
683 2536 765 2570 vitae
791 2536 922 2570 infesta
948 2536 1030 2577 sint,
1057 2547 1181 2571 necne.
1220 2537 1402 2581 Forhiger,
1429 2540 1569 2571 retenta
1589 2548 1673 2571 cum

174 2592 409 2628 Wakefieldio
447 2595 623 2630 librorum
662 2594 850 2638 scriptura,
890 2594 1045 2628 conferri
1082 2595 1183 2629 iubet
1221 2598 1341 2633 testes,
1382 2606 1468 2629 sane
1506 2606 1674 2640 superva—

175 2663 316 2694 caneos,
355 2654 416 2697 qui
450 2655 642 2689 ostendant
673 2653 802 2687 Latine
828 2652 897 2687 dici
923 2655 1063 2687 munire
1089 2655 1132 2688 ab
1159 2655 1283 2698 aliqua
1307 2666 1357 2695 re,
1396 2665 1441 2688 ne
1466 2654 1501 2688 id
1528 2654 1675 2698 quidem

176 2711 346 2755 cogitans,
373 2711 453 2745 illos
479 2712 679 2752 ostendere,
707 2711 775 2745 hoc
801 2711 869 2745 dici
894 2722 958 2755 pro
986 2722 1039 2752 e0‚
1067 2713 1163 2756 quod
1190 2716 1244 2747 est
1265 2718 1390 2747 contra
1412 2713 1572 2757 aliquam
1590 2724 1674 2754 rem,

177 2770 273 2813 quod
304 2770 460 2814 pertinet
492 2771 536 2804 ad
568 2770 735 2804 Lambini
768 2770 1002 2814 scripturam;
1042 2770 1110 2814 ipsi
1142 2770 1275 2804 citandi
1310 2774 1424 2809 erant,
1463 2772 1524 2815 qui
1560 2775 1675 2805 osten-

177 2828 313 2870 derent,
352 2831 530 2863 munitum
561 2841 583 2863 a
613 2831 705 2864 vallo
744 2828 813 2862 dici
852 2839 916 2872 pro
955 2839 1007 2869 eo,
1047 2829 1144 2872 quod
1181 2832 1235 2863 est
1272 2832 1450 2864 munitum
1487 2831 1596 2871 vallo;
1635 2841 1675 2863 ac

176 2898 264 2921 sane
289 2898 363 2921 non
389 2887 465 2921 sine
492 2899 600 2922 causa
632 2891 740 2922 testes
772 2886 1041 2930 anquisivisset3
1081 2898 1198 2931 neque
1230 2888 1328 2922 enim
1363 2890 1469 2923 credo
1505 2889 1675 2923 Latinum

177 2945 213 2979 id
239 2957 327 2980 esse.

1700 266 1748 291 311

1694 1535 1743 1559 312
