1915 3235
935 139 1019 180 538

111 279 161 304 173
422 268 533 309 Nam
566 272 725 321 praeter
757 268 897 321 pelagi
930 282 1055 310 casus
1089 271 1132 309 et
1163 269 1352 310 fulminis
1384 270 1517 310 ictum

422 339 582 380 Evasit.

299 457 466 498 Fefellit
519 462 555 498 et
608 471 686 510 pro
729 458 866 505 *etiam
920 459 1031 498 inter
1085 457 1192 499 duos
1248 438 1516 499 accusativos
1571 458 1774 510 positum.

179 527 344 568 Deinde
375 530 491 568 recte
514 528 729 570 VVeberus
758 530 801 569 et
829 528 1092 569 Schmidtius
1115 528 1449 581 descriptionem
1471 523 1580 570 ictus
1604 527 1775 582 (Densce

179 599 325 639 caelum
348 598 595 640 abscondere
617 599 792 640 tenebrae
826 599 945 639 Nube
976 613 1077 652 una7
1110 599 1346 654 subitusque
1379 604 1584 640 antennas
1608 600 1775 653 impulit

178 668 306 723 ἐφιεὶς)
338 673 498 722 puncto
531 670 758 723 diiungunt
789 670 845 711 ab
878 671 942 721 iis,
982 684 1078 722 quae
1110 671 1327 723 pertinent
1360 671 1415 712 ad
1449 670 1539 711 eius
1574 671 1774 712 effectum

180 740 579 791 demonstrandum,
614 744 659 782 ut
692 743 785 782 haec
817 754 930 782 nova
962 741 1015 782 sit
1048 742 1281 782 sententia:

424 870 568 921 Quum
601 884 647 912 se
681 870 862 923 quisque
895 870 966 912 illo
997 883 1253 923 percussum
1287 870 1481 911 crederet
1514 873 1556 912 et
1587 884 1687 912 mox

421 943 643 984 Attonitus
676 941 842 982 nullum
876 941 1058 982 conferri
1092 955 1220 994 posse
1253 944 1427 994 putaret

421 1012 702 1066 Naufragium
738 1012 842 1052 velis
876 1012 1142 1062 ardentibus,
1177 1014 1323 1053 omnia
1355 1013 1464 1053 fiunt

423 1085 560 1133 Talia,
595 1086 686 1124 tam
719 1084 918 1136 graviter,
953 1083 988 1124 si
1022 1083 1196 1136 quando
1228 1083 1397 1136 poetica
1429 1085 1565 1137 surgit

424 1156 698 1208 Tempestas.

179 1286 265 1327 Sed
297 1285 422 1327 facile
454 1297 605 1326 omnes
646 1283 844 1332 sentient,
894 1284 1088 1324 extrema
1130 1283 1224 1324 haec
1266 1284 1428 1324 exitum
1470 1298 1558 1326 non
1599 1284 1775 1334 habere,

179 1370 312 1410 quum
346 1359 388 1398 et
421 1355 768 1408 comparationis
803 1354 946 1394 verbis
979 1354 1086 1394 talia
1119 1356 1161 1395 et
1183 1359 1268 1395 tam
1292 1354 1556 1408 significatae⁷
1592 1355 1777 1395 alterum

179 1427 425 1469 membrum
459 1427 581 1475 desit,
616 1429 659 1467 et
690 1425 795 1466 illud
827 1426 864 1465 si
896 1425 1076 1479 quanda
1111 1438 1196 1477 quo
1220 1425 1446 1475 referatur,
1480 1438 1567 1467 non
1599 1424 1776 1466 habeat.

178 1499 340 1552 Lepide
372 1500 478 1548 haec,
527 1511 624 1551 quae
664 1510 794 1538 sensu
827 1498 990 1545 carent⁷
1039 1498 1217 1537 excusat
1249 1496 1526 1538 Schmidtius.
1589 1497 1701 1537 Nam
1735 1498 1778 1537 et

178 1571 295 1623 apud
329 1570 580 1611 Ciceronem
613 1568 670 1609 ad
702 1572 789 1608 tum
828 1567 1085 1620 particulam
1131 1569 1178 1608 ut
1219 1567 1288 1608 hic
1331 1567 1385 1608 ad
1425 1572 1512 1608 tam
1551 1567 1701 1609 referri
1739 1568 1777 1608 si

177 1641 345 1696 quaudo
379 1640 555 1693 (utinam
590 1644 677 1680 tum
710 1652 833 1679 essem
868 1642 1005 1691 name,
1039 1639 1076 1678 si
1108 1638 1275 1693 quando
1308 1638 1492 1679 Romani
1525 1638 1637 1679 dorca
1669 1640 1775 1679 acci-

168 1726 273 1766 pere
315 1713 539 1766 caepissent,
589 1711 642 1752 de
683 1709 766 1751 Off.
800 1709 856 1759 H,
902 1707 989 1761 21).
1052 1709 1203 1761 Itaque
1251 1723 1304 1750 ex
1352 1722 1422 1759 eo,
1473 1710 1588 1762 quod
1635 1709 1777 1750 Latini

175 1783 400 1836 particulae
433 1781 785 1824 demonstrativae
820 1779 1008 1820 definita-3
1041 1780 1274 1821 subiiciunt
1313 1780 1539 1821 relativam
1580 1792 1667 1820 non
1700 1779 1775 1820 de-

175 1855 356 1905 finitam,
391 1866 566 1907 prorsus
599 1855 647 1893 ut
680 1852 827 1892 dicunt
859 1852 908 1903 is,
942 1851 979 1891 si
1011 1851 1115 1905 qais,
1150 1851 1357 1904 sequitur,
1392 1851 1474 1892 dici
1507 1851 1638 1891 etiam
1671 1855 1775 1890 tam-

175 1926 212 1966 si
243 1939 321 1979 pro
360 1926 613 1979 tam-qaam!
662 1922 826 1964 Deinde
867 1921 988 1962 addit
1028 1922 1429 1974 interpretationem
1471 1920 1775 1962 Germanicam

175 1996 443 2038 huiusmodi:
500 1994 595 2036 Und
638 1994 701 2034 als
740 1994 799 2034 sie
838 2006 925 2033 mm
957 1993 1001 2032 in
1041 1991 1318 2045 Todesfurcbt
1349 1992 1569 2045 scleasoeben,
1620 1991 1678 2032 da
1707 2004 1774 2046 qe-

176 2067 333 2108 selzieht
365 2068 467 2108 alles
499 2067 544 2106 in
580 2065 761 2120 yleielzer
810 2063 944 2104 Weise
983 2076 1026 2103 so
1064 2063 1165 2117 fort,
1214 2065 1289 2104 mit
1327 2063 1485 2104 solclzer
1526 2062 1774 2117 Heft'z'ylveit,

176 2152 293 2179 πυρῆνι
327 2138 481 2179 einmal
513 2138 580 2177 ein
612 2136 755 2177 Stilrm
787 2135 874 2176 sich
907 2135 970 2176 bei
1002 2135 1083 2175 den
1117 2135 1266 2175 Poeten
1299 2133 1461 2174 erhebt!
1502 2133 1612 2174 Sunt
1645 2133 1772 2183 enim,

178 2210 251 2261 qui
298 2211 471 2262 putent,
520 2221 586 2258 se,
636 2220 769 2260 quum
819 2206 980 2247 Latinis
1029 2206 1229 2247 absurdis
1278 2205 1470 2246 absurda
1518 2204 1775 2245 Germanica
1839 2242 1841 2246 .

177 2280 425 2328 adiecerint,
474 2279 545 2320 illa
588 2278 795 2331 praeclare
830 2277 1088 2326 defendisse,
1139 2276 1255 2328 quod
1286 2288 1420 2329 genus
1454 2275 1610 2316 criticae
1644 2274 1775 2315 etiam

176 2350 220 2390 in
252 2350 467 2392 Ciceronis
501 2349 670 2402 scriptis
713 2361 827 2389 nunc
871 2349 1013 2401 ipsum
1056 2349 1230 2388 strenue
1274 2360 1299 2387 a
1338 2345 1554 2387 nonnullis
1586 2345 1775 2387 exerceri

176 2420 316 2461 video.
380 2421 601 2462 Sententia
636 2421 810 2468 orietur,
844 2420 879 2460 si
912 2418 1130 2460 addideris
1165 2419 1228 2459 als
1260 2417 1343 2471 (als
1374 2415 1523 2469 werm).
1575 2416 1662 2457 Sed
1692 2416 1775 2457 hoc

107 2509 157 2533 174
177 2504 348 2544 quoque
380 2492 587 2532 mendum
620 2491 787 2544 pridem
826 2490 1047 2531 sublatum
1088 2491 1181 2530 erat
1220 2502 1246 2530 a
1285 2487 1650 2537 Schurzfleischio‚
1701 2487 1775 2540 qui

176 2561 385 2603 intellexit
431 2565 531 2603 ante
579 2562 745 2617 quando
785 2561 840 2603 ob
880 2561 1136 2609 litterarum,
1184 2560 1228 2600 in
1276 2558 1540 2612 compendiis
1588 2571 1772 2611 praeser-

177 2632 267 2682 tim,
302 2645 519 2673 summam
552 2632 874 2673 similitudinem
909 2631 1117 2672 excidisse
1150 2644 1295 2685 qaam:

1370 2736 1515 2777 omnia
1547 2737 1655 2777 fiunt

421 2808 564 2858 Talia⁷
612 2811 699 2849 tam
750 2809 959 2861 graviter,
1017 2820 1149 2860 quam
1197 2806 1371 2859 quando
1418 2807 1589 2859 poetica
1636 2806 1772 2859 surgit

421 2879 692 2931 Tempestas.
