1915 3235
845 1034 907 1095 X.

118 1148 200 1208 De
239 1148 385 1208 locis
424 1148 659 1224 aliquot
697 1147 992 1207 Ciceronis
1033 1148 1385 1208 orationum
1423 1147 1624 1208 Verri-

395 1261 625 1302 narum
665 1243 1015 1302 dissertatio
1058 1242 1283 1301 critica.
1299 1241 1331 1307 ¹)

190 1433 375 1512 Menda
407 1470 680 1510 librariorum
721 1483 772 1510 ex
810 1472 1006 1510 veterum
1045 1468 1212 1521 scriptis
1253 1468 1401 1508 tollere
1443 1480 1519 1520 per
1562 1479 1663 1507 303-
1686 1478 1737 1504 323

72 1542 249 1583 demicae
282 1541 523 1593 scriptionis
556 1539 923 1593 opportunitatem
958 1541 1001 1580 et
1025 1542 1154 1581 antea
1178 1539 1323 1580 studui
1348 1541 1390 1579 et
1413 1551 1527 1578 nunc
1551 1537 1666 1578 idem

72 1612 213 1653 facere
245 1611 460 1664 ingredior
493 1614 535 1652 et
567 1611 738 1664 saepius,
773 1610 938 1663 opinor,
972 1611 1153 1663 posthac
1185 1610 1266 1651 1100
1299 1608 1516 1650 scribendi
1539 1621 1665 1661 argu-

70 1685 265 1723 mentum
298 1695 481 1723 sumam.
530 1682 604 1722 Est
637 1681 750 1723 enim
776 1681 999 1731 eiusmodi,
1034 1681 1149 1734 quod
1173 1679 1465 1733 particulatim
1489 1679 1667 1720 tractari

70 1753 206 1806 possit
238 1753 440 1805 factaque
472 1752 790 1794 intermissione
823 1753 947 1793 statis
979 1751 1248 1805 temporibus
1276 1751 1432 1804 repeti3
1466 1752 1508 1791 et
1533 1763 1666 1803 quum

72 1824 207 1865 multa
239 1824 344 1864 mihi
376 1824 504 1864 huius
536 1823 704 1876 generis
738 1823 921 1865 materia
954 1837 1006 1864 ex
1040 1823 1255 1875 frequenti
1288 1823 1486 1862 veterum
1512 1833 1666 1861 monu—

73 1897 321 1936 mentorum
353 1895 611 1935 tractatione
645 1894 822 1935 collecta
856 1895 910 1935 sit
943 1896 984 1935 et
1016 1893 1199 1935 subinde
1232 1894 1411 1941 crescat,
1452 1891 1570 1932 nulla
1603 1893 1665 1931 est

74 1965 340 2006 commodior
371 1965 441 2006 via
473 1978 570 2006 eam
610 1965 702 2006 sine
742 1966 827 2006 11113
867 1965 1103 2006 3110110111111
1144 1963 1406 2005 admixtione
1446 1962 1502 2002 ad
1540 1974 1665 2002 usum

73 2048 235 2083 eorum,
271 2036 343 2087 qui
375 2036 418 2076 in
450 2036 603 2077 iisdem
636 2037 929 2077 monumentis
963 2037 1240 2088 occupantur,
1277 2033 1503 2087 promendi
1537 2045 1666 2084 quam

73 2106 166 2146 haec
200 2106 438 2147 secundum
472 2106 703 2159 scriptores
737 2110 779 2148 et
810 2107 955 2156 libros,
991 2106 1045 2147 ad
1078 2119 1184 2159 quos
1216 2105 1414 2158 pertinet,
1459 2103 1667 2155 disposita

73 2190 150 2229 per
183 2177 403 2229 quandam
436 2178 593 2218 seriem
633 2178 872 2230 explicatio,
922 2177 1025 2218 mihi
1065 2176 1319 2229 praesertim,
1370 2175 1441 2226 qui
1481 2175 1536 2214 ab
1577 2173 1666 2213 edi·
1723 2230 1727 2234 ι

73 2248 261 2289 tionibus
283 2252 479 2290 veterum
498 2250 755 2302 scriptorum
775 2249 975 2289 curandis
994 2248 1214 2289 voluntate
1240 2246 1478 2297 studiisque
1502 2245 1667 2285 alienus

75 2320 153 2359 sim
187 2322 229 2360 et
261 2319 316 2360 ab
351 2322 527 2361 externo
561 2321 650 2361 eius
683 2320 743 2360 rei
782 2320 1068 2360 instrumento
1101 2319 1291 2358 remotus
1324 2329 1402 2357 nec
1436 2316 1665 2368 quicquam

77 2390 216 2430 minus
249 2390 522 2443 probandum
556 2391 599 2431 in
624 2391 775 2431 litteris
798 2390 1062 2442 philologieis
1087 2390 1235 2440 putem
1261 2400 1391 2439 quam
1415 2387 1665 2434 editionum,

76 2473 172 2512 quae
204 2461 381 2513 singulae
415 2461 615 2513 exiguum
650 2461 811 2513 aliquid
842 2460 1003 2512 proprii
1042 2459 1204 2499 habere
1237 2458 1478 2506 videantur,
1518 2458 1666 2498 1110011-

76 2531 308 2572 sideratam
340 2532 756 2585 multiplicationem.

194 2602 288 2643 Hoc
319 2604 514 2655 tempore
547 2603 671 2655 quasi
704 2601 843 2655 spicas
878 2601 1074 2654 colligere
1107 2600 1277 2641 decrevi
1310 2601 1352 2640 et
1384 2599 1441 2640 ad
1468 2612 1589 2651 opus,
1623 2598 1666 2638 in
1687 2608 1738 2633 324

79 2672 196 2713 cuius
229 2673 529 2715 emendatione
561 2686 699 2726 nuper
731 2685 889 2724 magna
920 2671 1034 2712 facta
1068 2673 1132 2711 est
1163 2671 1419 2723 progressio,
1461 2669 1666 2710 emenda-

115 2845 143 2890 ¹)
169 2848 272 2882 Edita
309 2848 479 2893 bipartito
516 2847 606 2881 1832
639 2852 674 2882 et
706 2847 808 2889 1833,
847 2847 944 2891 prior
981 2858 1064 2891 pars
1102 2847 1147 2880 ad
1185 2846 1415 2880 indicendam
1453 2844 1666 2879 sollemnem

173 2907 328 2941 duorum
365 2907 553 2942 medicinae
586 2907 775 2941 doctorum
813 2906 1144 2950 inaugurationem,
1184 2905 1307 2945 altera,
1347 2915 1459 2948 quum
1498 2902 1666 2937 natalicia

173 2966 265 3010 regis
291 2966 430 3010 agenda
455 2969 586 3000 essent.
