1915 3235
107 1980 157 2005 491

936 132 1021 172 380

179 268 348 317 quosue,
382 261 522 301 libelli.
571 260 639 302 Sic
662 261 885 302 notabitur
908 262 1096 302 studium
1121 262 1371 302 affectatum
1394 260 1548 301 Atticae
1571 260 1776 301 orationis

183 338 223 376 et
255 332 617 387 pronuntiationis
659 331 791 373 etiam
831 333 886 372 ab
928 332 1061 372 servis
1102 332 1350 384 anagnostis
1392 344 1443 372 ex
1476 331 1621 372 Attica
1654 330 1776 371 addi-

182 405 366 447 scendae.
445 403 699 455 Asyndeton
747 403 850 443 satis
900 405 999 456 apte
1048 402 1237 443 studium
1286 403 1431 444 omnia
1479 401 1776 454 coniungentis

183 475 395 529 exprimit.
459 473 562 525 (cfr.
597 474 770 514 Tuscul.
800 474 847 522 V,
883 474 953 523 ⁶21,
989 474 1064 514 62:
1099 473 1294 514 Aderant
1324 477 1551 527 augmenta,
1584 470 1776 524 cor-ome.)

181 548 266 588 Sed
306 546 404 587 huic
445 545 737 586 emendationi
775 544 879 585 nihil
919 544 1084 593 obstat3
1133 545 1248 597 quod
1296 546 1432 597 cogat,
1480 556 1628 584 veram
1669 556 1775 592 esse,

181 618 285 660 nihil
317 619 381 658 est
414 618 541 656 certae
575 618 703 656 notae.

298 689 343 730 C.
368 688 437 736 52,
478 688 555 727 111
591 686 822 727 delendum
857 688 922 727 est
944 686 1136 727 omnium
1161 686 1355 727 codicum
1378 686 1625 726 testimonio
1648 697 1775 726 voca—

180 762 329 802 bulum
362 763 544 800 tutorum
577 758 720 812 (quum
752 758 797 797 in
829 771 979 811 ‘niaque
1011 770 1182 797 numero
1215 762 1393 797 tutorum
1429 760 1602 796 tutorem
1634 755 1777 796 liberis

181 846 257 873 non
281 828 492 881 instituit).
526 829 642 881 quod
667 828 850 869 Orellius
885 841 936 869 ex
968 828 1172 880 Hervagii
1206 828 1392 869 editione
1426 826 1618 876 adscivit,
1653 827 1771 867 cuius

180 916 275 955 quae
309 903 363 943 sit
396 901 642 949 auctoritas,
677 900 781 940 satis
815 899 1083 940 declaratum
1117 901 1194 939 est.
1242 898 1545 939 Putidissimus
1571 900 1636 938 est
1661 898 1772 938 eius-

180 975 277 1015 dem
310 972 510 1014 vocabuli
544 984 776 1012 concursus
811 970 1098 1022 facillimeque
1132 970 1315 1010 alterum
1355 969 1411 1010 ad
1443 969 1515 1010 illa
1547 970 1592 1009 in
1623 982 1774 1023 magmo
1801 992 1803 995 ⁴

181 1057 350 1085 numero
390 1042 576 1084 auditur.
639 1043 775 1083 Paulo
814 1044 911 1095 post
951 1040 973 1093 ἓ
1012 1042 1093 1081 112
1132 1054 1219 1081 non
1257 1040 1420 1089 dubito,
1471 1039 1574 1091 quin
1613 1039 1773 1089 Cicero,

181 1120 349 1168 tempus
382 1113 685 1155 tantummodo
719 1113 943 1153 definitum
977 1115 1097 1153 extra
1124 1112 1340 1164 'reliquam
1375 1111 1635 1152 sententiam
1667 1124 1774 1164 pen-

179 1188 352 1228 dentem
385 1185 643 1238 significans,
678 1185 915 1236 scripserit:
960 1189 1103 1224 contra
1138 1198 1198 1224 me
1231 1187 1395 1238 ‹lammis-t
1427 1187 1576 1232 aetum,
1626 1182 1700 1222 ubi
1732 1183 1776 1223 in

179 1259 301 1299 codd.
338 1260 379 1299 et
413 1257 509 1298 edd.
544 1258 608 1296 est
641 1269 762 1310 (sumn
805 1256 869 1304 sit,
919 1255 1084 1308 vulgari
1124 1254 1295 1295 mendo.
1359 1254 1491 1295 Multo
1530 1253 1667 1306 magis
1708 1253 1776 1294 hic

177 1329 434 1370 indicativus
473 1328 705 1379 requiritur
752 1340 881 1379 quam
922 1339 1054 1379 supra
1094 1326 1163 1374 51,
1211 1326 1310 1366 109:
1363 1326 1463 1376 Quis
1496 1330 1565 1377 est,
1614 1325 1684 1379 que?
1721 1337 1775 1376 se,

178 1414 302 1455 (semme
336 1404 477 1440 contra
512 1412 574 1438 me
604 1398 835 1450 ferebatur,
871 1399 994 1438 inisse
1026 1396 1280 1451 .5·uffr(cgyimn
1307 1396 1581 1449 confiteatur?
1611 1396 1685 1436 uhi
1709 1395 1776 1436 Vel

179 1471 516 1523 exspectabatur
564 1469 874 1510 coniunctivus.
953 1469 1039 1510 Csr.
1083 1469 1202 1517 Verr.
1236 1468 1302 1516 IV,
1347 1468 1423 1517 35,
1467 1468 1519 1508 77
1565 1470 1776 1521 (exporta-

180 1543 315 1592 batur,
350 1555 375 1582 a
407 1554 476 1582 me
512 1543 554 1581 et
586 1540 784 1593 Zumptio
816 1538 1096 1591 restitutum).

297 1613 501 1654 Extremo
545 1613 685 1664 capite
728 1612 782 1651 53
827 1611 1025 1652 obiicitur
1068 1610 1250 1650 difficilis
1296 1610 1512 1662 explicatu
1555 1609 1686 1659 locus,
1735 1609 1779 1649 in

179 1698 263 1737 quo
296 1697 382 1725 non
416 1683 506 1724 sine
541 1696 672 1723 causa
695 1682 879 1723 Orellius
912 1681 1050 1731 haesit,
1086 1694 1137 1721 ex
1160 1681 1329 1722 illorum
1353 1694 1522 1733 genere.
1556 1682 1598 1721 in
1623 1680 1779 1733 quibus

179 1755 288 1796 adeo
321 1754 467 1796 omnia
509 1753 791 1807 grammatice
836 1753 1108 1799 conveniunt,
1159 1752 1267 1792 adeo
1310 1752 1414 1792 nihil
1458 1752 1502 1792 in
1546 1752 1778 1792 Verborum

179 1840 259 1867 usu
293 1825 455 1878 culpari
489 1827 645 1877 potest.
680 1824 789 1865 adeo
823 1824 942 1865 nulla
965 1828 1028 1864 est
1052 1823 1277 1875 scripturae
1301 1823 1605 1875 discrepantia,
1640 1822 1778 1863 omnis

179 1898 365 1949 denique
398 1896 629 1937 difficultas
663 1897 722 1936 ita
757 1898 822 1936 est
854 1896 898 1936 in
929 1908 1016 1935 uno
1049 1894 1193 1946 aliquo
1216 1894 1428 1935 vocabulo
1451 1894 1629 1943 inclusa,
1663 1892 1780 1945 quod

179 1982 231 2009 ne
264 1970 482 2009 mutatum
516 1967 690 2020 quidem
725 1980 822 2007 eam
856 1966 1070 2019 expediat,
1119 1967 1166 2006 ut
1206 1965 1461 2017 scripturam
1504 1976 1651 2004 veram
1686 1975 1779 2003 esse

181 2039 373 2081 confiteri
407 2051 624 2091 cogamur,
671 2038 924 2089 scriptorem
959 2039 1034 2077 aut
1065 2036 1324 2089 negligentia
1358 2038 1444 2080 aut,
1478 2037 1525 2076 ut
1557 2035 1638 2075 hoc
1672 2034 1777 2083 loco,

180 2111 296 2163 quod
330 2110 387 2151 ita
420 2110 562 2159 vellet,
596 2109 738 2150 minus
773 2121 867 2149 esse
900 2110 1014 2148 recte
1048 2107 1253 2155 locutum,
1287 2110 1346 2157 ut,
1381 2107 1416 2147 si
1441 2118 1592 2147 severe
1619 2105 1778 2157 exigas,

180 2181 394 2222 sententia
428 2180 589 2221 exitum
622 2193 709 2221 non
740 2180 916 2220 habeat.
981 2178 1191 2219 Scribitur
1225 2178 1337 2218 enim
1371 2178 1424 2218 de
1466 2176 1659 2218 Vatinio:
1708 2188 1780 2216 nec

180 2254 396 2307 quicquam
430 2252 517 2292 illis
549 2249 774 2304 (aediliciis)
807 2251 996 2302 comitiis,
1030 2249 1138 2304 quod
1171 2249 1264 2289 bom?
1296 2249 1379 2289 riri
1409 2249 1568 2300 vellent,
1601 2248 1686 2288 nisi
1716 2260 1779 2287 re-

171 2324 356 2377 pulsam,
390 2324 496 2363 tulit.
560 2322 628 2363 Sic
662 2322 791 2374 coepit
824 2321 952 2374 loqui,
993 2323 1202 2372 tanquam
1244 2320 1434 2361 dicturus
1469 2321 1602 2360 esset:
1644 2317 1778 2370 Nihil,

179 2394 287 2449 quod
320 2394 413 2434 bom?
444 2394 528 2434 ‘riri
558 2394 704 2434 vellent
751 2392 863 2445 (sibi,
911 2391 1015 2432 nihil
1059 2390 1159 2432 boni
1193 2392 1235 2431 et
1267 2389 1488 2442 optabile),
1522 2390 1629 2430 tulit.
1693 2388 1778 2430 Sed

180 2464 390 2506 convertit
423 2464 675 2513 orationem,
710 2464 858 2505 addito
890 2464 975 2504 nisi
1005 2462 1218 2516 repulsam
1252 2460 1399 2514 (quam
1434 2474 1539 2502 sane
1572 2460 1674 2502 boni
1701 2460 1779 2500 viri

178 2535 384 2576 volebant
422 2534 481 2574 illi
522 2534 798 2587 contingere),
847 2537 895 2575 ut
933 2533 1144 2574 mutanda
1192 2532 1246 2573 sit
1292 2532 1413 2573 verbi
1459 2532 1607 2572 vellent
1653 2531 1777 2572 ratio.

179 2606 436 2647 Coniectura
470 2605 643 2658 quidem
677 2605 755 2646 viri
789 2605 903 2646 docti
936 2607 976 2645 et
1012 2617 1144 2657 quam
1177 2616 1548 2656 supervacaneam
1583 2605 1625 2644 et
1658 2602 1778 2655 igna-

178 2689 279 2717 vam
310 2676 473 2716 habeat
506 2676 765 2717 sententiam
800 2679 842 2716 et
875 2689 1003 2728 quani
1038 2681 1218 2728 pravam
1259 2674 1441 2715 subiecti
1480 2687 1658 2727 prorsus
1692 2686 1777 2714 non

179 2746 405 2800 significati
437 2746 713 2787 omissionem
746 2749 787 2787 et
821 2760 952 2799 quam
984 2759 1071 2788 non
1111 2747 1277 2787 rectum
1311 2745 1643 2794 coniunctivum,
1692 2757 1779 2785 non

181 2820 245 2859 est
277 2817 473 2871 pluribus
507 2814 873 2870 exponendum.¹)

219 2980 246 3025 ¹)
273 2983 325 3016 Ex
351 2982 466 3016 altero
492 2992 623 3025 genere
649 2981 811 3015 locorum
839 2981 1060 3024 negligenter
1086 2981 1304 3024 scriptorum
1330 2979 1469 3013 Horatii
1502 2982 1556 3013 est
1588 2978 1626 3012 in
1658 2981 1724 3011 sat.
1751 2977 1776 3016 Ι,

275 3040 307 3082 3,
336 3040 422 3074 12οε
463 3041 567 3083 Nam,
605 3045 645 3073 ut
668 3040 789 3082 ferula
821 3041 937 3073 medas
971 3041 1134 3073 mei-itinn
1170 3041 1311 3074 maiora
1344 3039 1463 3072 subire
1503 3038 1667 3079 Verbera,
1706 3047 1777 3070 non
