1915 3235
111 1428 142 1452 61

933 72 989 112 48

168 207 240 256 nit,
290 206 367 246 sed
401 204 696 257 experimento
731 202 887 253 capto).
937 199 1087 252 quanti
1126 213 1283 252 pueros
1324 201 1508 242 doceant
1539 201 1689 241 fidium
1722 204 1763 242 et

167 279 332 326 cantus,
367 276 513 316 vilium
547 274 705 314 artium
728 271 958 323 (Iuvenalis
982 273 1024 311 et
1047 271 1311 312 severiorum
1333 270 1520 323 iudicio),
1556 272 1763 325 magistri,

169 348 472 400 Chrysogonus
528 347 570 384 et
616 343 763 384 Pollio.
845 342 935 383 Iam
988 342 1031 382 hi
1087 341 1305 394 quomodo
1359 345 1496 383 artem
1547 343 1763 385 Theodori

168 417 362 458 scindere
404 416 601 457 dicantur
642 413 915 466 (Theodorus
962 412 1076 452 enim
1119 412 1343 453 Gadareus
1383 413 1645 455 clarissimus
1686 415 1766 456 fuit

168 489 333 535 1·hetor;
374 487 458 527 vid.
493 485 638 538 Spald.
673 485 729 525 ad
761 483 936 534 Quintil.
970 482 1037 531 III,
1077 484 1112 532 1,
1150 482 1234 535 17),
1276 483 1385 524 adeo
1418 484 1650 525 obscurum
1685 488 1763 530 est,

168 562 215 599 ut
262 558 432 607 fuerint,
482 556 554 609 qui
603 556 929 608 Chrysogonum
978 556 1020 594 et
1066 553 1304 595 Pollionem
1352 555 1395 595 in
1435 555 1628 596 rhetores
1663 569 1763 597 con—

173 631 396 679 verterent,
447 630 596 668 contra
644 624 949 667 cohaerentiam
999 624 1079 666 loci
1127 627 1169 664 et
1216 624 1349 678 ipsius
1389 626 1602 667 Iuvenalis
1643 626 1764 667 testi-

167 699 360 740 monium
394 698 477 749 (VI,
514 698 568 738 74
601 700 643 738 et
676 696 792 747 387),
834 709 884 736 ac
923 709 977 736 ne
1011 695 1070 736 sic
1103 696 1278 748 quidem
1312 696 1474 737 exitum
1508 697 1765 750 reperirent;

165 783 267 810 nam
308 769 503 810 scindere
546 767 805 809 rhetoricam
854 767 1004 807 volunt
1052 780 1146 807 esse
1194 767 1339 808 omnia
1386 767 1565 808 minima
1612 781 1766 810 mansa

167 840 352 889 tradere,
387 840 506 880 cuius
530 838 851 891 significationis
874 837 1039 878 nullum
1064 833 1310 890 exemplum
1333 838 1510 879 habent.
1567 838 1766 891 Plerique

168 914 326 960 tamen,
375 910 479 950 nihil
527 910 569 950 in
616 909 864 950 hominibus
912 910 1143 957 novantes,
1192 908 1380 949 scindere
1427 908 1768 962 interpretantur

167 981 366 1031 irridere,
417 984 566 1022 contra
614 993 741 1021 usum
788 980 1011 1032 loquendi,
1061 979 1277 1020 sententia
1325 979 1541 1032 languida.
1606 979 1768 1021 Cantor

166 1053 281 1093 enim
322 1066 408 1094 non
448 1052 586 1105 magis
627 1051 887 1092 rhetoricam
930 1051 1113 1092 curabat
1153 1053 1195 1091 et
1234 1050 1442 1091 irridebat
1490 1064 1621 1103 quam
1661 1051 1767 1092 alias

165 1125 295 1164 artes.
359 1123 522 1164 &Veber
555 1125 698 1163 autem
734 1122 922 1163 scindere
955 1134 1050 1162 esse
1090 1122 1180 1162 vult
1220 1121 1470 1174 dilacerare,
1520 1123 1766 1176 opprimere,

165 1194 319 1235 eodem
352 1194 578 1235 sententiae
611 1193 898 1241 incommodo,
934 1196 988 1242 et,
1023 1193 1138 1245 quod
1172 1193 1423 1233 evitandum
1448 1193 1646 1246 putabat,
1680 1207 1766 1235 non

166 1266 306 1306 minus
341 1265 566 1306 discedens
600 1265 655 1306 ab
690 1278 770 1305 usu
803 1265 1027 1306 sermonis.
1090 1264 1197 1305 Haec
1238 1264 1378 1305 omnis
1420 1264 1651 1306 difficultas
1684 1264 1766 1306 tol-

165 1337 278 1386 litur,
313 1336 360 1385 si,
396 1337 590 1377 oratione
623 1337 666 1377 in
700 1349 865 1377 caesura
897 1338 996 1388 post
1020 1349 1177 1389 pueros
1209 1335 1447 1383 insistente,
1489 1335 1766 1389 participium

165 1420 251 1448 non
285 1420 382 1448 cum
414 1407 634 1460 proximis,
684 1407 761 1448 sed
801 1420 898 1447 cum
932 1420 982 1447 eo
1016 1406 1224 1448 subiecto.
1274 1406 1389 1458 quod
1422 1406 1464 1446 in
1497 1411 1609 1447 tem‘a
1641 1407 1766 1455 inest,

167 1478 528 1519 coniunxerimus.
583 1479 671 1519 Iam
706 1478 847 1530 lepide
881 1478 1027 1518 rhetor
1059 1477 1231 1518 iubetur
1264 1477 1452 1518 libellum
1489 1478 1765 1527 rhetoricum,

166 1563 250 1601 quo
284 1562 386 1590 usus
420 1552 549 1590 antea
583 1551 676 1590 erat
708 1549 750 1589 in
783 1552 875 1589 arte
908 1549 1134 1597 tradenda,
1175 1549 1370 1589 scindere
1405 1552 1447 1589 et
1479 1552 1629 1590 cantor
1660 1549 1767 1590 fieri.

166 1621 272 1662 Haec
305 1624 371 1662 est
403 1621 518 1661 enim
551 1634 620 1661 ars
655 1620 886 1666 Theodori,
930 1633 1015 1661 non
1049 1620 1265 1661 rhetorica
1298 1620 1500 1661 universa
1533 1618 1648 1672 (quae
1681 1633 1768 1661 non

166 1692 374 1732 scinditur
406 1691 485 1732 nisi
527 1692 582 1732 ab
624 1690 687 1741 iis,
737 1691 809 1743 qui
851 1691 1049 1743 imperite
1089 1691 1318 1732 tractando
1361 1689 1601 1742 divellunt).
1673 1678 1797 1731 Hoc'

167 1762 338 1804 nornine
382 1762 537 1815 (Graeci
570 1769 692 1812 τέχνας
728 1761 892 1813 dicunt)
934 1762 1204 1814 compendia,
1256 1765 1508 1815 systemata,
1557 1765 1633 1803 aut
1671 1775 1768 1815 quae

167 1836 267 1874 sunt
292 1833 377 1874 alia
396 1836 560 1885 ¹nostra
583 1833 774 1882 nomina,
807 1832 1046 1882 rhetorieae‚
1081 1836 1234 1885 postea
1260 1833 1556 1886 grammaticae
1581 1846 1767 1886 quoque,

164 1904 340 1945 inscribi
373 1905 585 1945 solebant.
649 1904 742 1944 Vid.
779 1904 899 1944 lexic.
935 1902 1032 1956 (etsi
1072 1904 1213 1945 minus
1255 1904 1381 1957 plene
1422 1904 1475 1946 de
1516 1918 1567 1945 ea
1607 1904 1768 1957 signifi-

167 1976 335 2016 catione
368 1976 576 2016 traditum
610 1978 675 2016 est
707 1975 750 2016 in
784 1975 1042 2016 Germanica
1074 1975 1373 2016 Forcelliniani
1407 1976 1529 2016 lexici
1562 1974 1767 2027 editione)

168 2049 210 2086 et
250 2046 397 2098 Spald.
432 2047 487 2087 ad
520 2046 666 2097 Quint.
700 2047 729 2096 I,
767 2047 803 2095 1,
838 2047 907 2087 26.
942 2046 989 2095 Π,
1036 2047 1102 2095 15,
1142 2047 1183 2087 4.
1225 2046 1272 2095 V,
1317 2047 1381 2094 13,
1423 2047 1492 2087 59.
1525 2047 1576 2095 Χ,
1621 2047 1657 2096 1,
1702 2047 1768 2087 15.

167 2118 310 2169 Atque
343 2117 424 2158 hoc
463 2117 637 2169 quidem
679 2118 772 2158 loco
812 2130 962 2158 versus
1003 2117 1112 2158 ratio
1154 2120 1324 2158 tantum
1365 2119 1592 2166 monstrat,
1641 2130 1768 2169 posse

167 2188 260 2228 haec
293 2188 504 2240 coniungi,
553 2202 640 2229 non
678 2187 896 2240 iungenda
935 2201 1044 2229 esse.
1108 2188 1161 2228 Et
1198 2191 1345 2229 tamen
1384 2190 1481 2240 post
1520 2188 1625 2228 illud
1657 2193 1770 2229 tenta

167 2258 498 2300 desiderabatur
530 2258 710 2311 aliquid3
759 2259 904 2311 itaque
943 2259 1124 2300 lectores
1163 2259 1341 2311 antiqui,
1390 2259 1465 2299 ubi
1505 2259 1561 2300 ad
1592 2258 1768 2300 tertium

166 2342 340 2370 versum
372 2332 552 2370 ventum
585 2331 692 2379 erat,
734 2342 784 2370 eo
816 2329 959 2371 minus
994 2330 1255 2371 dubitabant
1287 2329 1479 2370 scindens
1511 2342 1561 2370 eo
1593 2329 1767 2378 referre,

167 2401 282 2452 quod
317 2401 370 2441 de
401 2401 593 2442 Pollione
626 2400 730 2441 nihil
763 2400 1014 2442 addendum
1048 2404 1142 2442 erat
1174 2401 1423 2453 singulatim
1465 2400 1602 2453 magis
1636 2413 1769 2453 quam

168 2472 221 2512 de
254 2471 546 2524 Chrysogono.
610 2471 760 2523 Itaque
798 2471 1011 2512 Iuvenalis
1052 2485 1139 2513 non
1182 2472 1318 2524 magis
1359 2471 1561 2524 ambigue
1599 2471 1769 2524 scripsit

168 2555 313 2594 quam,
363 2545 411 2583 ut
443 2542 592 2584 Graeco
625 2545 724 2584 utar
756 2543 967 2595 exemplo,
1009 2543 1248 2596 Euripides,
1290 2542 1408 2594 apud
1439 2554 1569 2594 quem
1601 2541 1768 2582 Helena

169 2614 210 2653 in
253 2613 465 2666 tragoedia
509 2613 751 2666 cognomini
794 2626 833 2653 V.
866 2613 953 2653 415
997 2613 1116 2663 dicit,
1169 2616 1216 2654 ut
1260 2613 1434 2665 quidem
1478 2604 1592 2653 nunc
1636 2613 1767 2653 inter—

168 2683 385 2736 pungitur,

665 2774 772 2821 ὄχλον
796 2774 868 2821 γάρ
894 2777 1062 2810 εἰσπεσεῖν
1085 2774 1300 2822 ᾐσχυνόμην,

571 2833 661 2867 (ὅσθ’
687 2835 863 2880 ἱστορῆσαι
889 2833 947 2873 τιὶς
973 2834 1062 2881 ἐμάς
1087 2836 1327 2881 ύῗυσχλαινίας,
