1915 3235
988 86 1072 128 678

223 222 346 250 orum
380 213 422 251 et
454 210 671 253 scribendi
703 213 914 257 ministro.
980 215 1092 257 Nam
1126 215 1316 269 quidam,
1357 229 1490 269 quum
1523 216 1825 259 declamatoris

222 293 452 332 personam
486 281 709 334 inducunt,
745 297 841 326 eam
875 299 926 327 ex
960 285 1227 328 Ciceroniani
1260 286 1466 340 temporis
1499 287 1626 329 docto
1651 288 1826 330 homine

222 355 352 405 atque
385 352 491 394 scito
527 353 700 395 rhetore
733 360 774 396 et
809 369 861 397 ex
894 357 1035 398 aetatis
1067 357 1214 398 multis
1246 357 1413 399 saeculis
1436 357 1639 399 diiunctae
1661 358 1824 402 insulso

221 428 429 476 nugatore
461 425 656 475 miscent,
699 439 804 467 sane
843 427 900 468 ad
933 428 1107 480 quasvis
1140 430 1287 481 partes
1320 428 1596 470 sustinendas
1629 428 1822 471 fabulas-

167 490 169 493 ⁴
219 507 302 546 que
349 495 620 548 peragendas
669 499 833 550 aptam.
898 498 984 540 Sed
1031 499 1199 540 addunt
1245 499 1493 543 Ahrensius,
1534 501 1577 540 et
1624 499 1820 552 Orellius,

126 2213 177 2237 348

218 565 393 607 omnino
424 565 518 607 fieri
549 580 637 608 non
669 570 875 622 potuisse,
917 572 966 611 ut
1005 570 1076 612 illo
1109 570 1177 612 die
1210 570 1364 612 scribae
1397 570 1454 612 ad
1486 571 1689 612 aerarium
1723 584 1821 613 con·

218 636 430 686 venirent,
481 651 614 690 quum
663 640 842 691 scirent,
891 654 1043 682 omnes
1090 641 1371 694 magistratus
1418 642 1462 683 in
1508 643 1663 683 senatu
1709 654 1818 684 esse.

215 707 356 748 Facile
388 710 535 750 tamen
570 709 833 764 intelligitur,
869 725 1002 765 quum
1035 715 1225 763 senatus,
1258 714 1306 753 ut
1337 712 1408 754 1110
1430 714 1642 765 tempore,
1674 712 1818 755 subito

215 781 538 829 convocaretur,
579 793 666 822 non
707 795 857 823 omnes
890 783 1054 824 scribas
1088 783 1291 825 certiores
1324 782 1461 825 factos
1495 796 1602 825 esse.
1664 784 1816 837 Itaque

213 849 270 889 illi
302 849 434 892 nihilo
467 851 623 901 minus,
659 866 792 905 quum
825 856 965 895 status
998 855 1032 896 is
1066 854 1156 896 dies
1188 853 1399 896 sortitioni
1423 856 1537 895 esset
1565 852 1713 907 (paulo
1736 867 1814 896 an-

212 923 388 974 tequam
421 922 521 963 novi
554 923 834 976 magistratus
866 924 1056 979 inirent),
1090 926 1146 967 ad
1179 925 1381 967 aerarium
1414 927 1722 967 convenerunt.

329 992 479 1046 Neque
512 1007 620 1047 opus
661 1008 755 1036 esse
794 996 880 1038 ullo
922 997 1053 1039 modo
1094 999 1213 1050 puto,
1262 1010 1403 1050 neque
1445 996 1514 1037 hic
1557 996 1676 1038 100115
1718 996 1814 1049 fert,

210 1076 350 1117 neque
383 1065 652 1107 mehercules
685 1066 741 1107 ab
776 1067 922 1110 animo
954 1081 1052 1110 meo
1090 1067 1324 1121 impetrare
1357 1080 1548 1121 possum,
1589 1069 1637 1108 ut
1668 1067 1813 1120 plures

211 1134 456 1177 huiusmodi
478 1137 838 1190 reprehensiones
862 1139 1109 1192 singulatim
1133 1152 1384 1193 persequar.
1432 1138 1495 1179 Ne
1517 1139 1611 1179 haec
1636 1138 1811 1191 quidem

210 1206 408 1259 exempla
440 1209 531 1248 tam
563 1209 710 1250 multis
750 1210 893 1251 Verbis
927 1223 1351 1260 commemorassem,
1400 1209 1480 1251 nisi
1521 1208 1706 1250 Orellius
1737 1207 1812 1263 (ad

209 1276 331 1318 Catil.
365 1278 420 1318 IV
450 1278 541 1320 init.
575 1293 616 1332 p.
651 1279 754 1333 242)
794 1282 973 1334 questus
1018 1284 1151 1330 esset,
1201 1281 1316 1334 quod
1359 1294 1436 1334 ego
1480 1282 1610 1321 antea
1658 1293 1810 1334 „argu-

207 1352 354 1390 menta
386 1349 603 1401 historica,
653 1364 750 1403 quae
794 1352 978 1394 dilucide
1022 1365 1073 1394 ac
1115 1352 1330 1394 subtiliter
1372 1351 1612 1393 Ahrensius
1653 1365 1806 1404 propo-

207 1419 375 1470 suisset,
411 1434 498 1462 non
531 1421 814 1475 attigisse1n“.
878 1423 1106 1465 Subtilitas
1140 1424 1211 1465 illa
1244 1437 1341 1476 quae
1375 1424 1442 1473 sit,
1476 1423 1563 1464 iam
1596 1435 1809 1475 apparere

206 1492 370 1543 opinor.
434 1492 496 1533 De
529 1493 578 1533 iis
611 1495 891 1546 argumentis,
941 1508 1039 1548 quae
1082 1508 1134 1536 ex
1172 1497 1265 1537 arte
1305 1497 1348 1536 et
1379 1493 1585 1535 facultate
1625 1492 1807 1535 oratoris

207 1563 453 1605 desiderata
487 1567 562 1605 aut
596 1578 647 1605 ex
680 1566 911 1606 verborum
946 1579 1027 1607 usu
1061 1566 1191 1607 ducta
1219 1569 1332 1616 sunt,
1365 1564 1471 1606 nihil
1502 1567 1623 1606 muto
1657 1578 1709 1606 ex
1739 1565 1805 1618 iis,

204 1646 300 1686 quae
356 1635 399 1675 in
447 1636 664 1688 opusculis
711 1636 927 1689 prioribus
968 1650 1008 1689 p.
1046 1637 1129 1678 192
1177 1636 1277 1678 dixi.
1363 1636 1621 1688 Exemplum
1667 1649 1803 1678 unum

202 1718 360 1757 ponam
403 1705 626 1755 eiusmodi,
678 1708 794 1760 quod
836 1708 1022 1749 levitatis
1068 1710 1110 1749 et
1152 1708 1331 1749 inscitiae
1376 1707 1572 1748 foeditate
1614 1706 1804 1760 aliquam

203 1775 448 1817 deterrendi
489 1777 576 1818 vim
617 1778 782 1819 habere
820 1780 969 1832 possit.
1032 1780 1080 1820 P.
1114 1780 1198 1821 209
1239 1777 1479 1820 Ahrensius
1518 1777 1679 1828 scribit,
1733 1791 1803 1828 „se

202 1847 318 1888 nulla
352 1849 600 1889 contumelia
634 1848 787 1902 (voluit
819 1849 1073 1902 calumnial)
1113 1850 1350 1904 impulsum
1391 1848 1616 1900 iudicasse,
1659 1849 1802 1891 decla-

200 1918 286 1958 rari
319 1918 402 1960 alio
436 1919 541 1970 loco,
576 1921 618 1961 in
653 1935 750 1974 quo,
792 1921 826 1962 si
858 1921 1076 1963 lenissime
1109 1924 1291 1972 statuas,
1337 1921 1543 1973 quattuor
1574 1919 1801 1961 minimum

202 1989 304 2030 vitia
336 1990 652 2042 reperiantur‘&
716 1992 755 2033 Is
788 1992 906 2034 100115
940 1996 1005 2034 est
1039 1993 1081 2034 in
1113 1992 1136 2045 ἓ
1172 1992 1224 2033 13
1258 1991 1302 2032 in
1332 1990 1400 2032 his
1432 1989 1597 2032 verbis:
1648 1990 1799 2032 Verca-

201 2061 317 2113 mini,
366 2075 518 2109 6611360,
568 2077 616 2103 ne
657 2064 699 2104 in
739 2063 813 2104 hoc
851 2065 999 2105 scelere
1040 2069 1125 2104 tam
1166 2062 1343 2104 «immani
1376 2075 1424 2102 ασ
1455 2060 1642 2114 nefando
1673 2062 1800 2103 nimis

200 2132 363 2186 ‹clt'qm'z‘l
394 2134 576 2174 secet-ins
609 2133 686 2185 (sic
720 2135 833 2175 enim
868 2134 1033 2183 scribit)
1073 2135 1266 2176 statuisse
1298 2132 1543 2173 videamini.
1604 2132 1798 2174 Primum

202 2204 427 2243 reverimini
468 2205 759 2257 reprehendit,
809 2206 964 2247 deinde
1008 2220 1158 2257 censeo,
1209 2205 1287 2247 etsi
1331 2203 1617 2244 misereamini
1658 2216 1796 2244 censeo

198 2272 447 2315 Sallustium
482 2276 639 2317 dixisse
681 2277 897 2326 concedit3
952 2278 1079 2327 „satis
1120 2278 1264 2319 Valere
1306 2275 1362 2316 ad
1401 2273 1713 2324 damnandum,
1762 2274 1797 2315 si

198 2344 312 2394 quod
352 2346 406 2386 sit
446 2346 678 2397 eiusmodi,
727 2351 775 2389 ut
814 2350 868 2390 M.
905 2349 1033 2391 Tullii
1073 2347 1319 2391 testimonio
1359 2358 1448 2387 non
1486 2348 1671 2385 servetur
1703 2342 1794 2398 (!)“.

196 2414 281 2454 Sed
315 2427 365 2455 ex
389 2415 451 2464 iis,
487 2431 583 2469 quae
611 2419 794 2468 subiicit,
829 2423 1025 2473 apparet,
1059 2419 1321 2461 Ahrensium
1344 2416 1464 2470 gravi
1487 2428 1631 2456 errore
1653 2428 1794 2467 neque

196 2484 385 2526 Sallustii
418 2500 557 2539 neque
592 2489 806 2531 Ciceronis
851 2491 1035 2532 formam
1078 2491 1237 2532 ironice
1280 2486 1556 2530 suadentium
1598 2485 1793 2527 intellex-

196 2555 291 2605 isse,
341 2557 417 2598 sed
458 2560 698 2612 vereamini,
747 2575 885 2602 censeo
932 2565 1109 2615 putasse
1150 2561 1231 2603 dici
1270 2571 1348 2613 pro
1395 2557 1609 2609 veremini,
1657 2556 1792 2598 credo.

196 2626 358 2668 Deinde
403 2628 616 2681 nefandus
660 2632 795 2684 (quod
840 2633 971 2674 debui
1014 2647 1036 2674 e
1080 2634 1173 2675 cod.
1214 2632 1257 2672 in
1297 2641 1433 2680 marg.
1467 2626 1619 2668 Lamb.
1660 2632 1701 2668 et
1740 2640 1791 2668 ex

196 2697 400 2751 Tegerns.
442 2702 484 2740 et
515 2700 655 2742 Rhen.
689 2715 906 2754 revocare,
956 2707 1003 2745 ut
1043 2704 1226 2746 Orellius
1269 2702 1312 2743 et
1351 2697 1541 2741 Klotzius
1580 2697 1790 2751 fecerunt)

195 2771 323 2821 negat
356 2769 683 2813 Ciceronianum
718 2786 810 2815 esse
844 2775 1118 2826 adiectivum,
1168 2774 1296 2827 idque
1334 2772 1382 2811 ut
1419 2772 1569 2821 possit,
1618 2770 1790 2824 expellit

195 2852 244 2879 ex
279 2840 471 2882 oratione
504 2842 737 2885 Miloniana
770 2843 792 2896 ξ
827 2846 882 2886 72
915 2848 1064 2887 contra
1097 2844 1436 2888 consentientem
1470 2848 1683 2890 bonorum
1716 2854 1787 2883 00-

194 2910 334 2951 dicum
377 2913 691 2954 auctoritatem.
756 2914 966 2965 Quartum
1011 2917 1196 2971 denique
1238 2916 1389 2958 vitium
1431 2921 1620 2962 residere
1663 2919 1788 2973 putat

1880 2971 1913 3235 ἥξετε-15531(
1898 2875 1902 2881 .
1899 2818 1902 2823 .
1907 2787 1910 2795 ἤ
