1915 3235
151 1203 202 1227 309

972 74 1056 116 648

218 206 362 244 turum
396 201 541 253 fuisse,
584 206 745 251 contra,
786 216 920 256 quum
953 204 1223 245 accusativus
1256 204 1299 245 in
1332 205 1614 247 exclamando
1645 207 1809 259 positus

218 287 304 315 non
335 273 655 326 intelligeretur,
704 274 891 326 proclive
930 274 1061 315 fuisse
1104 275 1418 316 nominativum
1460 276 1683 318 subiicere.
1746 277 1809 330 (In

219 344 535 397 Salisburgensi
567 346 609 385 et
642 344 734 385 aliis
767 344 1027 397 quibusdam
1061 345 1261 387 scribitur
1303 347 1453 388 etiam:
1506 346 1699 389 Crudelis
1733 348 1809 390 Ca—

218 420 304 457 stor
337 413 425 468 est.)

336 485 408 538 §3
442 486 484 526 in
516 485 581 526 his
615 486 780 528 verbis:
815 500 940 541 quum
972 501 1016 529 os
1036 487 1240 541 videbam,
1274 502 1399 543 qaum
1420 488 1545 529 verba
1575 489 1809 540 audiebam,

219 571 351 611 quam
383 559 485 610 apte
518 556 741 609 utriusque
781 570 932 599 sensus
973 559 1151 600 offensio
1193 562 1555 601 commemoretur
1595 573 1811 614 quamque

219 641 448 670 numerose
481 627 680 669 membra
712 627 916 670 orationis
956 629 1126 680 cadant,
1174 643 1302 671 nemo
1344 644 1429 672 non
1469 630 1605 680 videt3
1654 632 1731 672 sed
1768 632 1812 672 in

221 699 344 741 codd.
371 699 471 746 Erf.,
507 698 616 740 Gud.
651 699 689 748 2,
724 699 894 750 Salisb.,
927 700 1025 741 Par.
1063 701 1107 741 11
1148 700 1386 754 (Leidensis
1419 701 1601 743 Orellius
1641 704 1810 744 tantum

220 771 401 812 selectas
434 771 669 823 scripturas
703 768 841 824 ponit)
874 774 1052 824 propter
1084 772 1266 813 similem
1289 772 1636 814 terminationem
1661 771 1811 826 (eham)

221 842 376 883 excidit
409 841 594 882 alterum
625 841 892 883 membrum:
941 857 1065 898 quam
1105 843 1229 884 verba
1263 843 1504 893 audiebam3
1552 856 1630 885 nec
1663 844 1812 885 defue-

220 918 333 963 runt,
368 914 439 966 qui
471 912 720 966 probarent,
754 912 993 954 Beneckius
1027 916 1069 954 et
1101 914 1328 956 Soldanus.

339 982 361 1035 ἓ
394 984 419 1025 8
454 983 657 1033 Klotzius,
707 983 957 1033 Beneckius,
1007 985 1221 1026 Soldanus
1261 985 1544 1038 scripserunt:
1593 985 1814 1039 Afflietmn

220 1055 339 1096 illam
373 1054 621 1109 quibasdam
662 1055 932 1096 incommodis
971 1060 1007 1096 et
1045 1056 1303 1097 detrimentis
1336 1060 1510 1110 propter
1550 1055 1814 1109 offensionem

223 1126 356 1167 animi
387 1126 455 1166 tui¹
480 1127 776 1175 meminerant,
825 1128 867 1167 et
910 1129 975 1168 est
1016 1126 1075 1167 ita
1121 1126 1163 1167 in
1207 1127 1425 1169 codicibus
1469 1132 1509 1168 et
1554 1127 1740 1168 laudatis
1773 1129 1816 1168 et

222 1196 380 1247 multis,
429 1199 520 1237 tum
558 1196 695 1258 ¹etiam
741 1197 784 1238 in
827 1197 998 1239 scholiis
1041 1211 1066 1239 a
1110 1198 1323 1240 Gronovio
1363 1203 1404 1239 et
1443 1211 1469 1239 a
1503 1198 1616 1239 Maio
1657 1197 1760 1252 (non
1793 1211 1815 1239 e

223 1268 440 1310 codicibus
472 1266 780 1321 palimpsestis)
815 1268 951 1310 editis.
1015 1269 1151 1310 Recte
1189 1272 1337 1311 tamen
1371 1269 1480 1311 Gud.
1517 1270 1536 1310 1
1574 1271 1616 1310 et
1648 1269 1815 1310 codices

221 1339 291 1381 alii
333 1339 459 1393 pauci
503 1352 738 1392 omnesque
781 1339 988 1381 editiones
1033 1340 1224 1393 affeetmn
1267 1340 1443 1382 habent.
1507 1340 1658 1381 Elevat
1703 1340 1813 1381 enim

222 1411 383 1459 Cicero,
433 1412 644 1463 quantum
686 1413 842 1463 potest,
876 1411 1018 1452 verbis
1063 1425 1126 1462 ea,
1176 1426 1271 1465 quae
1315 1412 1516 1453 Deiotaro
1555 1411 1814 1460 acciderant,

222 1482 531 1534 significatque,
581 1480 719 1522 nullas
760 1482 901 1534 gravis
940 1483 1023 1524 odii
1066 1496 1218 1524 causas
1252 1483 1402 1532 fuisse;
1451 1482 1597 1535 itaque
1632 1482 1816 1535 afflictus

221 1565 361 1605 neque
403 1565 480 1605 per
519 1565 564 1593 se
604 1552 831 1593 Deiotarus
880 1553 960 1594 dici
1007 1555 1179 1606 poterat
1226 1567 1365 1607 neque
1412 1554 1455 1594 id
1503 1553 1680 1594 verbum
1732 1553 1816 1594 ullo

222 1624 351 1665 modo
408 1623 604 1676 coniungi
658 1626 801 1676 potest
854 1636 949 1664 cum
998 1624 1080 1665 leni
1129 1624 1419 1678 appellatione
1466 1624 1816 1665 incommoda-ma

224 1694 501 1750 qaoruwdam.

340 1764 362 1818 ἓ
399 1768 464 1815 10,
514 1766 587 1806 ubi
627 1766 774 1806 Cicero
813 1766 998 1818 primum
1040 1767 1237 1807 universe
1285 1767 1533 1807 Deiotarum
1583 1766 1696 1816 dicit,
1745 1765 1816 1818 qui

223 1840 398 1878 senatus
431 1837 732 1878 auctoritatem
766 1837 942 1877 maximi
986 1837 1128 1878 facere
1162 1838 1465 1883 consuevisset,
1514 1837 1815 1890 perturbatum

224 1922 315 1949 esse
348 1908 499 1949 iisdem
533 1908 675 1957 rebus,
710 1908 865 1960 quibus
899 1921 983 1957 θος,
1018 1908 1089 1960 qui
1122 1908 1262 1949 minus
1294 1909 1537 1962 perturbari
1570 1907 1809 1957 debuerint,

224 1980 378 2020 deinde
420 1981 499 2020 has
537 1992 606 2020 res
654 1982 696 2020 et
742 1981 855 2020 hanc
901 1980 1273 2032 perturbationem
1321 1979 1567 2032 singulatim
1615 1978 1818 2019 describit

225 2049 264 2103 (ξ
302 2051 375 2091 11;
420 2050 554 2101 Quam
587 2049 755 2090 audiret
787 2049 898 2102 cet),
940 2064 1017 2103 pro
1050 2050 1192 2091 Verbis
1225 2051 1373 2105 quique
1404 2050 1522 2090 illum
1554 2049 1743 2090 ordinem
1775 2049 1817 2090 in

225 2121 311 2162 Erf.
346 2124 388 2162 et
420 2121 654 2174 Salisburg.
689 2120 814 2174 (Oxx.
847 2119 1003 2173 tribus)
1036 2121 1257 2162 scribitur:
1299 2121 1447 2175 quique
1479 2134 1569 2161 eum
1604 2121 1720 2162 illam
1752 2134 1817 2161 oi·-

225 2192 384 2242 dinem,
433 2191 476 2232 in
523 2191 632 2232 Gud.
666 2192 713 2241 2,
762 2192 860 2233 Par.
897 2193 972 2233 11:
1030 2193 1178 2247 quique
1225 2206 1315 2232 eum
1362 2192 1480 2232 illam
1528 2191 1619 2232 ord.
1707 2191 1818 2232 Hinc

224 2263 413 2304 Klotzius
445 2263 558 2303 hanc
591 2262 731 2303 effecit
762 2262 1011 2315 periodum:
1062 2263 1108 2303 Is
1146 2277 1232 2316 reat,
1282 2276 1399 2317 quem
1437 2267 1605 2303 senatus
1644 2262 1717 2303 hoe
1747 2276 1817 2302 ‹no-

226 2334 335 2373 mine
367 2347 472 2387 scepe
504 2332 929 2386 Ieonorificeiztissimis
962 2334 1134 2374 decretis
1167 2334 1457 2388 appellavisset
1488 2334 1649 2388 quique,
1694 2347 1818 2387 quam

225 2405 344 2444 illum
377 2404 565 2444 ordinem
590 2404 640 2444 ab
674 2404 949 2445 adolescentia
981 2405 1278 2458 yi·avissimam
1306 2405 1691 2458 sanctissimumque
1714 2403 1818 2444 dier-

226 2475 334 2527 isset,
367 2474 515 2514 iisdem
546 2475 667 2515 rebus
693 2480 749 2515 est
764 2475 1050 2529 perturbatus,
1084 2475 1201 2515 homo
1227 2475 1475 2529 lonqinquas
1499 2479 1535 2514 et
1567 2474 1817 2528 alieniyeiia,

226 2544 372 2600 quibus
403 2558 476 2584 'nos
516 2545 559 2585 in
599 2546 735 2586 media
778 2560 820 2586 re
854 2546 1027 2599 publiea
1070 2547 1161 2586 nati
1201 2558 1437 2599 semperque
1479 2545 1646 2597 versati,
1695 2558 1819 2599 qaum

229 2615 408 2668 audiret,
457 2620 623 2655 senatus
662 2617 948 2657 consentientis
989 2618 1233 2657 auctoritate
1277 2630 1398 2657 arma
1436 2620 1601 2669 sumpta
1634 2629 1729 2667 esse,
1763 2638 1818 2643 —-

227 2686 466 2727 movebatur
499 2686 638 2726 animo
672 2689 764 2736 cet.,
799 2687 841 2727 in
875 2700 959 2739 qua
993 2688 1156 2737 dubito,
1192 2687 1295 2740 quid
1326 2687 1513 2727 maxime
1549 2686 1690 2736 mirer,
1725 2699 1818 2726 mo-

229 2758 437 2799 dorumne
480 2761 521 2797 et
562 2758 805 2809 temporum
849 2757 892 2798 in
936 2758 1104 2799 duabus
1144 2757 1364 2799 sententiis
1404 2756 1593 2798 relativis
1627 2756 1819 2797 eiusdem

229 2827 410 2869 causalis
443 2827 761 2880 significationis
796 2828 1028 2869 coniunctis
1061 2829 1172 2870 hanc
1198 2829 1474 2869 varietatem:
1507 2841 1623 2882 quem
1660 2850 1714 2855 —
1747 2841 1818 2881 ap-

225 2899 459 2952 pellavisset
497 2898 646 2953 quique
686 2921 738 2925 ——
774 2899 1045 2952 perturbatus
1067 2894 1069 2896 ’
1092 2904 1159 2946 est,
1209 2913 1264 2940 an
1311 2898 1353 2939 in
1399 2898 1551 2939 iisdem
1598 2897 1818 2939 sententiis
