1915 3235
114 1232 165 1258 183

937 107 1017 147 148

186 237 279 278 haec
296 236 469 289 quidem
494 236 560 277 vel
584 235 726 288 ipsum
753 235 953 276 Erucium
978 235 1286 282 accusatorem,
1320 245 1406 274 non
1428 232 1567 273 solum
1592 233 1770 279 ceteros,

185 308 289 349 talia
322 320 415 349 esse
454 306 702 359 intelligere.
766 305 871 355 Quae
914 305 967 345 de
1009 318 1164 359 quoque
1207 304 1305 353 dixi,
1353 303 1576 345 transferri
1619 301 1772 343 eadem

187 381 367 431 possunt
398 377 454 419 ad
486 377 663 432 quidem,
707 389 838 429 quam
870 375 1126 428 particulam
1165 375 1207 416 in
1239 377 1346 416 orat.
1380 387 1457 427 pro
1490 373 1574 414 Mil.
1611 372 1676 422 12,
1718 371 1773 412 32

186 449 230 489 in
261 461 388 489 suum
427 448 566 489 locum
608 446 758 488 reduxi
800 447 1055 488 auctoritate
1097 445 1366 499 palimpsesti
1406 445 1552 493 Taur.,
1601 442 1773 492 Erfurt.,

186 518 445 560 scholiorum
477 518 612 559 Vatic.
674 518 766 559 Non
802 517 997 558 concedit
1028 519 1184 566 orator,
1218 516 1298 557 hoc
1331 515 1435 557 satis
1468 514 1642 568 quidem
1667 525 1774 563 esse,

187 589 263 630 sed
303 591 452 630 tamen
484 601 530 629 se
563 588 659 641 plus
693 588 961 636 effecturum,
1010 587 1087 629 sed
1125 587 1356 636 contendit,
1405 588 1485 627 hoc
1526 597 1617 626 esse
1657 583 1774 633 satis,

186 660 232 700 in
278 659 354 700 illa
401 659 566 714 quictem
615 657 804 711 (saltem)
853 658 984 699 belua.
1046 658 1092 699 In
1141 658 1309 699 duobus
1356 660 1504 698 tamen
1549 654 1776 697 Roscianae

186 730 288 771 locis
319 742 406 771 non
438 729 588 771 dubito
622 729 736 782 quin,
778 734 824 770 ut
857 734 1023 770 veteres
1057 729 1277 779 editiones,
1313 729 1372 769 sic
1406 727 1573 769 codices
1607 738 1778 779 quoque

185 800 339 841 saltem
370 799 563 852 plerique
596 802 761 841 rectum
794 800 989 842 ordinem
1014 800 1257 849 habuerint,
1292 799 1574 850 editionisque
1600 797 1778 838 alicuius

184 869 390 911 mendum
424 870 479 911 ad
512 874 680 912 ceteras
714 871 926 912 incuriose
966 873 1255 923 propagatum
1295 871 1361 918 sit,
1411 868 1812 922 quemadmodum'

186 940 308 982 Catil.
335 941 384 990 II,
418 941 457 990 2,
490 941 518 981 4
549 954 627 994 per
658 942 740 982 tria
776 942 933 982 saecula
967 944 1007 982 et
1032 941 1257 982 dimidium
1281 953 1417 993 usque
1443 940 1499 981 ad
1522 952 1591 981 me
1616 939 1779 980 editum

187 1014 249 1052 est
282 1012 373 1053 sine
404 1011 492 1052 ulla
524 1011 795 1054 dubitatione
831 1013 966 1053 alieno
996 1025 1076 1053 cere
1104 1026 1182 1064 pro
1207 1026 1287 1053 cere
1311 1012 1458 1059 alieno,
1493 1010 1609 1063 quod
1630 1010 1780 1063 primae

186 1082 393 1123 editiones
426 1079 661 1135 habent¹);
700 1096 726 1124 a
767 1083 955 1136 legitimo
1000 1083 1147 1124 ordine
1186 1082 1412 1124 Sallustius
1450 1081 1596 1131 semel,
1638 1080 1780 1121 Livius

188 1154 290 1194 item
323 1153 471 1203 semel,
506 1152 653 1195 Cicero
686 1167 910 1207 nunquam
943 1154 1151 1195 discessit.

312 1223 358 1265 C.
392 1224 460 1273 38,
498 1224 593 1273 110,
626 1223 701 1264 ubi
734 1225 966 1266 edebatur:
1000 1225 1209 1266 Postremo
1241 1225 1316 1264 isto
1348 1223 1569 1274 hortatore,
1604 1226 1780 1273 auctore,

191 1296 456 1336 intercessore
488 1295 545 1335 ad
579 1295 742 1336 Sullam
774 1297 900 1350 Zeyati
933 1309 1011 1336 non
1045 1295 1252 1338 adierunt.
1287 1307 1412 1335 Voces
1446 1297 1623 1344 auctore,
1656 1292 1782 1332 inter-

193 1380 347 1407 cessore
394 1366 600 1407 delendas
649 1366 906 1419 significavi,
962 1367 1263 1408 auctoritatem
1319 1368 1491 1407 secutus
1548 1364 1783 1406 editionum

191 1439 400 1487 veterum,
450 1437 505 1478 ad
547 1450 653 1490 quas
696 1438 861 1479 nullum
896 1438 1100 1479 accedere
1133 1437 1323 1478 codicem
1356 1436 1481 1477 Valde
1513 1436 1669 1476 mirum
1704 1438 1782 1485 est,

193 1510 235 1549 et
267 1508 383 1561 quod
414 1508 530 1549 nullo
564 1508 693 1549 modo
726 1508 928 1562 intelligo,
977 1522 1107 1561 quam
1147 1508 1234 1548 vim
1272 1507 1434 1548 habeat
1466 1508 1546 1548 hoe
1577 1507 1670 1549 loco
1702 1507 1785 1548 ista

183 1578 414 1619 verborum
462 1578 577 1620 idem
627 1579 961 1632 significantium
1009 1579 1289 1629 coacervatio,
1339 1592 1391 1620 ex
1439 1578 1597 1632 quibus
1644 1590 1782 1619 unum

183 1662 359 1701 prorsus
392 1649 448 1690 ad
479 1662 573 1691 rem
616 1650 997 1692 accommodatum
1035 1663 1123 1692 non
1161 1652 1245 1699 est;
1293 1663 1396 1691 nam
1437 1650 1681 1690 intercessor
1719 1649 1784 1689 est

186 1722 272 1769 aut,
321 1719 394 1772 qui
434 1733 527 1761 rem
573 1720 765 1773 aliquam
810 1721 1061 1773 spondendo
1101 1724 1143 1762 et
1182 1734 1330 1762 curam
1371 1719 1558 1774 gerendo
1600 1718 1781 1768 conficit,

186 1790 301 1842 quod
333 1790 388 1831 ab
421 1792 502 1831 hoc
536 1791 627 1832 loco
663 1791 853 1832 alienum
887 1795 971 1841 est;
1009 1792 1114 1833 nihil
1147 1795 1212 1833 est
1244 1793 1357 1833 enim
1390 1791 1653 1839 confectum3
1693 1790 1780 1838 aut,

185 1861 256 1913 qui
288 1861 508 1913 prohibet3
558 1874 709 1902 verum
742 1862 823 1903 hoc
867 1862 1109 1915 significatu
1146 1875 1232 1904 non
1271 1863 1353 1904 coit
1388 1861 1650 1903 vocabulum
1683 1873 1781 1901 cum

185 1931 453 1973 affirmativis
486 1932 710 1985 hortatore,
755 1938 932 1974 [emtore.
995 1933 1225 1987 Adscripta
1258 1933 1329 1974 illa
1361 1937 1478 1986 puto,
1520 1931 1635 1986 quod
1665 1932 1781 1973 inso-

184 2003 324 2043 entius
359 2002 439 2043 dici
473 2003 696 2044 videretur
733 2004 809 2044 isto
844 2004 1054 2045 hortatore
1086 2018 1181 2046 hon
1216 2004 1427 2046 adierunt.
1442 2000 1476 2057 2)

223 2176 252 2220 ¹)
278 2179 321 2213 Et
346 2179 485 2213 codices
511 2179 743 2214 Steinmetzii.
797 2180 964 2221 Omnino,
1004 2181 1047 2216 de
1079 2192 1150 2225 quo
1185 2185 1333 2225 questus
1367 2191 1449 2215 sum
1474 2179 1570 2221 alibi,
1608 2179 1671 2213 sed
1697 2188 1781 2222 que-

278 2238 434 2272 rendum
466 2241 520 2271 est
551 2238 693 2282 saepius,
736 2238 871 2273 mirum
903 2243 966 2280 est,
1006 2251 1117 2284 quam
1143 2240 1363 2285 negligenter
1394 2239 1578 2274 interdum
1609 2236 1781 2282 philologi

278 2296 411 2340 legant,
451 2296 507 2330 vel
544 2298 675 2341 potius,
715 2309 826 2342 quam
865 2309 937 2332 non
975 2299 1125 2334 scientia
1159 2299 1289 2333 veteris
1323 2299 1501 2333 sermonis
1533 2298 1579 2333 ad
1611 2300 1780 2342 vegetum

279 2355 382 2390 illum
408 2359 442 2390 et
468 2366 590 2390 acrem
616 2367 763 2390 sensum
788 2359 1016 2401 perducatur,
1055 2359 1116 2403 qui
1148 2359 1194 2393 ad
1226 2359 1315 2392 falsa
1348 2361 1382 2392 et
1414 2368 1525 2402 prava
1550 2367 1616 2390 sua
1641 2359 1768 2400 sponte

279 2414 450 2448 offendat.
490 2415 554 2449 Vel
580 2414 616 2448 in
643 2415 709 2449 hac
736 2416 900 2450 oratione
925 2417 1105 2451 Rosciana
1130 2420 1205 2451 tam
1232 2428 1253 2451 a
1279 2417 1402 2451 multis
1430 2418 1648 2460 pertractata
1670 2425 1780 2449 nemo

280 2472 461 2507 editorum
493 2473 530 2507 in
562 2484 590 2507 c.
618 2472 673 2515 29,
713 2474 756 2508 81
794 2476 1050 2510 animadvertit
1082 2476 1325 2510 soloecismum
1359 2476 1396 2509 in
1427 2475 1495 2509 hac
1527 2473 1780 2508 coniunctione

280 2542 354 2566 non
379 2532 566 2573 latentem,
593 2533 655 2567 sed
682 2533 905 2568 eminentem
932 2534 1067 2578 potius:
1095 2537 1158 2578 qui
1181 2546 1267 2569 non
1292 2536 1411 2569 modo
1437 2535 1559 2568 Romoe
1583 2544 1654 2567 non
1677 2533 1778 2575 fuit,

280 2592 355 2625 sed
379 2593 533 2634 omnino,
569 2593 657 2635 quid
683 2593 804 2626 Romae
830 2599 1006 2637 ageretur,
1039 2596 1249 2634 nesciret,
1279 2598 1471 2637 propterea
1497 2593 1590 2636 quod
1614 2593 1698 2625 ruri
1722 2602 1779 2625 as-

282 2651 410 2683 siduus
433 2651 536 2692 fuit.
587 2649 679 2683 Nam
704 2650 733 2684 si
760 2650 840 2694 quis
873 2652 1198 2694 animadvertisset,
1236 2653 1298 2686 sed
1337 2651 1458 2696 aliquo
1491 2650 1642 2685 artificio
1675 2661 1778 2685 excu-

281 2712 402 2743 satum
427 2711 600 2752 putasset,
627 2709 800 2743 subtilem
827 2710 1027 2754 legeremus
1054 2712 1097 2746 de
1124 2722 1166 2746 ea
1192 2722 1229 2745 re
1255 2710 1549 2755 disputationem.
1594 2709 1778 2743 Librarius

282 2766 421 2811 antiqui
447 2766 524 2801 eius
550 2767 692 2808 codicis,
728 2779 746 2801 e
773 2780 846 2812 quo
872 2770 981 2803 ceteri
1006 2770 1199 2811 fluxerunt,
1233 2769 1425 2809 aberravit,
1460 2768 1670 2813 imperfecto
1697 2778 1777 2802 con-

282 2825 443 2867 iunctivi,
470 2826 566 2870 quod
592 2827 828 2870 praecedebat,
856 2828 964 2862 etiam
984 2840 1079 2863 nunc
1097 2829 1220 2863 animo
1238 2828 1463 2866 obversante,
1491 2838 1604 2870 quum
1622 2826 1777 2861 scrihere

283 2884 441 2928 deberet,
467 2888 507 2919 ut
532 2884 570 2918 in
596 2885 758 2929 margine
786 2897 875 2920 meae
901 2887 1067 2922 editionis
1093 2886 1207 2931 posui,
1233 2888 1388 2920 nescivit.

224 2940 254 2984 ²)
280 2942 351 2977 Cur
376 2943 413 2977 in
439 2943 565 2977 eadem
599 2943 757 2978 sectione
791 2944 1071 2989 improbaverim
1103 2945 1343 2990 plurimorum
1375 2944 1620 2979 coniecturam
1653 2944 1777 2988 aliqua

279 3003 396 3044 fretus
432 3013 546 3043 mora,
585 3002 688 3037 facile
726 3002 955 3047 intelligetur.
1005 3003 1100 3038 Freti
1132 3014 1258 3039 sumus
1291 3014 1344 3045 eo,
1383 3003 1478 3047 quod
1511 3003 1688 3038 habemus
1713 3003 1776 3036 aut
