1915 3235
736 1011 853 1071 XVI
895 1010 1010 1074 (lV).

135 1123 216 1182 De
254 1123 401 1183 locis
440 1124 675 1200 aliquot
714 1125 1027 1187 Iuvenalis
1067 1127 1454 1204 explicandis
1493 1128 1615 1187 dis-

605 1220 847 1296 putatio
888 1219 1102 1280 altera.
1119 1219 1151 1286 1)

198 1410 572 1488 Anniversarium
622 1447 703 1487 hoc
751 1446 966 1487 scribendi
1012 1459 1170 1487 munus
1220 1446 1431 1488 eiusmodi
1480 1451 1563 1497 est,
1616 1450 1675 1498 ut,
1698 1460 1747 1485 167

81 1527 214 1567 quum
247 1528 299 1556 ex
330 1518 556 1568 praesentis
588 1517 795 1570 temporis
838 1518 1062 1558 occasione
1102 1517 1285 1558 ducatur
1325 1520 1367 1558 et
1408 1531 1504 1559 cum
1545 1518 1677 1559 futuri

80 1598 156 1638 spe
190 1587 464 1628 coniunctum
498 1587 564 1637 sit,
614 1601 818 1641 magnam
861 1591 1008 1629 tamen
1050 1588 1212 1629 habeat
1254 1589 1340 1629 vim
1386 1589 1441 1630 ad
1482 1589 1676 1642 praeteri-

79 1659 222 1697 torum
254 1658 509 1699 memoriam
542 1659 737 1711 scriptori
770 1659 923 1699 saltem
956 1659 1266 1700 renovandam.
1330 1659 1428 1700 Sive
1463 1661 1576 1700 enim
1611 1673 1674 1710 ea,

79 1729 256 1780 propter
288 1741 384 1780 quae
418 1729 474 1770 ad
506 1730 781 1770 scribendum
814 1731 1006 1778 Vocatur,
1052 1730 1195 1771 animo
1230 1731 1559 1783 contemplatur,
1602 1734 1678 1771 aut

79 1797 230 1850 optimi
261 1799 372 1851 regis
405 1813 491 1841 non
522 1802 614 1840 tam
648 1814 783 1841 annos
817 1802 1068 1853 computare
1102 1801 1145 1840 in
1178 1803 1369 1841 mentem
1398 1801 1515 1842 venit
1547 1815 1677 1854 quam

78 1881 147 1908 res
181 1869 359 1921 singulis
394 1870 517 1911 annis
549 1884 627 1923 pro
662 1871 802 1912 salute
836 1872 991 1912 civium
1025 1874 1167 1923 gestas
1199 1871 1417 1913 recordari
1451 1874 1493 1913 et
1515 1872 1678 1913 nullam

78 1939 178 1980 vitae
210 1942 380 1992 partem
414 1954 439 1981 a
471 1942 532 1982 rei
563 1942 748 1994 publicae
792 1955 894 1982 cura
937 1954 1135 1992 vacuam,
1176 1945 1251 1983 aut
1292 1943 1546 1993 litterarum,
1588 1945 1678 1984 stu-

79 2009 261 2060 diorum,
295 2010 590 2052 institutorum
624 2012 971 2053 academicorum
1012 2012 1326 2053 vicissitudines
1366 2014 1677 2067 hominumque

77 2093 146 2122 res
178 2081 410 2122 mutabiles
444 2082 742 2133 obversantur,
777 2084 864 2124 sive
898 2084 953 2124 ab
986 2084 1069 2124 hac
1097 2084 1284 2136 imagine
1315 2086 1428 2125 retro
1459 2084 1516 2125 ad
1538 2087 1676 2126 semet

77 2150 219 2203 ipsum
267 2152 460 2193 animum
507 2155 726 2195 revocavit
773 2153 885 2207 (quis
934 2156 1000 2195 est
1046 2155 1173 2203 enim,
1223 2156 1290 2195 cui
1330 2168 1415 2196 non
1456 2156 1498 2195 in
1538 2155 1677 2196 maxi-

77 2235 249 2263 marum
295 2236 441 2264 rerum
496 2225 753 2277 cogitatione
806 2238 984 2265 suarum
1040 2238 1210 2277 quoque
1265 2238 1410 2266 rerum
1468 2226 1679 2267 memoria

78 2293 260 2334 subinde
292 2294 609 2348 intercurratP),
654 2295 905 2337 continuum
947 2295 1071 2345 illud,
1116 2295 1159 2335 in
1204 2296 1277 2348 qui
1319 2299 1538 2347 versatur,
1587 2299 1679 2338 stu-

79 2363 248 2405 diorum
267 2365 525 2406 curriculum
544 2366 667 2419 quasi
693 2366 953 2419 quibusdam
979 2366 1091 2407 notis
1117 2366 1366 2407 distinctum
1392 2368 1677 2421 conspicatur,

77 2437 125 2475 ut
158 2437 200 2475 et
230 2437 555 2488 progressiones
589 2441 630 2478 et
668 2437 873 2478 flexiones
918 2437 1225 2489 anfractusque
1269 2437 1438 2478 facilius
1481 2438 1678 2479 animad-

77 2507 231 2546 vertat.
308 2506 356 2547 In
411 2520 495 2559 quo
552 2508 798 2560 spectaculo
855 2521 986 2560 quam
1034 2508 1078 2548 in
1123 2508 1266 2548 varias
1314 2511 1460 2560 partes
1510 2509 1678 2550 animus

76 2577 288 2627 trahatur,
323 2590 456 2630 quum
489 2578 586 2627 alia,
621 2578 656 2619 si
687 2591 774 2619 non
808 2577 1019 2625 absoluta,
1055 2580 1100 2619 at
1121 2581 1249 2619 aucta
1271 2581 1421 2620 tamen
1444 2582 1487 2620 et
1511 2580 1678 2632 longius

77 2649 295 2698 provecta,
344 2648 427 2690 alia
467 2662 517 2690 ac
550 2649 734 2690 fortasse
766 2649 890 2701 plura
922 2649 1125 2690 inchoata
1156 2662 1207 2690 ac
1240 2649 1395 2690 deinde
1428 2650 1674 2691 intermissa

119 2820 146 2864 ¹)
171 2823 277 2857 Edita
301 2834 335 2857 a.
355 2823 446 2857 1837
473 2835 597 2858 mense
623 2824 790 2858 Ianuario
816 2824 853 2858 in
872 2825 1063 2859 indicendo
1091 2828 1184 2859 coetu
1205 2825 1410 2859 academico
1437 2826 1482 2859 ad
1508 2824 1678 2858 natalicia

178 2881 270 2925 regis
296 2881 475 2917 Frederici
501 2883 548 2916 VI
575 2883 724 2927 agenda.
775 2882 877 2917 Prior
904 2884 1099 2928 disputatio
1125 2887 1243 2918 exstat
1274 2884 1311 2917 in
1337 2883 1527 2928 opusculis
1554 2882 1678 2927 priori·

179 2939 247 2974 bus
274 2951 295 2974 a
320 2952 354 2985 p.
381 2940 425 2974 29
452 2942 498 2975 ad
525 2940 579 2975 63.
