1915 3235
92 367 127 406 53

82 2616 117 2642 54

909 96 966 135 42

146 226 199 267 de
230 225 527 267 meretricibus
559 238 733 278 prorsus
766 226 929 265 incerta
952 222 1058 275 res);
1092 223 1246 264 faciem
1270 237 1321 265 eo
1345 223 1604 265 occultatam
1630 224 1738 265 adeo

145 310 273 338 nemo
305 296 423 346 dixit,
465 299 513 337 ut
552 296 820 349 palliolatum
853 294 1082 336 Claudium
1115 293 1226 334 ludis
1257 294 1512 347 praesedisse
1545 294 1738 347 legamus

147 367 342 419 (Sueton.
380 366 529 408 Claud.
564 365 621 418 2),
661 365 904 418 palliolatos
943 365 1100 406 dixisse
1132 365 1328 406 homines
1361 365 1510 407 molles
1544 365 1737 418 (Quintil.

144 438 214 488 XI,
248 438 287 487 3,
324 436 439 489 144).
509 437 593 478 Sed
641 437 865 478 mittamus
912 435 1007 476 haec
1053 437 1144 476 tam
1191 436 1459 488 perturbata,
1508 450 1605 489 quae
1651 450 1738 478 non

144 509 423 561 exagitarem,
471 508 551 548 nisi
595 508 680 548 late
723 506 867 548 fusum
901 510 944 548 et
982 507 1085 547 alibi
1127 509 1170 547 et
1207 520 1285 559 per
1317 508 1650 548 commentarios
1683 507 1740 548 ad

144 578 389 619 Iuvenalem
421 578 503 619 hoc
534 591 668 630 genus
702 581 827 627 esset,
860 578 1099 619 tollendum
1132 577 1365 630 aliquando
1399 580 1441 619 et
1467 578 1737 619 eiiciendum.

145 649 296 690 Partes
330 648 559 690 mulierum
592 648 804 689 Iuvenalis
836 649 1013 702 triplicis
1045 649 1213 701 generis
1246 649 1413 701 posuit3
1453 650 1605 702 primae
1638 651 1739 690 sunt

143 720 380 760 meretricis
414 718 642 771 (Thaidis),
677 719 878 761 secundae
911 711 1080 768 uxoris;
1119 720 1207 760 iam
1240 721 1373 771 patet,
1415 720 1565 761 tertias
1597 733 1738 773 neque

143 790 379 830 meretricis
413 802 507 830 esse
538 803 679 843 neque
713 793 840 831 certae
879 788 1065 831 nationis
1105 790 1296 831 mulieris
1340 789 1461 843 (quid
1504 791 1617 831 enim
1656 791 1738 832 hoc

141 861 365 901 nationum
409 859 639 902 discrimen
687 861 743 902 ad
790 861 905 902 illam
953 862 1144 914 partium
1192 860 1598 914 distributionemP),
1647 861 1736 912 sed,

142 944 238 983 quae
268 931 536 984 relinquitur,
572 932 751 973 ancillae.
800 933 861 973 Ea
886 932 1055 974 Doridis
1079 933 1253 973 nomine
1276 933 1553 985 significatur,
1588 932 1737 974 Graeco

142 1004 185 1042 et
226 1014 343 1054 saepe
383 1002 525 1043 servili
565 1000 659 1055 (cfr.
692 1002 865 1044 Petron.
899 1004 1066 1045 Satiric.
1103 1003 1206 1052 126,
1254 1003 1378 1045 Doris
1426 1003 1626 1044 libertina
1674 1006 1739 1045 est

141 1073 183 1113 in
216 1073 566 1125 inscriptionibus
601 1074 718 1127 apud
750 1074 869 1115 Grut.
904 1075 1002 1124 878,
1037 1075 1076 1115 3.
1110 1075 1208 1124 612,
1247 1073 1316 1126 10)
1351 1077 1392 1115 et
1415 1074 1582 1115 habitu.
1637 1075 1737 1116 Pal-

141 1143 289 1185 liolum
324 1145 437 1185 enim
469 1158 557 1186 non
589 1146 741 1198 capitis
774 1147 1073 1198 tegumentum
1106 1145 1444 1198 intelligendum,
1479 1146 1594 1198 quod
1626 1159 1737 1186 nun-

142 1227 273 1266 quam
306 1217 484 1256 ornatus
518 1228 649 1256 causa
682 1215 951 1265 sumebatur,
1000 1218 1048 1256 ut
1085 1217 1197 1256 culta
1234 1216 1305 1257 illo
1338 1217 1419 1257 dici
1452 1219 1612 1269 posset,
1661 1216 1737 1258 sed

142 1286 448 1327 vestimentum
487 1287 684 1339 superius
723 1286 947 1337 muliebre,
997 1300 1082 1340 quo
1121 1287 1362 1340 significatu
1404 1290 1564 1340 praeter
1603 1288 1736 1329 Cicer.

140 1356 194 1397 de
226 1356 365 1397 Divin.
399 1357 447 1405 ΙΙ,
482 1358 536 1399 69
570 1357 748 1399 Ovidius
781 1358 939 1410 saepius
964 1358 1150 1411 pallium
1183 1358 1301 1407 dixit,
1346 1359 1558 1400 inferioris
1589 1361 1739 1400 tamen

142 1427 303 1468 ordinis
336 1428 579 1478 mulierum,
614 1432 662 1470 ut
694 1429 881 1470 coniicio·
904 1442 957 1469 ex
989 1429 1173 1470 Martial.
1207 1430 1276 1479 IX,
1311 1431 1366 1471 33
1392 1429 1502 1482 [32],
1540 1432 1577 1470 1.
1626 1430 1738 1482 Nam

140 1499 199 1540 ibi
233 1512 406 1552 quoque
439 1499 492 1540 de
525 1501 782 1541 vestimento
815 1500 1024 1553 intelligo;
1068 1503 1183 1541 certe
1222 1502 1283 1541 ita
1315 1501 1641 1554 intelligendum
1674 1503 1739 1542 est

140 1570 258 1622 apud
291 1570 478 1611 eundem
510 1571 580 1619 XI,
615 1571 669 1612 28
704 1569 814 1623 [27],
849 1571 888 1620 8,
922 1571 997 1611 ubi
1030 1572 1102 1624 qui
1135 1572 1287 1624 capitis
1319 1575 1618 1624 tegumentum
1644 1585 1737 1613 esse

139 1644 306 1693 putant,
340 1655 471 1694 grave
503 1655 608 1682 sane
642 1655 750 1683 onus
784 1643 913 1695 capiti
946 1642 1118 1683 feminae
1151 1644 1391 1695 imponunt,
1427 1644 1616 1696 quinque
1648 1643 1737 1684 vel-

139 1713 242 1757 lera.
315 1702 589 1765 Significatur
635 1714 763 1766 igitur
810 1714 965 1754 ancilla
1011 1714 1175 1764 sedula,
1224 1714 1375 1754 leviter
1422 1715 1597 1766 vestita,
1646 1714 1737 1755 sola

139 1784 298 1833 tunica,
341 1784 432 1824 sine
464 1784 651 1836 palliolo,
696 1784 1066 1837 quemadmodum
1107 1786 1184 1826 viri
1217 1786 1435 1826 tenuiores
1467 1786 1612 1826 tunica
1646 1787 1737 1826 sine

138 1857 239 1907 toga
271 1854 519 1896 utebantur.
580 1855 669 1896 Sed
701 1856 806 1896 satis
846 1855 1008 1897 dictum
1048 1856 1100 1896 de
1145 1870 1191 1897 re
1232 1869 1374 1909 neque
1416 1869 1494 1909 per
1533 1869 1578 1897 se
1618 1858 1737 1909 gravi

139 1938 281 1978 neque
314 1927 459 1978 magni
493 1926 548 1967 ad
580 1928 770 1968 universi
802 1927 882 1967 loci
915 1912 1175 1968 sententiam
1208 1928 1431 1968 momenti.

256 1996 377 2037 Alius
411 1997 603 2038 eiusdem
637 1999 781 2038 satirae
814 1998 894 2039 loci
927 1999 1187 2039 sententiam
1219 1996 1307 2039 no'n
1338 2000 1428 2039 tam
1454 1999 1737 2051 grammatica

138 2080 269 2120 quam
302 2068 517 2109 rhetorica
549 2070 755 2110 orationis
788 2069 928 2110 forma
961 2082 1048 2111 non
1080 2070 1185 2110 satis
1217 2071 1447 2122 perspecta
1474 2069 1736 2118 obscuravit,

139 2139 393 2191 peperitque
425 2140 469 2179 in
500 2138 733 2180 verborum
773 2141 814 2180 vi
854 2140 1156 2181 constituenda
1197 2139 1459 2192 singularem
1502 2139 1736 2180 licentiam.

138 2210 223 2251 Ubi
255 2213 385 2262 poeta
417 2210 687 2251 Umbricium
721 2211 1001 2252 aedificiorum
1034 2211 1152 2251 urbis
1186 2210 1462 2263 fragilitatem
1501 2212 1543 2251 et
1580 2223 1736 2263 perpe-

138 2285 233 2322 tuos
266 2281 366 2322 inde
398 2282 620 2322 ruinarum
646 2284 787 2322 metus
811 2284 1226 2329 commemorantem
1251 2281 1427 2331 inducit,
1461 2282 1555 2322 haec
1577 2282 1737 2334 scripta

138 2353 238 2392 sunt
271 2350 327 2403 (V.
365 2352 446 2392 193
480 2350 612 2404 sqq.):

316 2458 402 2498 Nos
435 2458 589 2499 urbem
625 2459 803 2499 colimus
836 2461 954 2500 tenui
986 2459 1161 2500 tibicine
1194 2459 1347 2499 fultam

315 2529 471 2581 Magna
504 2531 627 2581 parte
659 2531 738 2570 sui.
802 2530 913 2570 Nam
946 2531 1006 2571 sic
1037 2529 1284 2571 labentibus
1318 2529 1464 2571 obstat

314 2599 487 2640 Villicus
520 2602 574 2649 et,
610 2601 765 2641 veteris
798 2601 919 2641 rimae
953 2602 1142 2642 contexit
1172 2601 1353 2650 hiatum,

316 2669 497 2711 Securos
530 2671 748 2723 pendente
780 2671 900 2712 iubet
933 2671 1120 2713 dormire
1152 2672 1298 2720 ruina;

137 2777 180 2816 in
223 2775 391 2828 quibus,
440 2779 488 2817 ut
526 2776 580 2817 de
622 2776 703 2817 hoc
742 2778 930 2829 primum
979 2778 1133 2828 dicam,
1182 2791 1331 2819 versus
1378 2778 1530 2818 tertius
1580 2777 1734 2819 duram

136 2846 271 2887 habet
303 2848 542 2888 orationem
577 2850 631 2896 et,
672 2849 720 2888 ut
752 2849 916 2900 opinor,
956 2862 1043 2890 non
1076 2850 1288 2898 Latinam,
1329 2861 1461 2901 quam
1494 2850 1610 2889 recte
1641 2848 1733 2889 Ru-

137 2918 312 2969 pertius,
355 2918 460 2958 alios
493 2920 679 2967 secutus,
726 2919 986 2968 emendavit,
1035 2920 1234 2960 restituta
1266 2932 1503 2971 paucorum
1537 2919 1733 2960 codicum
