1915 3235
976 105 1061 146 694

217 232 393 275 omnino
426 231 516 272 eius
548 231 696 285 figurae
730 233 989 275 adhibendae
1024 235 1319 277 condicionem
1351 249 1445 277 esse
1479 237 1667 278 credent.
1730 238 1816 279 Ita-

219 316 302 356 que
336 302 608 356 Kreyssigius
649 302 710 356 (in
743 304 931 346 editione
963 305 1091 346 huius
1124 305 1238 359 libri)
1272 320 1294 347 e
1329 307 1474 348 codice
1507 307 1816 361 Bambergensi

218 373 409 426 scripsit:
458 374 677 415 caritatem
720 380 757 416 et
797 377 1068 418 maiestatem.
1132 377 1219 419 Sed
1261 377 1390 419 aliam
1430 379 1691 431 pravitatem
1730 392 1817 420 non

219 444 537 494 animadvertit,
587 458 684 497 quae
727 445 796 487 vel
838 447 898 488 sic
939 447 983 488 in
1021 448 1088 489 his
1129 447 1271 489 verbis
1303 448 1452 489 haeret.
1516 448 1627 490 Nam
1660 449 1816 490 caritas

217 516 407 557 Romani
439 515 636 566 nominis,
671 516 706 557 si
729 516 939 559 Graeciam
974 519 1162 560 Romani
1183 531 1271 560 non
1293 519 1541 570 liberarent,
1574 520 1693 561 nulla
1715 533 1818 561 vera

220 586 365 627 futura
398 588 503 636 erat,
553 587 629 628 sed
668 590 838 629 tantum
878 588 1082 630 simulata
1120 589 1210 631 eius
1243 590 1430 642 species;
1477 590 1682 632 maiestas
1714 590 1818 632 nihil

218 657 318 698 inde
351 657 597 698 detrimenti
631 663 812 711 captura
852 662 944 700 erat
976 673 1116 712 neque
1151 661 1240 702 eius
1274 661 1432 702 veritas
1464 661 1508 702 in
1540 661 1622 702 hac
1654 674 1701 702 re
1732 661 1818 703 ullo

219 727 348 769 modo
389 727 613 780 agebatur.
676 729 826 782 Itaque
869 726 909 771 a*
937 730 1083 772 codice
1125 731 1449 785 Bambergensi,
1498 732 1571 784 qui
1612 731 1818 773 mendum

218 799 442 852 particulae
490 799 730 841 adiectione
778 801 985 851 occultat,
1041 801 1312 843 redeundum
1367 804 1433 843 est
1486 802 1568 844 hoc
1621 803 1714 844 loco
1763 803 1819 844 ad

219 870 517 924 Moguntinam
550 871 809 923 scripturam
843 884 982 924 exque
1015 885 1067 913 ea
1098 873 1192 914 haec
1226 873 1473 914 efficienda:
1507 874 1545 914 si
1576 886 1676 914 vera
1709 874 1818 914 cari-

220 946 302 982 tate
334 942 590 982 maiestatem
624 942 739 996 apud
776 955 915 984 omnes
956 944 1138 985 nominis
1180 944 1363 985 Romani
1404 944 1551 985 vellent
1594 957 1689 994 esse,
1738 944 1820 985 hoc

221 1015 299 1063 est,
334 1012 369 1053 si
402 1025 502 1054 vero
536 1026 684 1054 amore
716 1014 991 1055 maiestatem
1013 1014 1261 1057 Romanam
1296 1015 1376 1056 coli
1398 1015 1570 1056 vellent.
1620 1013 1764 1056 Livius
1788 1014 1818 1063 I,

167 1080 169 1082 ’
220 1084 297 1125 54:
337 1083 467 1137 Apud
498 1084 649 1124 milites
680 1097 775 1124 vero
808 1083 923 1137 (Sex.
959 1084 1239 1139 Tarquinius)
1279 1090 1399 1127 tanta
1431 1086 1608 1126 caritate
1640 1099 1736 1138 esse,
1776 1089 1821 1126 ut

152 2015 205 2040 368

220 1169 303 1196 non
327 1159 454 1209 pater
492 1153 753 1209 Tarquinius
776 1155 987 1208 potentior
1018 1155 1164 1197 Romce
1203 1171 1329 1212 quam
1365 1156 1480 1210 filius
1519 1156 1668 1198 Gabiis
1707 1160 1818 1197 esset.

220 1225 361 1277 Quam
396 1225 520 1266 facile
553 1225 768 1266 ablativus
801 1225 844 1266 in
878 1226 1172 1268 accusativum
1206 1229 1384 1280 propter
1416 1227 1660 1280 proximum
1691 1228 1820 1267 maie-

220 1302 365 1340 statem
399 1296 582 1338 transire
614 1296 815 1349 potuerit,
850 1300 1046 1350 apparet.

340 1368 432 1409 Lib.
466 1367 655 1418 XXXIII,
697 1368 766 1409 32.
840 1367 1216 1410 Commemoratur
1262 1369 1438 1410 habitus
1485 1367 1729 1410 animorum
1779 1369 1822 1408 et

223 1439 487 1492 exspectatio
520 1441 622 1480 ante
653 1439 778 1480 ludos
817 1439 1032 1489 Isthmios,
1074 1439 1230 1491 quibus
1265 1440 1316 1481 T.
1350 1439 1575 1490 Quinctius
1609 1438 1821 1480 Graeciam

222 1511 403 1551 liberam
437 1509 746 1562 pronuntiavit.
809 1509 891 1550 Hic
923 1509 1042 1551 locus
1082 1512 1183 1551 ante
1223 1515 1417 1552 nostram
1451 1512 1626 1551 aetatem
1658 1509 1820 1550 fractus

224 1584 265 1623 et
304 1594 484 1622 mancus
526 1581 737 1622 edebatur
775 1582 857 1622 hoc
896 1581 1046 1623 modo:
1097 1581 1180 1622 Sed
1226 1582 1522 1636 exspectatione
1561 1581 1703 1633 erecti,
1751 1581 1823 1635 qm·

223 1652 373 1694 deinde
404 1656 537 1693 status
565 1651 741 1705 futurus
775 1652 965 1705 Graeciae,
1014 1666 1105 1707 quae
1143 1666 1222 1693 sua
1251 1651 1429 1705 fortuna
1461 1658 1583 1694 esset:
1631 1653 1710 1694 alit
1740 1665 1823 1693 non

223 1724 340 1765 taciti
371 1723 503 1764 solum
535 1723 830 1777 opinabantur,
864 1723 937 1765 sed
960 1723 1218 1764 sermonibus
1242 1723 1365 1763 etiam
1388 1722 1591 1764 serebant.
1639 1723 1824 1764 Romani

225 1795 282 1836 ad
313 1794 589 1848 spectaculmn
622 1794 906 1835 consederunt.
970 1794 1168 1847 Explevit
1207 1795 1447 1836 orationem
1487 1796 1531 1835 et
1562 1792 1822 1835 sententiam

225 1866 360 1908 codex
392 1865 745 1918 ssambergensis;
793 1865 871 1906 sed
910 1879 1043 1918 quum
1076 1865 1119 1906 in
1152 1878 1202 1906 eo
1235 1865 1382 1913 verba,
1431 1867 1479 1905 ut
1510 1865 1559 1905 fit
1590 1864 1634 1905 in
1666 1863 1822 1905 codici-

224 1937 318 1986 bus,
368 1949 501 1990 prave
541 1936 743 1977 distincta
783 1939 940 1984 essent,
989 1949 1117 1977 nemo
1158 1949 1210 1977 ex
1242 1937 1304 1987 iis,
1355 1937 1426 1989 qui
1458 1938 1557 1989 post
1590 1934 1823 1977 Goellerum

224 2008 339 2049 hunc
371 2007 528 2048 librum
560 2008 816 2057 tractarunt,
856 2019 959 2047 vera
991 2006 1338 2059 interpunctione
1369 2010 1543 2060 reperta
1574 2006 1716 2048 locum
1750 2018 1823 2046 ex-

225 2078 400 2132 pedivit.
463 2077 604 2119 Facile
639 2077 753 2119 enim
787 2080 829 2118 et
860 2077 1048 2130 legitime
1092 2077 1292 2119 decurret
1331 2079 1469 2120 oratio
1509 2077 1569 2118 sic
1609 2076 1822 2125 ordinata,

225 2150 344 2191 nulla
375 2149 518 2190 littera
550 2152 719 2190 mutata
758 2149 801 2189 in
842 2148 998 2190 codicis
1040 2149 1276 2201 scriptura:
1326 2150 1403 2190 alii
1436 2149 1538 2199 alia,
1586 2161 1668 2187 non
1708 2146 1826 2187 tacit-i

226 2222 354 2262 solum
389 2219 687 2274 opinabantur,
721 2219 793 2260 sed
815 2219 1073 2260 sermonibus
1104 2220 1229 2260 etiam
1250 2219 1457 2273 ferebant,
1491 2218 1704 2259 Romanos
1732 2216 1824 2270 fac·-

226 2296 354 2332 turos.
446 2291 527 2331 Vix
580 2291 775 2345 cuiquam
821 2290 1180 2343 persuadebatm·,
1239 2290 1408 2330 Graecia
1460 2290 1572 2330 omni
1626 2301 1822 2329 cessuros.

228 2360 328 2414 (Alii
361 2361 445 2402 alia
477 2361 700 2402 Romanos
735 2360 923 2402 facturos
956 2362 1115 2414 partim
1148 2361 1453 2414 opinabantur,
1493 2360 1653 2413 partim
1694 2358 1824 2400 etiam

227 2431 537 2484 loquebantur;
585 2432 628 2472 in
672 2433 753 2472 hac
796 2434 944 2472 tamen
988 2431 1238 2484 opinionum
1279 2434 1321 2473 et
1353 2444 1601 2472 sermonum
1635 2430 1689 2471 de
1722 2442 1823 2471 con-

228 2502 331 2543 siliis
364 2502 663 2543 Romanorum
698 2501 905 2543 varietate
945 2502 1016 2543 vix
1055 2502 1285 2555 quisquam
1329 2502 1547 2552 credebat,
1596 2500 1712 2543 omni
1752 2513 1824 2542 eos

229 2573 396 2615 Graecia
429 2571 658 2625 cessuros.)
706 2572 924 2614 Bekkerus
956 2573 1051 2625 ipsa
1083 2573 1217 2614 verba
1248 2573 1363 2614 male
1395 2572 1596 2614 distincta
1629 2571 1824 2620 retinuit3

230 2645 448 2686 Iacobsius
483 2646 524 2684 et
563 2643 833 2696 Kreyssigius
874 2656 1034 2696 eosque
1073 2645 1207 2685 secuti
1250 2643 1321 2685 alii
1360 2644 1419 2684 sic
1458 2645 1700 2684 mutarunt:
1749 2642 1827 2682 aliz·

232 2716 321 2756 alia
356 2737 406 2741 —
439 2714 644 2767 ferebant.
715 2715 926 2755 Romanos
960 2715 1129 2755 victores
1160 2715 1230 2755 vix
1261 2715 1456 2769 cuiquam
1489 2715 1568 2754 cet.
1631 2713 1827 2765 Apparet

232 2785 304 2840 (ne
337 2785 438 2838 quid
472 2784 753 2826 dubitationis
793 2785 1073 2838 relinquatur,
1123 2786 1225 2838 quin
1264 2785 1510 2826 coniectura
1551 2781 1825 2835 aberrarint),

231 2856 367 2897 verba
398 2856 467 2896 vix
499 2856 705 2910 cuiquam.
739 2869 851 2908 quae
894 2855 1139 2897 referuntur
1178 2857 1233 2897 ad
1272 2857 1343 2898 illa
1377 2856 1453 2896 alii
1486 2855 1588 2903 alia,
1638 2854 1826 2906 primum

233 2927 459 2969 sententiae
492 2926 631 2967 locum
666 2929 812 2967 tenere
846 2927 1019 2967 debere.
