1915 3235
841 116 924 164 119

85 256 296 311 particula
344 260 476 309 atque,
525 267 620 307 quae
667 255 766 305 post
811 252 1090 305 parenthesin
1137 252 1314 305 periodo
1358 253 1414 294 ad
1453 254 1676 306 superiora

85 327 294 369 redeunte
335 325 438 378 poni
475 324 594 365 nullo
624 322 753 364 modo
784 324 940 375 potest,
989 323 1143 364 deinde
1182 324 1278 376 ipsa
1317 323 1452 364 verba
1490 337 1573 364 non
1611 325 1676 365 illi

88 401 182 451 cet„
216 396 331 450 quod
361 409 447 437 non
479 393 689 436 eiusmodi
711 393 1020 446 parentheseos
1043 394 1211 435 initium
1238 396 1314 444 est,
1349 394 1426 434 sed
1449 395 1674 435 sententiae

86 467 294 522 superiori
340 467 427 507 iam
472 465 605 506 finitae
650 477 728 517 per
774 477 819 505 se
868 477 965 506 cum
1013 465 1223 517 gravitate
1265 464 1455 517 quadam
1495 465 1675 507 adiectae

86 551 262 591 remque
294 537 469 578 uberius
503 535 767 588 explicantis,
810 537 903 576 tum
936 536 1230 577 coniunctivus
1263 535 1418 577 modus
1450 537 1675 577 sententiae

85 609 277 650 relativae
316 604 630 661 (pertinerent),
680 607 751 658 qui
793 605 976 647 soloecus
1023 607 1090 656 fit,
1139 607 1320 648 sublatis
1366 607 1508 647 verbis
1557 612 1677 648 erant

86 677 344 727 huiusmodig
391 679 610 730 postremo
649 675 721 716 illa
760 677 925 725 ratione
965 677 1141 718 minime
1179 677 1467 718 redundantia
1498 677 1673 726 tollitur,

86 750 163 792 sed
194 750 237 790 in
268 749 348 789 illis
382 747 537 797 verbis,
571 751 691 801 atque
724 747 807 787 illae
840 751 979 787 tamen
1010 760 1147 788 omnes
1179 748 1464 801 dissensiones,
1498 762 1674 803 quamne

87 843 143 848 —
175 819 375 874 quaesivit,
422 819 632 859 remanet.
647 813 679 868 ¹)
742 817 892 869 Itaque
925 820 965 858 et
999 818 1166 871 aliquis,
1215 820 1288 871 qui
1326 832 1423 860 eam
1462 820 1675 860 rationem

87 892 258 932 secutus
292 891 369 939 est,
402 890 541 929 totum
572 890 721 928 tamen
752 888 894 929 locum
928 888 1173 940 eloquentia
1204 889 1420 931 Ciceronis
1452 890 1675 943 indignum

86 960 301 1010 iudicavit,
352 962 393 1000 et
433 959 541 1000 alius
579 960 717 999 totam
756 959 944 1011 priorem
987 961 1156 1010 partem
1189 961 1414 1001 sententiae
1447 960 1675 1003 delendam

86 1031 267 1084 putavit.
330 1030 415 1071 Sed
447 1029 563 1070 aliud
596 1031 661 1070 est
692 1031 850 1081 praeter
888 1029 1006 1070 illam
1039 1030 1338 1082 repetitionem
1371 1032 1507 1073 multo
1539 1033 1676 1084 magis

86 1114 351 1155 perversum,
391 1100 507 1153 quod
538 1101 695 1141 mirum
729 1102 793 1141 est
824 1101 1041 1141 neminem
1075 1101 1445 1143 animadvertisse.
1508 1104 1677 1144 Exeunt

88 1173 201 1213 enim
234 1171 448 1213 Ciceronis
487 1171 622 1212 verba
662 1172 705 1211 in
744 1171 868 1223 longe
907 1171 1039 1211 alium
1079 1184 1267 1221 sensum,
1317 1186 1448 1225 quam
1488 1175 1559 1226 qui
1604 1187 1677 1215 ex-

86 1242 337 1296 primendus
371 1244 476 1283 erat.
538 1241 772 1294 Dupliciter
805 1255 868 1291 ea,
917 1255 1013 1293 quae
1046 1244 1166 1294 gesta
1199 1245 1334 1293 erant,
1385 1246 1677 1297 comparando

87 1313 264 1364 extollit,
313 1313 428 1365 quod
459 1312 649 1365 pericula
681 1311 859 1361 maiora,
895 1325 1025 1364 quam
1058 1313 1145 1354 ulla
1177 1316 1306 1355 antea
1339 1314 1532 1366 fuissent,
1583 1329 1676 1357 sce-

86 1384 262 1436 leraque
294 1384 491 1436 graviora
523 1383 779 1433 sustulisset,
828 1382 982 1423 deinde
1023 1383 1137 1435 quod
1176 1385 1293 1425 nulla
1326 1386 1463 1435 caede3
1512 1389 1676 1428 ceteras

87 1455 374 1495 dissensiones
423 1466 572 1494 omnes
620 1453 761 1494 minus
809 1453 1048 1494 horrendas
1095 1454 1249 1505 fuisse,
1299 1458 1342 1496 et
1388 1459 1536 1498 tamen
1584 1470 1677 1499 esse

87 1526 218 1566 armis
251 1527 293 1565 et
332 1524 449 1565 caede
489 1537 733 1577 oppressas.
796 1524 921 1565 Hanc
969 1526 1209 1566 extremam
1256 1528 1425 1579 partem
1466 1528 1518 1568 de
1561 1528 1678 1569 caede

88 1598 130 1636 et
162 1596 369 1648 sanguine
412 1596 499 1636 iam
543 1596 802 1647 exposuerat
835 1594 876 1647 (ἓ
910 1593 982 1646 24)
1032 1596 1075 1636 in
1118 1597 1293 1650 singulis
1337 1598 1677 1640 dissensionibus

88 1666 497 1714 commemorandis3
546 1666 730 1707 alterum
763 1665 880 1715 illud,
925 1665 1066 1707 minus
1098 1669 1246 1708 tamen
1278 1669 1542 1721 perniciosas
1576 1682 1677 1710 con-

88 1736 179 1778 silio
205 1738 264 1777 ⁴et
304 1736 536 1777 sceleratas
574 1736 706 1778 fuisse
754 1737 847 1777 illas
896 1736 1197 1788 dissensiones,
1246 1740 1461 1788 restabat;
1509 1740 1553 1780 id
1601 1740 1678 1780 ad-

87 1808 274 1860 iungitur
305 1808 387 1848 hac
419 1808 650 1848 sententia:
685 1807 819 1862 Atque
853 1808 935 1848 illce
968 1807 1242 1849 dissensiones
1275 1814 1394 1850 erant
1425 1810 1677 1862 lmiecsmoole'7

87 1892 178 1933 quc&
214 1891 297 1918 non
336 1901 388 1904 ἡ
422 1879 710 1932 pertinerent;
759 1892 839 1918 non
872 1878 935 1918 illa·
979 1901 1034 1906 —-
1076 1879 1305 1920 voluerunt.
1369 1880 1437 1921 Sic
1479 1881 1679 1922 absoluta

88 1951 187 1990 sunt
220 1949 378 1998 onmia,
423 1948 701 2001 sequiturque
733 1951 848 1989 recte
882 1962 1039 1998 rerum,
1089 1963 1186 2001 quae
1219 1963 1352 2002 quum
1385 1952 1573 1992 maxime
1605 1965 1679 2005 ge-

88 2021 250 2069 rantur,
298 2019 509 2060 laudatio:
560 2018 613 2059 In
651 2019 723 2059 hoe
765 2024 901 2060 cautem
940 2033 1020 2059 uno
1061 2023 1140 2061 cet.
1204 2021 1319 2067 Haec¹
1348 2027 1494 2063 autem
1534 2023 1680 2064 omnia

88 2092 264 2142 totaque
297 2090 500 2131 orationis
532 2091 774 2143 progressio
808 2092 1059 2131 evertuntur
1091 2091 1161 2132 illo
1193 2092 1510 2134 additamento:
1545 2093 1680 2148 Atque

90 2184 142 2189 -—
177 2160 421 2201 cliiudieatce
453 2157 600 2213 sint²>3
649 2160 764 2213 quod
803 2162 1014 2213 praeterea
1053 2162 1282 2204 molestam
1322 2163 1456 2204 habet
1497 2164 1678 2204 circum-

88 2230 345 2272 locutionem
385 2232 429 2272 in
468 2231 568 2272 illis:
618 2231 820 2272 eiusmodi
859 2231 1047 2284 fuerunt,
1096 2237 1140 2272 ut
1187 2255 1242 2260 —
1290 2233 1534 2275 diiudicatae
1575 2236 1678 2284 sint;

88 2314 190 2342 nam
223 2315 356 2354 quum
387 2302 456 2342 hic
489 2302 640 2351 exitus,
682 2315 768 2343 non
807 2304 963 2343 natura
994 2302 1163 2343 illarum
1197 2303 1513 2346 dissensionum
1547 2306 1677 2358 signi-

88 2371 251 2422 ficetur,
286 2372 515 2414 dicendum
549 2375 641 2414 erat
673 2373 923 2426 simpliciter
955 2370 1198 2414 detessmlieatse
1230 2379 1338 2415 sunt.
1387 2375 1535 2428 Itaque
1560 2377 1679 2418 nulla

90 2443 301 2484 dubitatio
347 2444 612 2496 relinquitur,
661 2445 764 2496 quin
802 2445 895 2484 haec
933 2444 1178 2496 interpretis
1227 2445 1406 2486 alicuius
1454 2448 1677 2488 annotatio

90 2514 156 2562 sit,
202 2515 437 2567 repetentis
477 2518 577 2555 ante
617 2514 985 2567 comparationem
1025 2516 1067 2554 et
1105 2514 1271 2564 eadem,
1321 2528 1406 2567 qua
1446 2516 1594 2558 Cicero
1635 2517 1679 2557 in

90 2583 226 2625 altera
257 2586 381 2637 parte
412 2598 516 2626 usus
549 2588 654 2636 erat,
703 2585 843 2626 forma
882 2586 1174 2637 proponentis,
1223 2599 1319 2638 quae
1360 2586 1507 2628 Cicero
1546 2601 1679 2640 supra

91 2654 269 2704 dixerat,
313 2656 429 2707 prior
461 2658 607 2710 autem
640 2657 855 2697 sententia
886 2656 1014 2708 plane
1047 2656 1101 2696 sit
1133 2656 1313 2709 integra.
1376 2657 1487 2698 Nam
1519 2671 1573 2698 ne
1606 2658 1678 2699 illa

128 2827 155 2871 ¹)
181 2829 358 2864 Viderunt
382 2831 458 2865 haec
483 2832 713 2866 incommoda
739 2831 898 2865 maxima
924 2841 967 2865 ex
992 2834 1094 2874 parte
1120 2831 1274 2865 Beckius
1301 2835 1336 2866 et
1361 2833 1542 2867 Blochius.

128 2885 156 2930 2>
183 2888 297 2931 Patet,
338 2900 448 2933 quam
480 2890 663 2932 erraverit,
703 2890 764 2934 qui
796 2890 952 2934 priorem
985 2890 1203 2925 sententiam
1235 2891 1392 2926 alienam
1426 2895 1460 2926 et
1486 2892 1677 2926 delendam

184 2946 366 2982 iudicavit.

1701 2099 1751 2124 148
