1915 3235
148 626 198 652 166

134 2050 185 2076 167

982 131 1066 173 134

225 267 267 303 ut
297 276 389 303 eum
423 263 493 303 illo
525 261 745 314 commoda
779 262 816 302 st
848 260 957 316 quod
990 264 1092 310 erat,
1143 259 1276 300 (mimi
1316 259 1489 314 quidam
1528 259 1647 300 dolor
1680 260 1819 315 tuuqe·

223 337 363 384 retur;
411 338 446 373 te
480 334 526 385 is,
568 346 685 387 quem
726 331 868 373 vidisti
900 343 1128 385 utinquam,
1174 329 1226 370 L.
1259 329 1448 371 Rubrius
1483 329 1674 384 Casinas,
1720 330 1820 384 fecit

221 403 425 444 heredem.
474 403 580 444 Haec
613 406 758 444 autem
791 402 944 443 ultima
974 400 1075 454 feeit
1106 400 1297 441 heredem
1329 414 1415 443 non
1447 401 1586 443 solum
1618 401 1819 454 languide

221 474 477 524 redundant,
512 474 589 515 sed
615 475 897 526 corrumpunt
921 471 1151 513 manifesto
1175 473 1380 513 orationis
1399 472 1650 521 artificiun13
1682 472 1818 513 semel

222 545 335 586 enim
367 545 508 598 posito
547 547 589 585 et
627 547 836 597 tanquam
878 543 1156 584 delitescente
1197 555 1260 592 eo,
1309 543 1425 595 quod
1468 555 1697 584 commune
1737 545 1815 593 est,

221 616 407 668 graviter
455 615 709 667 exprimitur
756 614 1069 656 contrariorum
1117 613 1269 655 relatio
1311 612 1391 666 (me
1429 627 1546 654 nemo
1579 637 1633 641 —
1672 618 1709 654 te
1739 612 1816 666 is);

217 685 298 727 illis
333 688 481 727 contra
513 686 669 726 additis
702 685 871 738 pondus
904 685 1129 726 sententiae
1162 697 1188 725 a
1220 684 1363 726 verbis
1407 689 1444 725 te
1483 685 1518 726 is
1557 685 1817 727 transfertur

217 756 273 798 ad
307 756 545 797 clausulam
578 756 709 804 illam,
743 757 787 797 in
821 769 907 809 qua
939 768 1034 797 esse
1065 768 1153 796 non
1185 755 1336 804 debet3
1375 758 1468 796 tum
1502 759 1702 809 apertum
1735 758 1812 806 est,

215 827 356 880 posita
389 827 516 868 alieni
548 827 733 868 hominis
767 827 1146 868 circumlocutione
1184 825 1296 867 finiri
1334 828 1595 868 sententiam
1635 830 1679 869 et
1715 830 1814 869 tan-

216 910 345 950 quam
380 897 569 938 residere
601 897 644 938 in
684 898 778 950 ipso
818 897 1005 948 nomine,
1047 897 1114 939 cui
1152 899 1253 950 apte
1292 897 1611 951 subiunguntur
1647 898 1719 940 illa
1761 897 1816 939 Et

214 968 308 1009 vide
340 966 466 1021 cet.¹)
529 969 678 1021 Itaque
712 969 815 1021 quin
848 969 933 1010 duo
965 968 1037 1010 illa
1080 968 1214 1010 verba
1255 968 1438 1010 delenda
1477 970 1575 1020 sint,
1625 969 1815 1011 dubitari

214 1052 300 1081 non
331 1042 489 1093 potest.

329 1110 475 1152 Incido
509 1110 663 1152 deinde
695 1123 844 1152 rursus
877 1111 921 1151 in
953 1110 1094 1151 locum
1127 1110 1187 1151 ita
1219 1110 1346 1163 vulgo
1378 1111 1567 1164 graviter
1599 1113 1642 1152 et
1665 1114 1815 1164 aperte

211 1181 482 1232 mendosum,
532 1184 591 1232 ut,
640 1182 755 1234 quod
794 1182 837 1222 in
876 1194 963 1222 uno
1006 1183 1049 1222 et
1089 1180 1224 1222 altero
1266 1181 1361 1223 loco
1400 1194 1533 1234 supra
1571 1182 1714 1223 facere
1744 1194 1815 1223 me

211 1252 460 1306 significavi,
508 1266 684 1305 prorsus
725 1253 924 1301 demirer,
974 1265 1026 1292 ex
1057 1254 1121 1293 tot
1154 1252 1391 1294 editoribus
1430 1255 1473 1293 et
1505 1253 1814 1306 interpretibus

208 1323 366 1364 nullius
405 1336 459 1364 ne
500 1323 816 1365 dubitationem
859 1322 1034 1375 quidem
1074 1325 1238 1364 motam
1279 1336 1387 1365 esse.
1451 1323 1556 1376 Cap.
1590 1323 1705 1364 enim
1736 1323 1806 1374 21,

209 1393 266 1436 50
296 1393 541 1448 legebatur:
590 1394 776 1448 Accipite
815 1408 944 1447 nuuc,
992 1407 1142 1448 quaeso,
1190 1407 1273 1434 nou
1315 1408 1376 1447 ea,
1425 1408 1517 1449 quse
1555 1395 1642 1449 ipse
1684 1395 1728 1435 iu
1770 1407 1812 1435 se

210 1470 330 1520 atque
368 1465 415 1506 tn
453 1464 719 1506 domesticum
758 1464 934 1506 dedecus
973 1466 1137 1519 impure
1182 1469 1303 1519 atque
1343 1465 1686 1519 intemperanter,
1733 1465 1806 1506 sed

210 1548 300 1591 quce
332 1536 378 1576 iu
409 1549 482 1577 nos
511 1535 788 1590 fortunasque
820 1541 998 1590 nostras,
1030 1536 1077 1576 id
1109 1541 1179 1589 est7
1211 1536 1257 1576 'iu
1288 1536 1528 1577 um’versam
1560 1550 1649 1577 rem
1669 1536 1809 1591 publi-

208 1620 313 1659 cam,
348 1608 473 1661 impie
506 1621 555 1648 ae
586 1607 753 1660 nefarie
782 1607 942 1660 fecerit.
990 1607 1128 1648 Nemo
1161 1609 1227 1648 est
1251 1609 1411 1657 autem,
1446 1608 1549 1660 quin
1572 1607 1807 1661 intelligere

209 1677 385 1728 debeat,
430 1678 755 1731 perversissime
788 1678 869 1719 dici
904 1679 947 1718 in
985 1691 1027 1719 se
1067 1683 1187 1733 atque
1226 1679 1270 1718 iu
1307 1678 1574 1720 domesticum
1612 1678 1808 1728 dedecus;

206 1748 250 1790 id
282 1751 347 1790 est
379 1748 492 1790 enim
527 1748 694 1802 (contra
727 1762 830 1790 sane
864 1762 914 1790 ac
946 1749 1073 1802 vulgo
1105 1749 1459 1801 interpretantur,
1493 1750 1699 1802 quoniam
1730 1762 1807 1791 ne-

208 1821 395 1862 cessario
427 1820 471 1861 in
502 1821 585 1861 hac
617 1820 916 1861 coniunctione
949 1820 1102 1861 eadem
1136 1822 1201 1861 est
1239 1822 1421 1873 utroque
1465 1820 1558 1862 loco
1598 1822 1807 1874 praeposi-

204 1892 331 1933 tionis
363 1889 575 1944 potestas)
587 1888 635 1944 2),
669 1896 813 1932 contra
837 1890 1014 1932 dedecus
1036 1904 1179 1939 suum3
1212 1893 1343 1944 atque
1374 1892 1435 1932 ita
1461 1892 1689 1933 coniuncta
1712 1893 1807 1933 haec

206 1975 312 2012 esse,
346 1962 381 2003 si
412 1964 556 2015 potest
589 1975 682 2003 esse
716 1961 910 2012 dubium,
945 1962 1192 2013 ostendunt,
1227 1976 1324 2016 quae
1355 1962 1421 2004 his
1453 1952 1719 2004 redduntur:
1758 1963 1806 2004 in

204 2046 278 2075 nos
307 2032 584 2088 fortunasque
614 2037 793 2074 nostras.
856 2033 919 2073 Ne
951 2045 1028 2085 per
1060 2045 1106 2074 se
1140 2033 1315 2085 quidem
1347 2033 1488 2075 locum
1523 2033 1593 2074 hic
1623 2033 1807 2075 haberet

247 2193 272 2240 ²)
298 2197 429 2232 Mirum
455 2200 520 2239 est,
546 2197 584 2231 in
609 2197 675 2238 his,
703 2207 783 2241 quae
801 2202 1015 2242 sequuntur,
1042 2196 1282 2232 certissimam
1307 2197 1493 2232 Garatonii
1512 2198 1805 2233 emendationem

301 2256 503 2301 neglectam
531 2267 608 2291 esse
633 2260 780 2301 propter
805 2257 913 2300 plane
930 2267 1137 2302 perversam
1165 2256 1320 2300 vulgatae
1337 2257 1524 2301 scripturae
1542 2257 1804 2293 defensionem.

299 2315 378 2350 Non
405 2314 529 2360 quaeri,
568 2325 658 2350 num
691 2315 829 2350 Rubrio
862 2315 1054 2358 Antonius,
1093 2316 1155 2351 sed
1189 2326 1278 2350 num
1309 2315 1470 2350 Antonio
1503 2317 1664 2351 Rubrius
1696 2320 1804 2352 notus

300 2374 418 2415 fuerit,
446 2385 519 2409 non
544 2375 654 2409 modo
681 2386 723 2409 ex
750 2375 803 2417 iis,
837 2386 918 2419 quae
943 2376 1163 2420 praecedunt⁷
1196 2374 1419 2418 intelligitur,
1454 2375 1517 2409 sed
1543 2375 1652 2410 etiam
1680 2386 1723 2410 ex
1749 2375 1801 2417 iis,

298 2444 378 2477 quae
404 2436 608 2477 sequuntur
641 2432 771 2476 (Velim
802 2436 892 2468 mihi
922 2436 1022 2468 dieas
1055 2432 1146 2476 cet.).
1197 2433 1267 2468 Sed
1305 2433 1384 2467 aliis
1423 2433 1564 2468 duabus
1603 2435 1647 2469 de
1684 2435 1803 2469 causis

298 2491 380 2526 ferri
414 2491 541 2535 nequit
572 2493 779 2537 vulgatum;
820 2494 917 2538 quod
947 2495 1064 2537 fueris
1096 2493 1225 2528 soloece
1264 2492 1395 2527 dicitur
1428 2503 1494 2536 pro
1526 2504 1632 2535 esses3
1672 2493 1802 2528 deinde

297 2550 394 2594 quod
420 2553 501 2594 post
526 2551 588 2584 illa
613 2552 661 2586 Et
686 2554 828 2596 quidem
853 2554 941 2596 vide,
967 2564 1076 2596 quam
1102 2557 1132 2586 te
1158 2553 1293 2586 amarit
1320 2553 1360 2594 is,
1388 2553 1451 2595 qm·
1470 2555 1536 2586 cet.
1563 2552 1666 2596 sequi
1692 2552 1800 2587 debet

293 2609 487 2650 sententia,
521 2620 601 2653 quae
634 2610 742 2644 huius
769 2611 903 2646 amoris
929 2611 1101 2646 indicium
1128 2610 1327 2651 contineat;
1368 2621 1409 2644 ea
1436 2610 1527 2644 solet
1552 2621 1616 2654 per
1641 2621 1680 2646 se
1705 2611 1799 2652 addi,

296 2668 358 2703 sed
387 2671 511 2702 tamen
537 2668 683 2712 adiungi
709 2680 774 2713 per
799 2670 992 2705 relativum
1018 2673 1148 2715 potest,
1174 2672 1215 2704 ut
1240 2669 1287 2703 sit
1312 2680 1438 2713 quum3
1472 2669 1535 2703 sed
1560 2673 1639 2704 tum
1665 2680 1732 2704 nec
1756 2671 1798 2713 is,

297 2728 359 2770 qui
384 2726 454 2760 dici
479 2730 610 2770 potest,
650 2739 731 2772 quae
764 2729 1036 2764 circumlocutio
1069 2732 1123 2764 est
1148 2727 1312 2768 subiecti,
1352 2738 1418 2761 nec
1443 2727 1659 2763 indicativus
1685 2728 1797 2772 sequi.

297 2786 423 2829 Itaque
449 2786 652 2821 necessario
679 2798 775 2821 nova
800 2788 981 2822 sententia
1006 2788 1132 2832 incipit
1158 2799 1179 2822 a
1204 2787 1339 2822 verbis:
1367 2788 1519 2821 Fratris
1541 2788 1667 2830 filium.

238 2842 267 2887 2)
293 2842 476 2888 [Virgilius
501 2847 625 2879 tamen
651 2846 727 2881 AEn.
755 2847 847 2887 VIII,
880 2846 949 2880 386
982 2846 1070 2880 dixit
1104 2849 1140 2880 ιή
1172 2858 1224 2880 me
1256 2847 1500 2890 eoeee'diumque
1525 2857 1694 2889 meorum,
1732 2846 1795 2880 sed

296 2907 335 2937 ut
362 2905 469 2946 poeta
494 2902 642 2939 liberius
668 2916 734 2939 nec
767 2905 899 2946 addita,
940 2916 1020 2949 quae
1053 2906 1149 2950 apud
1181 2905 1391 2940 Ciceronem
1425 2908 1489 2946 est,
1529 2904 1793 2939 contrariorum

295 2960 554 3005 significatione
579 2961 632 3004 (ιή
658 2974 721 2998 nos
746 2965 985 3008 fortunasque
1012 2962 1197 3007 nostras).]
