1915 3235
931 124 1015 164 36&

174 260 216 301 S.
250 258 431 299 Victoris
464 259 506 297 et
538 256 695 296 Bernn.
730 256 807 302 est,
843 253 935 294 cod.
969 253 1105 294 Paris.
1139 254 1176 293 is
1206 253 1301 293 trib.
1320 250 1522 307 plebis¹);
1556 256 1771 304 neutrum,

174 331 339 383 opinor,
388 329 431 368 in
465 326 610 368 codice
643 322 878 377 archetypo
911 324 1004 373 fuit,
1047 326 1134 373 aut,
1183 324 1218 364 si
1251 324 1343 373 fuit,
1392 326 1515 364 Vetus
1549 326 1613 365 est
1644 324 1773 365 inter-

174 400 348 454 polatio,
398 398 517 439 cuius
562 395 826 437 simillimam
868 395 998 436 aliam
1041 395 1189 435 statim
1233 395 1467 447 proferam.
1530 394 1694 436 Deinde
1734 409 1775 436 se

102 483 154 508 4⁷5
175 472 380 512 omittunt
411 469 509 509 Par.
544 470 587 508 et
619 467 776 507 Bernn.
818 465 1091 518 (veteresque
1133 464 1263 517 edd).
1333 466 1502 518 Duplex
1542 469 1608 506 est
1648 466 1776 519 igitur

112 2472 164 2496 4715

174 540 434 583 emendandi
473 539 596 588 ratio,
645 540 693 578 ut
732 539 807 578 aut
846 537 1079 578 scribatur:
1127 537 1164 577 εἰ
1196 536 1478 577 obnuntiasset
1512 536 1708 577 Fabricio
1742 538 1777 578 is

174 612 235 665 (id
268 614 344 661 est,
379 612 477 652 talis
510 608 695 663 aliquis),
729 609 800 663 qui
831 613 1033 648 servasset
1064 608 1114 648 de
1136 607 1246 656 coele,
1281 607 1422 648 deleto
1447 607 1627 657 dixerat,
1661 608 1778 661 quod

173 683 371 725 additum
404 683 459 723 sit
490 681 533 721 in
566 679 711 721 codice
745 680 994 732 archetypo,
1029 692 1162 731 quum
1195 692 1381 719 servasse
1413 679 1621 732 scriptum
1649 684 1775 721 esset.

174 756 262 803 aut,
312 753 459 793 addito
492 766 545 801 se,
594 750 749 791 deinde
789 748 925 802 [quod
957 749 1151 790 Manutio
1183 750 1227 790 in
1259 752 1449 790 mentem
1482 749 1681 802 Venerat]
1714 749 1777 790 oli-

175 829 280 866 cerel
313 824 541 871 scribatur,
591 835 689 874 quae
735 821 790 862 acl
833 821 1021 873 speciem
1061 820 1208 869 lenior,
1259 833 1305 861 re
1345 820 1439 873 ipsa
1470 821 1607 862 multo
1640 822 1778 862 maior

176 898 241 936 est
289 895 486 935 mutatio.
565 893 707 945 Atque
756 891 879 940 illud,
936 891 1052 943 quod
1100 891 1153 932 de
1201 891 1500 933 additamento
1547 892 1778 933 manifesto

168 970 332 1020 praetor
380 965 468 1005 sive
516 964 612 1005 trib.
647 963 757 1018 pleb.
801 962 900 1011 dixi,
951 962 1231 1003 confirmatur
1280 963 1448 1016 egregie
1494 962 1606 1003 infra
1639 975 1674 1003 c.
1708 962 1777 1004 59.

179 1037 274 1086 126,
309 1036 383 1077 ubi
417 1035 575 1076 editur:
610 1035 668 1075 At
699 1047 793 1075 vero
825 1034 895 1073 ille
927 1033 1120 1074 tribunus
1144 1033 1292 1087 plebis,
1327 1035 1398 1088 qui
1429 1034 1480 1074 cle
1503 1047 1566 1074 me
1598 1056 1654 1061 —
1687 1046 1779 1074 con-

175 1109 326 1149 tionem.
375 1108 638 1161 interrogsclre
684 1105 838 1146 solebat
886 1107 966 1145 cet.
1051 1105 1186 1145 Recte
1243 1104 1502 1145 Garatonius
1557 1104 1778 1153 intellexit,

176 1178 460 1230 apertissimis
493 1178 605 1218 notis
639 1176 868 1229 significari
893 1176 1084 1229 Appium
1109 1175 1352 1224 Claudium,
1380 1180 1620 1229 praetorem,
1655 1188 1776 1215 eam-

177 1262 260 1301 que
284 1248 544 1289 sententiam
569 1260 683 1288 nunc
707 1247 960 1288 scholiastes
977 1247 1212 1288 Vaticanus
1239 1246 1479 1296 confirmat,
1512 1259 1591 1286 nec
1616 1248 1778 1294 tamen,

176 1322 224 1360 ut
257 1333 309 1360 ex
342 1319 487 1360 Orellii
520 1318 663 1359 verbis
707 1318 953 1367 concludas,
1004 1318 1047 1359 id
1089 1330 1248 1359 nomen
1294 1318 1337 1358 in
1381 1319 1584 1358 contextu
1625 1312 1786 1365 habet3v

177 1404 279 1431 nam
312 1391 488 1431 omnino
520 1391 614 1430 haec
647 1390 782 1430 Verba
814 1402 900 1430 non
932 1386 1115 1441 ponit.‘²)
1178 1388 1292 1438 Quid
1332 1388 1487 1440 igitur?
1535 1387 1780 1429 Substitue-

177 1474 331 1502 musne
357 1462 613 1514 proetorem?
661 1459 757 1499 Non
791 1459 1012 1508 faciemus,
1059 1459 1224 1512 opinor,
1270 1459 1359 1507 sed,
1404 1462 1576 1500 vetusto
1610 1459 1781 1500 addita-

177 1535 325 1574 mento
348 1532 533 1580 sublato,
559 1530 811 1571 Ciceronem
833 1531 1055 1571 hominem
1079 1530 1356 1583 significasse,
1391 1543 1478 1571 non
1501 1531 1781 1583 magistratus

177 1603 352 1645 nomine
386 1602 629 1656 appellasse
662 1601 928 1653 putabimus.
992 1601 1050 1642 Ut
1081 1601 1138 1642 ad
1170 1602 1361 1654 priorem
1399 1601 1541 1642 locum
1574 1603 1781 1650 revertar,

179 1674 362 1715 Orellius
410 1687 496 1715 non
544 1673 649 1713 satis
698 1672 932 1713 infirmavit
979 1672 1190 1713 VVunderi
1238 1672 1542 1725 suspicionem,
1591 1672 1634 1712 in
1681 1672 1781 1713 illis:

179 1746 350 1786 lcesesssset
382 1758 470 1785 ‘rem
494 1743 724 1797 publicam,
768 1742 840 1783 sed
880 1756 968 1783 rem
992 1743 1210 1797 publicam
1242 1745 1334 1784 iure
1367 1744 1549 1792 lte-sisset,
1598 1744 1784 1784 alterum

179 1831 265 1857 rem
292 1816 409 1870 publ.
444 1814 647 1863 delentis;
695 1813 835 1855 omnis
877 1814 991 1855 enim
1031 1815 1238 1856 orationis
1279 1815 1342 1855 vis
1382 1819 1448 1856 est
1486 1814 1530 1855 in
1571 1813 1783 1856 contrarie

179 1887 325 1928 relatis
359 1888 529 1927 loeslsset
562 1887 605 1926 et
642 1886 735 1925 iure
775 1885 964 1933 lcesz'ssel;
1013 1885 1069 1935 id,
1119 1885 1235 1938 quod
1275 1885 1458 1926 Orellius
1497 1886 1638 1926 inesse
1678 1885 1782 1934 vult,

181 1972 321 2011 neque
353 1958 603 2010 intelligitur
636 1969 688 1996 ex
720 1955 864 1996 Verbis
905 1961 947 1996 et
986 1956 1114 1997 inane
1148 1958 1235 2005 est3
1283 1969 1386 1997 nam
1429 1969 1520 1997 rem
1563 1956 1783 2008 publicam

182 2030 253 2081 qui
287 2028 417 2078 laedit,
466 2041 553 2069 non
585 2028 682 2068 ideo
715 2027 857 2067 minus
891 2026 1021 2076 laedit,
1071 2027 1184 2079 quod
1220 2040 1271 2068 ea
1303 2027 1421 2068 nulla
1453 2030 1606 2080 postea
1638 2027 1783 2068 futura

183 2103 260 2141 est.
325 2100 371 2140 In
403 2100 467 2149 iis,
509 2112 605 2151 quae
639 2098 938 2147 subiiciuntur,
981 2102 1029 2138 ut
1067 2097 1470 2150 interpretationem
1514 2111 1685 2150 quoque
1718 2101 1784 2139 at-

181 2171 359 2223 tingam,
390 2170 543 2211 Cicero
577 2169 773 2210 Clodium
806 2168 1065 2221 gladiatores
1098 2168 1287 2209 novicios
1318 2168 1505 2209 necdum
1529 2169 1785 2210 exercitatos

183 2241 463 2293 supposuisse
496 2240 678 2281 irridens
712 2239 814 2280 dicit
845 2252 924 2292 pro
954 2239 1182 2292 magnifico
1205 2240 1421 2281 aedilitatis
1443 2253 1636 2289 munere,
1671 2239 1787 2292 quod

183 2312 369 2364 populus
402 2312 457 2352 ab
499 2325 549 2353 eo
592 2313 636 2352 in
677 2311 924 2363 proximum
966 2323 1129 2351 annum
1174 2309 1277 2364 (quo
1319 2311 1413 2351 haec
1456 2310 1593 2352 oratio
1635 2309 1787 2351 habita

185 2384 250 2423 est
284 2382 547 2435 Clodiusque
581 2382 716 2423 aedilis
749 2379 847 2433 fuit)
882 2383 1167 2433 exspectaret.
1425 2371 1435 2379 '

305 2453 350 2494 C.
385 2453 453 2503 37,
489 2453 543 2493 79
578 2453 738 2494 editur:
788 2452 920 2506 Atqui
958 2466 1008 2492 ne
1048 2466 1097 2492 ex
1136 2465 1178 2492 eo
1217 2452 1596 2506 quidem'tempo‘re
1627 2451 1674 2491 id
1706 2451 1788 2505 egyil

186 2524 355 2575 δρδὲἱιιε,
390 2528 434 2563 ut
467 2538 490 2563 (ι
525 2524 612 2563 suis
644 2523 831 2563 munitus
863 2527 948 2563 tuto
979 2523 1026 2562 in
1055 2522 1151 2575 foro
1174 2524 1471 2575 maqistratum
1492 2527 1666 2577 yererelss
1701 2535 1786 2562 rem

182 2594 391 2648 publicam
429 2594 762 2634 adme‘m'straret.
812 2593 973 2634 Verum
1009 2593 1132 2634 codd.
1167 2592 1479 2646 (praeterquam
1512 2593 1628 2645 quod
1660 2605 1789 2634 voces

185 2671 229 2705 w}
263 2679 288 2704 ιι
320 2665 408 2705 suis
440 2666 624 2705 munitus
657 2678 799 2705 errore
841 2667 1098 2718 repetuntur
1138 2664 1289 2705 eodem
1332 2664 1475 2713 modo,
1526 2676 1611 2716 quo
1644 2663 1683 2711 5,
1736 2663 1788 2703 13

226 2839 252 2883 1)
280 2839 413 2883 [Immo
440 2840 469 2873 is
496 2850 641 2883 quoque
668 2839 779 2873 habet
805 2842 837 2873 is
865 2842 906 2874 P.
934 2839 992 2883 R]

224 2898 252 2942 ²)
279 2900 350 2933 Nec
376 2911 397 2933 a
422 2900 568 2943 vulgata
603 2898 793 2932 discedunt
827 2898 922 2941 [Par.
956 2898 1006 2942 et]
1040 2900 1173 2934 Bernn.
1231 2898 1321 2932 Nam
1355 2900 1409 2932 illi
1441 2904 1472 2932 et
1503 2900 1546 2932 R.
1581 2901 1704 2942 aperte
1737 2900 1790 2930 est

283 2960 340 2992 ille
366 2964 423 2999 tr„
451 2958 485 2991 id
513 2961 576 2998 est,
604 2958 781 2991 tribunus.

1904 79 1911 103 --
1892 55 1911 74 'l
1893 0 1915 44 :112
