1915 3235
700 1047 870 1108 XVIII
910 1045 1027 1109 (VI).

311 1159 392 1219 De
430 1161 700 1220 tribunis
739 1162 978 1221 aerariis
1018 1161 1418 1238 disputatio.²)

187 1350 494 1430 Tribunorum
529 1389 777 1429 aerariorum
813 1401 974 1429 nomen
1005 1401 1134 1429 nemo
1167 1387 1256 1429 fere
1290 1391 1367 1438 est,
1402 1389 1474 1441 qui
1499 1389 1662 1431 litteras
1684 1403 1735 1427 242

73 1460 115 1499 et
145 1458 341 1499 instituta
372 1459 671 1500 Romanorum
705 1459 771 1500 vel
804 1459 955 1500 leviter
988 1459 1140 1512 attigit,
1190 1460 1293 1512 quin
1333 1462 1374 1500 et
1407 1459 1590 1500 audierit
1623 1463 1662 1501 et

70 1528 219 1581 legerit
250 1530 381 1581 atque
412 1529 516 1570 illud
557 1529 685 1570 etiam
728 1530 985 1582 cognoverit,
1035 1543 1107 1571 eos
1147 1530 1290 1582 aliquo
1329 1533 1524 1583 tempore
1567 1544 1664 1572 cum

69 1598 342 1640 senatoribus
376 1602 418 1641 et
450 1600 666 1653 equitibus
693 1600 903 1641 Romanis
936 1600 1063 1642 tertia
1097 1613 1148 1641 ex
1180 1603 1304 1653 parte
1335 1615 1404 1642 res
1437 1602 1662 1651 iudicasse,

66 1682 147 1710 nec
194 1682 291 1710 eam
338 1670 399 1711 rei
445 1671 630 1723 publicae
676 1673 844 1723 partein
887 1684 959 1712 eos
997 1671 1041 1711 in
1079 1671 1367 1713 remotissima
1408 1673 1663 1725 antiquitate

68 1741 270 1791 tenuisse,
318 1743 439 1783 cuius
482 1743 635 1795 exigua
677 1743 865 1794 supersit
903 1742 1127 1791 memoria,
1176 1742 1253 1783 sed
1293 1756 1343 1784 ea
1376 1745 1517 1792 aetate,
1567 1757 1663 1796 quae

68 1812 155 1852 suis
202 1812 297 1864 ipsa
343 1814 634 1853 monumentis
680 1812 881 1854 notitiam
928 1812 993 1853 sui
1041 1812 1095 1853 ad
1135 1826 1213 1854 nos
1253 1815 1515 1866 propagarit.
1578 1815 1662 1867 Ipsi

67 1884 216 1923 tamen
262 1883 320 1923 1111
366 1883 563 1924 homines
612 1884 683 1936 qui
732 1883 890 1924 fuerint
930 1888 972 1924 et
1011 1896 1141 1936 quam
1185 1883 1230 1924 id
1260 1897 1420 1925 nomen
1451 1884 1663 1926 rationem

68 1952 243 2003 habeat,
277 1966 331 1994 ne
364 1953 478 1995 docti
510 1954 683 2006 quidem
718 1954 796 1995 viri
828 1955 937 1995 scire
971 1956 1047 1994 aut
1078 1954 1184 1995 satis
1218 1955 1424 2007 quaesisse
1448 1955 1660 2005 videntur,

68 2036 209 2076 neque
240 2024 443 2077 philologi
475 2037 616 2077 neque
649 2025 720 2077 qui
760 2025 825 2066 ius
866 2025 1115 2066 Romanum
1155 2025 1494 2078 interpretantur
1527 2025 1662 2080 (utro-

69 2107 251 2147 rumque
284 2095 398 2136 enim
430 2096 669 2137 communis
701 2095 769 2136 hic
804 2098 868 2137 est
900 2094 1049 2148 100115),
1089 2096 1166 2136 sed
1206 2095 1417 2138 eiusmodi
1449 2099 1663 2139 sententia

71 2165 260 2206 contenti
302 2165 447 2216 fuisse,
497 2180 593 2219 quae
636 2169 677 2208 et
719 2180 811 2208 rem
855 2167 995 2220 ipsam
1040 2168 1271 2208 obscuram
1311 2180 1361 2208 ac
1394 2167 1662 2209 dubitatione

69 2235 335 2288 implicatam
381 2237 597 2290 relinquat
644 2240 698 2288 et,
747 2238 781 2278 si
824 2238 1001 2290 propius
1042 2237 1290 2290 adspexeris
1334 2240 1375 2278 et,
1413 2239 1661 2288 tentaveris,

70 2307 297 2359 perspicue
344 2307 454 2348 falsa
501 2308 754 2361 reperiatur.
818 2309 967 2361 Itaque
1015 2309 1135 2350 iuvat
1184 2309 1368 2351 certiora
1415 2311 1457 2349 et
1495 2309 1663 2350 veriora

71 2377 307 2430 exquirere,
349 2391 483 2431 quum
522 2379 762 2432 praesertim
794 2380 888 2420 haec
921 2379 1101 2432 quaestio
1135 2381 1176 2420 et
1210 2379 1265 2420 ad
1297 2379 1544 2420 universam
1576 2378 1663 2421 for-

110 2563 141 2608 ¹)
167 2564 287 2608 [Edita
312 2577 343 2601 a.
371 2566 462 2600 1838
487 2567 646 2601 ineunte.
699 2566 903 2601 Sententias
939 2566 983 2600 de
1009 2565 1163 2600 tribunis
1189 2566 1324 2600 aerariis
1350 2578 1370 2600 a
1398 2578 1455 2601 1116
1482 2566 1664 2610 expositas

163 2624 238 2659 fere
265 2636 403 2667 omnes,
461 2626 499 2660 u'i
524 2626 619 2660 hanc
644 2636 723 2660 rem
748 2636 799 2659 nu
827 2636 865 2658 er
891 2624 957 2658 atti
983 2628 1099 2666 erunt,
1132 2626 1246 2659 secuti
1278 2629 1374 2660 sunt.
1424 2626 1578 2660 Easdem
1606 2637 1664 2660 me

163 2694 236 2717 non
263 2637 459 2719 nominat}
476 2684 704 2729 Goettlingius
736 2636 857 2728 posiiit
889 2683 925 2717 in
958 2635 1108 2718 lgiistoria
1139 2684 1389 2719 institutorum
1420 2684 1471 2718 rei
1499 2697 1531 2728 p.
1557 2684 1662 2718 Rom.

163 2740 392 2784 (Geschichte
418 2744 482 2778 der
507 2743 712 2778 romischen
739 2740 1087 2787 Staatsverfassung)
1113 2754 1147 2787 p.
1165 2742 1235 2776 367
1261 2746 1297 2778 et
1322 2755 1355 2788 p.
1373 2743 1453 2785 475,
1481 2743 1549 2777 nisi
1567 2743 1663 2787 quod

163 2801 281 2845 priore
307 2801 385 2836 loco
411 2803 579 2846 quaedam
605 2802 649 2836 de
675 2801 913 2846 patriciorum
939 2805 974 2836 et
999 2801 1228 2846 plebeiorum
1254 2802 1461 2836 discrimine
1487 2802 1563 2836 sine
1590 2802 1663 2836 ullo

163 2859 371 2894 testimonio
397 2861 544 2895 addidit.
591 2859 709 2902 1842]
761 2858 866 2903 [Quae
892 2860 1152 2895 Mommsenius
1178 2861 1215 2895 in
1241 2861 1332 2895 libro
1358 2861 1423 2894 Die
1443 2860 1663 2894 Romischen

163 2917 293 2952 Tribus
325 2930 358 2962 p.
386 2918 431 2952 52
457 2931 533 2964 sqq.
570 2923 696 2954 contra
733 2918 875 2963 scripsit
913 2919 1062 2964 ipseque
1100 2922 1136 2954 et
1173 2920 1234 2954 alii
1271 2923 1397 2964 postea
1437 2923 1662 2960 recoxerunt,

163 2976 250 3011 satis
276 2977 431 3012 refutavi
456 2978 493 3012 in
519 2989 628 3022 opere
654 2978 698 3012 de
724 2977 899 3012 institutis
926 2977 977 3012 rei
1002 2977 1157 3022 publicae
1182 2979 1358 3012 Romanae
1384 2977 1400 3011 1
1426 2989 1460 3022 p.
1488 2975 1582 3020 185]
