1915 3235
986 99 1070 140 738

345 227 366 280 ξ,
394 229 477 269 114
508 229 552 269 in
584 228 803 269 codicibus
838 231 880 270 et
911 229 1171 270 editionibus
1205 228 1264 269 sic
1295 229 1504 282 scriptum
1535 232 1618 270 est:
1652 229 1700 270 Si
1722 229 1832 271 hanc

226 300 262 339 ei
295 297 364 352 (T.
398 297 573 351 Roscio)
607 313 695 339 rem
720 300 927 353 privatim
961 299 1054 340 Sex.
1094 299 1271 340 Roscius
1308 300 1615 353 mandavisset,
1656 305 1701 341 at
1739 315 1830 342 cum,

228 369 774 424 Chrysoyono—deeideret,
810 371 932 425 inque
964 384 1056 411 eam
1088 384 1177 411 rem
1205 370 1333 424 fidem
1354 372 1830 425 suam—interponeret,

224 441 285 481 «ill
294 455 312 481 e
319 474 331 494 ,
373 442 458 496 qui
498 455 582 481 sese
612 440 830 493 factarum
864 442 1091 495 recepisset,
1132 455 1279 495 nonne,
1319 443 1356 483 si
1389 456 1438 482 ex
1470 456 1512 482 eo
1544 443 1704 497 negyotio
1737 447 1830 484 tan-

223 512 355 553 talum
390 513 434 552 in
466 525 552 553 rem
584 526 702 553 suam
738 514 1012 564 convertisset,
1061 512 1291 554 damnatas
1323 527 1405 566 per
1438 512 1830 555 arbitrum—hone-

222 588 370 624 statem
402 596 560 624 omnem
604 583 840 624 mitteret?
884 583 1026 624 Facile
1066 587 1250 636 apparet
1288 583 1532 636 diligentius
1574 584 1828 635 attendenti,

223 654 386 706 aliquid
419 667 512 695 esse
546 654 656 703 vitii3
699 667 802 695 nam
843 654 903 695 sic
942 667 1141 707 personae
1180 654 1346 695 notatio
1385 653 1485 707 (ille,
1529 654 1617 710 qai)
1656 669 1829 709 praepo-

221 725 338 766 nitur
375 725 599 778 particulae
640 725 981 778 interrogativae,
1031 726 1155 778 quasi
1196 725 1239 766 in
1278 725 1350 766 illa
1390 726 1561 778 pondus
1602 727 1829 769 sententiae

222 796 288 845 sit,
331 796 446 849 quod
488 798 637 837 contra
678 799 762 844 est;
810 798 901 837 tum
937 796 1144 838 orationis
1184 796 1325 838 forma
1357 797 1545 849 primum
1586 797 1829 839 auditorem

222 866 515 919 lectoremque
549 867 720 920 decipit,
753 870 964 920 tanquam
1007 881 1121 908 nova
1152 880 1341 920 persona
1381 868 1623 920 inducatur,
1673 869 1829 911 deinde

222 940 383 987 autem,
425 939 632 990 quoniam
666 938 819 979 eadem
861 941 926 979 est
965 951 1164 990 persona,
1206 952 1343 991 prava
1375 939 1569 981 nascitur
1601 941 1829 982 sententiae

221 1009 413 1050 relativae
448 1009 631 1050 causalis
671 1009 947 1062 significatio3
995 1023 1136 1063 neque
1176 1009 1292 1050 enim
1332 1009 1493 1051 dictum
1535 1013 1612 1061 est,
1655 1011 1705 1052 T.
1738 1011 1829 1053 Ro-

221 1081 358 1121 scium
401 1093 492 1121 rem
535 1081 764 1133 recepisse.
828 1081 1111 1134 Perspicuum
1155 1083 1232 1131 est,
1283 1081 1581 1123 condicionem
1625 1084 1685 1124 sic
1726 1084 1829 1136 poni

222 1152 395 1192 debere.
436 1154 482 1192 ut
522 1151 785 1204 significetur
823 1165 892 1192 res
931 1153 1156 1204 utriusque
1190 1164 1402 1193 consensu
1436 1154 1585 1204 pacta:
1636 1153 1684 1194 Si
1720 1153 1830 1195 hane

221 1237 307 1263 rem
342 1225 379 1263 6ιῖ
413 1222 505 1263 Sem.
540 1223 716 1263 Roscius
748 1222 990 1264 mandasset
1022 1247 1075 1250 —
1110 1223 1298 1277 illeque
1331 1222 1401 1275 (T.
1434 1222 1637 1276 Roscius)
1672 1247 1725 1251 ——
1759 1238 1827 1265 re-

221 1295 402 1348 cepisset,
436 1307 570 1335 nonne
604 1294 689 1334 —12
733 1294 885 1346 Itaque
917 1307 1051 1335 unam
1084 1294 1274 1335 litteram
1307 1294 1474 1335 mutavi
1508 1294 1545 1347 (6
1577 1309 1655 1348 pro
1687 1294 1736 1349 i).

340 1365 386 1406 In
422 1365 703 1415 Catilinarits,
739 1378 873 1417 quum
906 1365 1095 1418 primum
1129 1378 1202 1406 eas
1236 1365 1363 1415 edidi,
1398 1366 1605 1406 standum
1637 1366 1827 1419 plerum-

220 1449 304 1489 que
337 1439 443 1483 erat,
478 1436 635 1489 quibus
669 1437 799 1477 ceteri
831 1438 1055 1486 steterant,
1088 1436 1346 1477 testimoniis
1369 1436 1564 1478 codicum
1588 1437 1828 1478 recentium

219 1520 463 1560 parumque
497 1507 723 1560 diligenter
756 1508 1026 1557 collatorum,
1061 1507 1114 1548 de
1147 1520 1232 1560 quo
1254 1509 1348 1548 tum
1372 1509 1551 1559 questus
1573 1521 1692 1555 sum3
1724 1521 1827 1549 nam

220 1579 485 1631 antiquiores
519 1581 562 1619 et
593 1579 918 1631 praestantiores
952 1591 1051 1619 raro
1085 1578 1556 1630 commemorabantur,
1598 1579 1826 1620 Colonien-

219 1650 277 1690 sis
325 1662 350 1690 a
399 1649 610 1691 Gulielmo
650 1652 692 1691 et
731 1650 887 1699 Modio,
938 1649 1274 1702 Tegernseensis
1323 1651 1365 1689 et
1412 1649 1753 1703 Salisburgensis
1802 1663 1827 1692 a

220 1720 511 1761 Steinmetzio.
559 1721 725 1762 Deinde
748 1720 932 1762 Orellius
966 1734 1004 1761 a.
1033 1721 1143 1762 1836
1177 1720 1221 1761 in
1254 1720 1442 1761 editione
1471 1721 1547 1762 XV
1580 1721 1826 1762 orationum

219 1791 478 1832 selectarum
511 1791 696 1833 duorum
730 1792 926 1833 codicum
959 1793 1195 1844 scripturas
1228 1791 1418 1844 integras
1458 1791 1675 1844 evulgavit
1713 1792 1826 1833 anti-

219 1862 384 1914 quitate
418 1864 460 1903 et
491 1863 764 1904 memorabili
804 1863 848 1903 in
878 1863 1042 1916 aliquot
1079 1863 1183 1904 locis
1221 1863 1432 1903 varietate
1472 1863 1826 1916 proprietateque

217 1931 343 1985 longe
376 1945 401 1973 a
433 1933 677 1985 vulgarium
710 1947 838 1986 grege
870 1936 1151 1983 remotorum,
1199 1933 1545 1986 Rhenaugiensis
1579 1932 1695 1987 (saec.
1728 1933 1824 1984 XII;

217 2003 380 2044 notabo
421 2016 518 2044 cum
562 2004 737 2046 Halmio
780 2004 922 2046 littera
964 2004 1002 2057 ν)
1046 2006 1089 2045 et
1132 2004 1471 2057 Tegernseensis
1516 2003 1633 2057 (saec.
1666 2004 1736 2054 XI,
1777 2003 1823 2057 t),

218 2087 401 2126 quorum
434 2074 693 2116 testimoniis
725 2075 768 2116 in
802 2076 939 2116 altera
980 2075 1168 2116 editione
1207 2075 1267 2116 ita
1306 2088 1410 2116 usus
1451 2089 1560 2125 sum,
1610 2080 1671 2125 ut,
1722 2075 1825 2129 quid

218 2146 332 2185 esset
371 2144 652 2186 dubitationis
695 2148 737 2187 et
777 2146 1001 2194 cautionis,
1051 2150 1092 2187 et
1139 2146 1421 2199 intelligerem
1471 2148 1514 2187 et
1562 2146 1824 2199 explicarem

312 2286 543 2320 coniunctivo
577 2287 813 2331 hypothetico
847 2288 892 2321 ab
924 2293 964 2321 at
994 2287 1178 2332 pendente
1210 2286 1282 2321 vid.
1315 2287 1433 2321 Madv.
1461 2286 1593 2331 Opusc.
1621 2287 1653 2321 II
1678 2299 1714 2332 p.
1741 2285 1822 2322 228.

311 2345 438 2388 Itaque
479 2345 574 2379 edidi
600 2357 736 2389 posses.
776 2366 819 2369 —
859 2347 910 2380 Ex
943 2346 1043 2390 praef.
1076 2346 1131 2380 ed.
1166 2345 1204 2379 ὃς
1237 2344 1258 2387 ξ
1286 2345 1353 2379 102
1387 2345 1555 2380 Halmius
1586 2346 1624 2380 in
1657 2346 1713 2380 his
1745 2357 1823 2380 ver-

311 2404 382 2438 bis:
409 2410 449 2438 ut
474 2407 513 2438 in
538 2407 698 2438 minimis
723 2406 829 2439 rebus
854 2406 1013 2439 homines
1039 2406 1257 2448 amplissimi
1281 2407 1523 2439 testimonium
1547 2406 1589 2439 de
1606 2416 1675 2439 sua
1692 2417 1732 2439 re
1750 2417 1823 2440 non

311 2464 468 2496 dicerent
493 2467 578 2498 ante
605 2466 642 2497 ιή
667 2466 828 2498 minimis
853 2464 992 2498 addidit
1008 2466 1070 2506 vel,
1098 2475 1144 2498 ne
1170 2464 1247 2498 haec
1264 2464 1447 2501 sententia
1464 2467 1570 2506 esset,
1596 2464 1633 2498 in
1651 2463 1822 2498 maximis

311 2525 456 2555 tantum
494 2523 603 2556 rebus
641 2523 808 2557 homines
846 2522 1090 2567 amplissimos
1128 2523 1381 2557 testimonium
1427 2523 1471 2557 de
1509 2534 1576 2557 sua
1612 2534 1651 2557 re
1690 2523 1820 2557 dicere.

311 2581 446 2614 Verum
475 2592 517 2614 ea
543 2582 724 2616 sententia
750 2586 828 2616 tum
855 2582 1004 2616 demum
1031 2582 1207 2623 subesset,
1234 2582 1263 2616 si
1290 2582 1414 2616 Cicero
1440 2581 1658 2626 scripsisset:
1685 2587 1725 2616 ut
1748 2593 1821 2617 non

313 2641 350 2672 in
382 2641 541 2673 minimis
572 2641 679 2674 rebus
712 2668 718 2674 .
747 2667 754 2674 .
783 2668 790 2674 .
823 2642 995 2681 dicerenQ
1034 2652 1101 2675 nec
1134 2640 1257 2675 Cicero
1289 2642 1342 2674 vel
1372 2642 1411 2674 in
1443 2642 1603 2675 minimis
1637 2668 1644 2675 .
1672 2668 1680 2675 .
1708 2668 1715 2675 .
1748 2652 1821 2676 non

311 2700 467 2732 dicerent
498 2699 688 2742 posuisset,
727 2700 790 2733 sed
823 2711 865 2733 ne
897 2702 935 2734 in
967 2702 1127 2734 minimis
1159 2702 1310 2744 quidem.
1361 2701 1497 2734 Verum
1523 2700 1592 2734 hoc
1617 2699 1739 2744 ipsum
1765 2710 1818 2742 ea,

312 2768 384 2800 qua
410 2768 496 2791 usus
523 2761 587 2798 est,
621 2758 794 2792 orationis
827 2759 945 2792 forma
970 2758 1203 2802 significatur,
1242 2759 1554 2803 quemadmodum
1580 2758 1601 2801 ἓ
1628 2758 1672 2792 77
1698 2758 1819 2793 scribi-

312 2819 386 2849 tur:
426 2827 521 2849 unas
540 2827 637 2859 puer
663 2843 670 2850 .
698 2843 705 2850 .
735 2844 740 2850 .
777 2818 857 2851 Sex.
883 2819 1010 2852 Roscio
1035 2819 1180 2852 relictas
1205 2830 1278 2853 non
1303 2824 1362 2860 est,
1402 2819 1446 2852 de
1473 2829 1544 2862 quo
1570 2818 1649 2852 loco
1675 2828 1818 2862 compa-

311 2874 426 2908 rando
453 2874 645 2918 Siesbyeus
672 2886 730 2908 me
757 2876 958 2918 admonuit,
990 2876 1231 2921 similiterque
1259 2878 1302 2912 de
1328 2888 1428 2922 prov.
1457 2887 1553 2911 cons.
1581 2874 1602 2919 ἓ
1630 2875 1665 2910 7:
1704 2887 1818 2910 unum

311 2935 455 2976 signam
482 2959 490 2967 .
518 2960 524 2967 .
554 2960 560 2967 .
589 2934 727 2967 nullum
752 2935 930 2969 haberent.

1912 2699 1915 2716 4

1912 2861 1915 2875 1

1905 2884 1915 2923 ss

1905 2924 1915 2999 ἔ,
