1915 3235
166 1954 217 1980 325

991 112 1077 153 264

239 245 365 285 1101115
408 243 709 295 supplementa
750 242 967 291 conferre3
1015 255 1119 283 nam
1161 241 1437 281 Verrinarum
1478 237 1692 280 Ciceronis
1734 250 1830 279 ora-

238 315 403 356 tionum
442 314 557 354 locos
603 313 765 366 aliquot
813 313 1001 367 expolire
1048 313 1092 354 in
1139 311 1284 353 animo
1333 315 1411 359 est,
1460 322 1568 361 quas
1615 308 1831 350 orationes

239 386 284 427 C.
319 386 369 426 T.
403 385 640 437 Zumptius,
674 385 738 425 vir
771 384 1056 434 doctissimus,
1090 385 1150 425 ita
1182 382 1409 431 recensuit,
1442 382 1490 421 ut
1515 380 1698 422 eandem
1730 392 1832 421 auc-

238 456 459 497 toritatem
493 455 763 508 eandemque
803 457 1016 497 rationem
1055 456 1322 507 sequeretur,
1373 465 1503 505 quam
1544 451 1635 504 ipse
1673 452 1832 505 proba-

239 540 387 567 veram
421 525 481 578 (in
515 525 637 578 epist.
664 526 754 567 crit.
789 526 844 567 ad
862 526 1068 567 Orellium
1103 528 1144 566 et
1177 525 1219 565 in
1246 522 1548 577 disputationis
1572 522 1624 563 de
1647 522 1833 565 Asconio

238 597 429 639 Pediano
472 596 713 650 appendice
746 598 836 638 crit.
871 610 910 638 a.
947 597 1058 638 182&
1093 595 1248 648 editis),
1298 595 1375 636 sed
1415 596 1457 635 et
1495 594 1632 642 multo
1671 595 1834 636 maiore

238 670 431 710 uteretur
463 670 679 720 apparatu
712 672 765 717 et,
800 668 916 721 quod
949 681 1027 720 ego
1059 669 1230 708 tantum
1262 666 1305 707 in
1338 664 1541 707 extremis
1565 664 1683 707 libris
1707 679 1834 707 accu-

238 739 373 780 ratius
406 740 449 779 in
480 738 709 791 praecipuis
748 738 850 780 locis
889 739 1090 791 persequi
1131 740 1373 790 potueram,
1423 735 1523 789 quia
1572 736 1615 777 in
1662 737 1834 790 reliquis

238 811 575 852 instrumentum
623 809 816 851 criticum
866 810 1106 859 deficiebat,
1158 809 1215 850 ad
1261 808 1424 861 priores
1472 819 1642 859 quoque
1691 810 1732 849 et
1779 809 1836 850 ad

238 894 412 922 omnem
445 883 612 922 textum
645 878 960 933 transferret.¹)
1024 881 1071 921 In
1103 893 1187 933 quo
1220 879 1391 932 negotio
1432 891 1578 930 quum,
1622 879 1709 931 suis
1748 879 1835 921 iam

238 951 485 1004 compositis
520 956 561 993 et
593 966 717 1005 paene
749 953 1020 1007 typographo
1053 951 1236 1001 traditis,
1270 963 1369 991 mea
1402 962 1572 1002 quoque
1607 962 1835 1003 compara—

237 1025 314 1073 ret,
364 1024 451 1064 suis
492 1023 746 1076 plerumque
788 1025 1092 1072 consentanea,
1142 1022 1184 1063 in
1224 1019 1494 1074 paucissimis
1533 1020 1635 1062 10015
1669 1021 1834 1063 dissen-

237 1094 361 1144 tiens,
402 1096 563 1143 tamen,
604 1095 749 1136 nescio
782 1109 866 1148 quo
899 1108 1015 1145 casu,
1056 1095 1100 1135 in
1132 1106 1217 1134 uno
1251 1094 1293 1133 et
1326 1091 1460 1133 altero
1494 1090 1586 1133 loco
1620 1092 1751 1134 etiam
1784 1106 1836 1135 ex

237 1164 300 1215 iis,
335 1166 406 1218 qui
439 1165 481 1205 in
515 1165 695 1218 epistola
728 1167 939 1207 maturius
965 1165 1021 1207 ad
1045 1178 1145 1206 eum
1171 1164 1303 1205 allata
1325 1162 1499 1204 tractati
1524 1165 1637 1214 sunt,
1673 1176 1835 1213 eorum,

238 1250 334 1289 quae
368 1250 393 1278 a
426 1250 494 1277 me
528 1238 724 1289 exposita
757 1240 893 1284 erant,
934 1236 1147 1277 rationem
1179 1247 1266 1276 non
1298 1234 1464 1282 habuit,
1513 1245 1647 1285 quum
1688 1235 1837 1275 tamen

237 1320 377 1360 neque
410 1307 653 1349 dissensum
697 1308 957 1361 significaret
998 1319 1152 1359 neque,
1201 1308 1247 1346 ut
1292 1304 1456 1358 opinor,
1507 1303 1753 1346 dissentiret
1794 1304 1837 1345 in

238 1379 438 1420 omnibus
473 1381 607 1427 certe;
656 1379 781 1420 nimis
821 1379 935 1420 enim
977 1381 1041 1419 est
1073 1378 1116 1418 in
1148 1376 1363 1418 nonnullis
1396 1376 1625 1428 perspicua
1656 1389 1747 1425 res;
1794 1376 1838 1417 in

237 1463 323 1491 uno
357 1449 532 1502 quidem
565 1450 670 1499 loco,
707 1451 876 1491 etiamsi
908 1462 1037 1490 nemo
1070 1449 1123 1489 de
1163 1461 1214 1489 ea
1245 1460 1292 1489 re
1333 1447 1523 1496 dixisset,
1564 1448 1714 1488 tamen
1747 1446 1837 1488 edi-

237 1521 318 1561 tori
351 1520 513 1573 aliquid
546 1524 638 1562 erat
670 1521 982 1563 annotandum.
1046 1519 1157 1560 Nam
1190 1519 1233 1560 in
1265 1519 1361 1559 libr.
1390 1518 1438 1567 V,
1476 1517 1542 1567 16,
1575 1517 1633 1558 40
1664 1531 1743 1570 pro
1772 1531 1835 1568 eo,

238 1591 353 1644 quod
385 1591 594 1644 scriptum
628 1595 720 1633 erat
751 1605 993 1646 responsum
1025 1591 1187 1631 nullum
1219 1589 1385 1638 dedisti,
1430 1587 1708 1629 scribendum
1741 1601 1837 1630 esse

237 1676 480 1717 responsum
527 1662 693 1716 dedisti,
743 1676 994 1717 quanquam
1041 1662 1091 1703 iis
1140 1660 1404 1713 argumentis
1452 1659 1559 1700 evici
1599 1658 1742 1713 (epist.
1782 1660 1838 1701 ad

238 1734 367 1775 Orell.
400 1748 442 1787 p.
475 1732 563 1787 41),
604 1736 652 1775 ut
695 1736 845 1775 contra
877 1733 959 1774 dici
991 1734 1062 1774 vix
1095 1735 1226 1785 queat
1259 1730 1319 1784 (et
1351 1730 1583 1772 obsecutus
1618 1734 1683 1772 est
1715 1730 1836 1772 Orel-

237 1805 317 1846 lius
351 1806 394 1846 in
427 1805 613 1846 editione
646 1804 849 1857 singulari
875 1805 970 1845 libri
997 1802 1164 1857 quinti),
1198 1806 1358 1852 tamen,
1394 1801 1428 1842 si
1452 1801 1653 1843 dissensit
1677 1802 1836 1855 Zump-

237 1876 333 1924 tius,
384 1889 486 1917 casu
526 1876 690 1917 factum
724 1889 816 1917 esse
857 1876 999 1925 debet,
1050 1878 1098 1916 ut
1143 1875 1255 1915 hanc
1305 1872 1461 1914 codicis
1510 1873 1600 1913 eius
1648 1872 1835 1921 familiae,

238 1960 369 1999 quam
402 1947 609 1999 sequitur,
642 1947 988 2000 praestantissimi
1022 1951 1063 1987 et
1088 1945 1307 1986 Leidensis
1339 1943 1667 1985 memorabilem
1701 1943 1835 1997 scrip-

239 2019 380 2058 turam
413 2017 588 2059 omnino
620 2031 707 2059 non
739 2020 980 2067 annotaret,
1030 2031 1161 2070 quam
1203 2029 1279 2069 ego
1319 2016 1390 2056 Vix
1428 2014 1620 2056 adducor
1661 2015 1763 2067 quin
1795 2015 1838 2055 in

239 2087 586 2141 Guelferbytanis
620 2102 792 2142 quoque
825 2088 1044 2131 codicibus
1073 2101 1172 2129 eum
1196 2089 1470 2140 reperturum
1496 2085 1627 2126 fuisse
1646 2085 1834 2134 credam,

239 2160 352 2199 certe
385 2158 428 2199 in
461 2159 596 2200 altero
630 2172 793 2201 eorum.
856 2160 944 2200 Nec
977 2159 1176 2200 dubitare
1216 2171 1407 2211 possum,
1456 2156 1560 2209 quin
1598 2156 1835 2210 Zumptius,

239 2230 319 2271 nisi
353 2243 455 2271 casu
488 2230 827 2271 admonitionem
859 2230 1131 2283 neglexisset,
1165 2229 1458 2270 intellecturus
1493 2227 1632 2277 fuerit,
1666 2227 1710 2268 in
1741 2227 1836 2269 libr.

238 2301 305 2351 IV,
340 2301 408 2350 64,
446 2302 527 2342 143
552 2301 888 2354 transpositione
912 2301 1159 2342 Victoriana
1192 2303 1342 2341 contra
1374 2311 1524 2341 omnes
1550 2298 1672 2340 codd.
1701 2298 1836 2340 facta:

240 2385 357 2426 quem
390 2385 439 2412 ‘ne
471 2372 610 2413 nudus
642 2372 807 2427 quidem
837 2372 953 2425 filius
985 2370 1080 2425 (pro
1112 2385 1162 2412 ne
1195 2384 1312 2426 quem
1337 2370 1476 2411 nudus
1500 2368 1666 2424 quidem
1690 2367 1836 2422 filius),

240 2435 371 2494 quam
418 2442 604 2495 reliquos
653 2443 839 2484 editores
879 2456 1064 2496 sequens
1110 2442 1394 2484 certissimam
1435 2441 1727 2482 coniecturam
1760 2454 1837 2494 ap-

240 2513 383 2566 pellat,
423 2526 599 2566 prorsus
634 2515 767 2555 everti
801 2516 843 2555 et
875 2514 1080 2555 orationis
1114 2513 1299 2555 formam
1334 2514 1375 2553 et
1408 2511 1682 2562 sententiam,
1723 2512 1839 2564 quod

242 2585 285 2624 et
331 2583 590 2625 Garatonius
638 2585 769 2626 sensit
819 2587 861 2626 et
915 2598 993 2638 ego
1049 2583 1343 2626 demonstravi
1396 2582 1439 2623 in
1488 2596 1555 2635 ep.
1604 2583 1660 2624 ad
1707 2582 1836 2624 Orell.

279 2758 306 2802 ¹)
333 2760 480 2794 Nitebar
531 2771 594 2804 ego
645 2772 718 2795 una
768 2761 958 2795 collatione
1003 2761 1134 2795 codicis
1180 2759 1390 2795 Parisiensis
1434 2758 1480 2792 ab
1524 2758 1645 2802 ignoto
1690 2758 1837 2792 homine

337 2819 432 2854 facta
463 2822 498 2853 et
531 2819 582 2859 iis⁷
623 2830 702 2862 quae
735 2819 794 2853 3111
826 2830 956 2864 parum
989 2820 1178 2864 diligenter
1212 2830 1255 2854 ex
1287 2817 1465 2852 similibus
1498 2817 1680 2851 codicibus
1715 2820 1837 2852 enota-

336 2883 472 2913 verant.
970 2890 971 2893 ¹
