1915 3235
807 178 891 220 229

61 305 271 355 Tiburtes
297 313 420 360 esset⁷
460 312 620 359 tamen,
669 309 703 350 si
735 309 828 362 quis
862 307 963 349 civis
994 308 1218 350 Romanus
1249 300 1461 355 praedium
1493 299 1536 340 in
1569 297 1643 339 Ti—

60 384 175 426 burti
222 396 324 436 agro
362 380 613 435 possideret,
664 380 753 420 eius
800 392 887 421 non
933 392 985 420 ex
1031 380 1122 421 iure
1169 381 1398 432 Quiritium
1445 371 1644 413 dOffliHUS

61 457 185 504 esset,
234 453 311 495 sed
354 465 406 493 ex
448 452 538 493 iure
582 450 842 492 Tiburtium.
904 449 1010 491 Haec
1049 454 1113 492 est
1152 453 1264 494 enim
1306 449 1551 495 commercii
1581 449 1646 490 vis

60 520 314 577 (reciproca)
346 521 457 563 inter
488 521 669 575 populos
702 517 996 572 foederatos.¹)
1044 521 1130 562 Sed
1160 526 1209 564 ut
1238 524 1454 577 plerisque
1484 521 1646 563 Latinis

61 597 103 636 et
149 593 272 635 sociis
319 590 505 646 antiquis
545 591 850 633 commercium
889 604 976 632 non
1014 591 1145 633 fuisse
1187 596 1350 647 putem,
1400 595 1514 634 certe
1559 603 1648 633 non

59 665 234 718 plenum
269 663 388 717 (nam
420 663 463 704 in
494 676 581 704 una
614 664 656 703 et
679 661 815 703 altera
838 674 884 702 re
908 662 1203 715 exceptionem
1228 665 1416 718 aliquam
1442 660 1647 715 singulari

59 736 151 789 lege
200 734 477 776 constitutam
524 733 705 775 fortasse
753 733 883 774 fuisse
929 746 1016 774 non
1062 733 1203 787 nego),
1251 738 1297 776 ut
1343 735 1407 784 id,
1455 735 1646 786 inquam,

60 809 222 860 putem,
256 807 401 846 movet
431 817 514 854 me,
549 803 621 856 qui
653 803 758 845 alios
791 803 936 854 movit,
981 803 1196 846 Ciceronis
1229 806 1346 848 locus
1378 806 1422 846 in
1454 804 1648 846 oratione

59 891 137 931 pro
171 876 340 917 Caecina
373 888 407 916 c.
427 875 494 925 33,
532 875 615 916 102
628 871 675 927 ²),
710 874 783 916 ubi
817 887 948 927 quum
982 876 1209 918 nonnullos
1241 890 1319 930 per
1352 876 1647 928 exceptionem

61 947 365 989 commercium
397 945 602 987 habuisse
629 945 754 995 dicat,
789 945 914 998 vulgo
936 958 1023 986 non
1046 945 1250 988 habuisse
1276 949 1471 1000 apparet.
1520 944 1648 999 (Nam

61 1019 115 1060 ad
150 1017 453 1060 commercium
486 1016 671 1069 pertinet
703 1018 841 1057 totum
873 1016 1164 1057 hereditatum
1209 1020 1251 1058 et
1288 1018 1649 1059 testamentorum

61 1091 138 1131 ius.
174 1101 356 1141 eamque
389 1087 479 1128 eius
511 1089 681 1140 partem
713 1086 771 1127 ibi
805 1087 952 1128 Cicero
980 1088 1346 1138 commemoravit,
1381 1087 1496 1140 quod
1521 1086 1573 1127 de
1599 1098 1651 1126 ea

61 1160 270 1213 agebatur
302 1158 345 1200 in
379 1157 559 1199 Caecinae
594 1157 756 1209 causa.)
819 1158 967 1210 Neque
1001 1157 1118 1199 Sulla
1150 1158 1444 1200 Ariminenses
1483 1158 1526 1198 in
1558 1157 1651 1209 lege

61 1231 328 1272 nominasset
359 1241 499 1281 neque
533 1228 679 1269 Cicero
715 1229 775 1269 ita
807 1228 984 1269 dixisset
1016 1228 1138 1281 (XII
1163 1230 1421 1270 coloniarum
1451 1228 1584 1281 fuisse
1617 1231 1653 1267 et

62 1301 310 1341 hereditates
341 1313 487 1354 capere
511 1298 725 1353 potuisse),
774 1298 809 1339 si
850 1312 936 1340 non
979 1299 1193 1352 singulare
1236 1299 1317 1341 hoc
1361 1300 1509 1340 fuisset
1552 1301 1594 1339 et
1626 1311 1652 1339 a

63 1371 279 1413 communi
311 1371 561 1411 Latinorum
595 1369 893 1422 sociorumque
926 1370 1018 1410 iure
1051 1370 1281 1411 diversum.
1331 1370 1540 1420 Quaenam
1568 1368 1654 1410 sint

62 1445 207 1484 autem
256 1441 338 1482 illae
386 1441 611 1482 duodecim
661 1440 836 1481 coloniae
879 1443 920 1481 et
959 1441 1072 1482 unde
1113 1444 1205 1482 orta
1247 1455 1394 1482 earum
1434 1439 1654 1493 praecipua

63 1513 266 1562 condicio,
300 1512 495 1565 ignorare
528 1524 597 1552 me
631 1511 782 1552 fateor.
847 1508 1118 1564 Savigniusss)
1152 1525 1248 1553 eam
1280 1511 1445 1566 praemii
1479 1511 1570 1552 loco
1604 1510 1653 1551 iis
1673 1521 1725 1547 283

64 1584 237 1626 coloniis
270 1584 415 1625 datam
450 1583 650 1636 opinatus
683 1584 761 1631 est,
811 1595 906 1634 quae
945 1582 988 1622 in
1020 1581 1132 1623 bello
1163 1582 1324 1623 Punico
1364 1582 1407 1623 in
1447 1580 1654 1633 obsequio

62 1657 326 1705 manserunt,
375 1654 486 1695 inter
534 1666 640 1706 quas
682 1652 925 1693 Ariminum
974 1652 1072 1701 fuit3
1120 1652 1265 1705 itaque
1313 1666 1390 1705 pro
1439 1652 1655 1692 duodecim

63 1723 173 1779 (XII)
207 1725 323 1779 apud
355 1725 605 1766 Ciceronem
638 1724 913 1765 scribendum
937 1726 1074 1776 putat,
1108 1736 1194 1764 non
1218 1737 1378 1776 magna
1401 1723 1653 1772 mutatione,

63 1796 280 1838 octodecim
313 1794 483 1849 (XIIX);
529 1794 584 1836 ab
617 1795 682 1836 his
717 1795 772 1836 ad
805 1794 1143 1847 Transpadanos
1177 1797 1219 1835 et
1250 1794 1449 1847 reliquos,
1499 1794 1655 1846 quibus

63 1870 215 1921 postea
246 1867 311 1908 ius
343 1866 453 1908 Latii
493 1866 642 1907 datum
684 1868 760 1916 est⁷
810 1868 852 1906 et
891 1865 947 1906 ad
986 1865 1160 1906 Latinos
1199 1865 1399 1906 Iunianos
1439 1864 1483 1905 id
1521 1864 1655 1904 bene-

63 1938 207 1980 ficium
239 1940 541 1990 propagattmi.
604 1936 801 1977 Dubitari
833 1939 980 1977 tamen
1012 1948 1139 1988 posse
1180 1936 1361 1985 videtur,
1400 1949 1504 1976 num
1539 1948 1656 1976 com—

64 2009 211 2050 mercii
245 2021 297 2049 ex
328 2008 419 2049 iure
452 2007 680 2058 Quiritium
714 2007 950 2059 accipiendi
983 2007 1055 2047 illa
1088 2009 1214 2047 aetate
1249 2006 1387 2047 coloni
1419 2005 1656 2058 peregrinae

65 2079 238 2133 originis
272 2080 327 2120 ab
360 2080 468 2120 urbe
501 2082 544 2119 et
576 2078 730 2118 civium
763 2078 943 2130 negotiis
976 2077 1129 2118 remoti
1163 2077 1287 2117 Valde
1316 2076 1458 2129 cupidi
1484 2076 1654 2126 fuerint,

65 2154 112 2192 ut
144 2151 185 2191 id
219 2163 296 2203 pro
328 2149 507 2202 praemio
541 2162 633 2189 esse
666 2149 865 2201 potuerit.
908 2148 1147 2200 praesertim
1190 2148 1307 2188 nulla
1340 2147 1571 2188 accedente
1605 2159 1658 2187 ex

66 2221 279 2263 connubio
314 2223 355 2261 et
387 2219 775 2261 necessitudinibus
808 2219 907 2259 inde
941 2219 1043 2260 ortis
1077 2232 1206 2259 causa
1233 2218 1322 2259 eius
1347 2218 1544 2271 optandi;
1578 2229 1658 2258 nec

66 2292 368 2345 negligendum
401 2291 582 2340 Videtur,
617 2290 796 2339 Livium,
839 2291 910 2343 qui
942 2303 1117 2342 poenam
1151 2288 1324 2331 coloniis
1357 2289 1498 2329 minus
1530 2289 1657 2330 obse-

66 2363 297 2416 quentibus
336 2362 585 2415 impositam
624 2364 773 2402 narrat
813 2360 981 2413 (XXIX,
1034 2358 1123 2411 15),
1171 2359 1338 2412 praemii
1377 2360 1529 2400 ceteris
1569 2359 1658 2400 dati

67 2433 330 2474 mentionem
363 2446 449 2474 non
488 2432 643 2482 facere,
691 2431 840 2485 gratiae
879 2444 904 2472 a
942 2431 1152 2472 Romanis
1191 2430 1338 2471 relatae
1378 2430 1421 2470 in
1458 2443 1505 2470 re
1543 2429 1659 2471 clara

105 2584 133 2628 1)
158 2586 310 2620 Prorsus
336 2585 407 2619 alia
431 2584 522 2619 ratio
549 2585 617 2619 fuit
642 2584 854 2618 Latinorum
881 2582 1059 2617 inferioris
1086 2583 1201 2617 aetatis
1227 2582 1264 2616 in
1289 2582 1492 2627 provinciis.

106 2643 133 2687 ²)
159 2646 259 2679 Iubet
284 2646 377 2678 enim
402 2643 519 2686 (Sulla
543 2644 723 2685 Etruscos,
763 2642 895 2686 quibus
921 2642 1104 2676 civitatem
1132 2640 1285 2683 adimit‚)
1323 2643 1440 2676 eodem
1474 2643 1550 2674 iure
1576 2651 1659 2684 esse,

163 2715 231 2748 quo
254 2705 392 2747 fuerint
417 2704 673 2746 Ariminenses,
701 2713 788 2746 quos
814 2704 895 2746 quis
921 2703 1065 2745 iynorat
1095 2702 1278 2735 duodecim
1304 2702 1525 2735 coloniarum
1547 2700 1661 2742 fuisse

162 2768 192 2796 et
219 2774 242 2796 a
273 2763 406 2796 civibus
438 2763 612 2796 Romanis
642 2763 853 2795 hereditates
885 2771 1009 2804 capere
1034 2762 1221 2804 potuisse?
1257 2759 1352 2793 Dicit
1381 2760 1535 2802 fuerint;
1574 2767 1659 2791 nam

162 2821 223 2854 illo
250 2824 413 2865 tempore
438 2820 516 2864 lege
540 2820 633 2855 Iulia
658 2819 906 2854 Ariminenses
934 2823 969 2854 et
994 2820 1123 2864 reliqui
1150 2820 1244 2854 cives
1271 2822 1384 2853 erant.

109 2876 137 2920 3>
162 2879 203 2913 In
229 2882 424 2914 comment.
458 2879 502 2913 de
528 2879 722 2914 Latinitate
759 2877 945 2920 (Zeitschr.
978 2878 1036 2912 fiir
1061 2878 1180 2923 gesch.
1206 2874 1593 2912 Rechtswissenschaft
1618 2873 1658 2915 V,

163 2935 184 2970 2
208 2948 243 2981 p.
271 2936 363 2980 237).
