1915 3235
136 877 188 901 370

968 99 1052 140 696

212 243 393 283 quorum
428 229 587 270 menda
619 229 713 279 illis,
749 242 845 282 quae
878 228 1077 279 diximus,
1111 228 1299 282 vestigiis
1331 228 1641 282 persequendis
1674 231 1716 270 et
1738 243 1806 271 re-

212 300 339 353 periri
374 303 415 342 et
446 299 536 342 tolli
570 302 764 353 possunt,
800 300 856 341 ad
888 312 1037 340 Veram
1071 299 1256 340 formam
1290 299 1606 340 revocabimus.

330 371 375 412 C.
410 371 449 420 2,
482 371 531 412 4:
572 371 635 411 Ac
666 371 703 411 si
736 394 791 398 —
815 375 1027 425 patronus
1057 370 1154 410 huic
1185 383 1323 411 causae
1347 369 1512 423 publice
1544 371 1808 412 constituere-

210 448 292 495 tur,
340 443 377 483 is
415 443 632 496 potissime
679 441 833 482 honore
881 440 1026 494 affecto
1073 440 1269 494 defensor
1315 440 1503 491 claretur,
1552 441 1624 497 qui
1670 441 1808 483 eodem

209 513 362 554 honore
402 513 614 567 prceclitas
660 526 743 553 non
790 513 929 553 minas
969 511 1142 565 afferret
1181 511 1238 552 act
1284 511 1507 552 dicendum
1546 513 1808 554 auctoritatis

210 598 334 639 quam
361 583 595 637 facultatis.
643 583 837 624 Primum
853 584 1069 638 potissime
1100 596 1178 636 pro
1202 583 1468 637 potissimum
1494 595 1636 636 neque
1659 583 1808 626 Cicero

210 655 311 696 alibi
344 668 529 708 usquam
563 654 670 696 dixit
701 667 842 707 neque
875 655 1105 707 quisquam
1138 654 1265 694 huius
1293 654 1433 695 aetatis
1458 654 1662 707 scriptor;
1694 668 1806 697 unus

209 726 358 767 Celsus
391 726 585 767 Ciceroni
618 725 709 767 eius
750 728 901 767 auctor
932 724 1191 778 adiungitur.
1254 724 1419 765 Deinde
1450 724 1603 766 honore
1635 724 1809 778 affectus

208 797 334 838 nimis
367 797 531 838 infinite
565 797 720 838 dicitur
751 809 892 849 neque
924 796 979 837 ad
1002 795 1240 846 Murenam,
1275 795 1496 853 consulem
1519 795 1806 850 designatum,

209 871 310 922 apte
341 881 482 921 neque
516 867 571 909 ad
603 867 659 917 id,
701 867 818 920 quod
851 866 1065 920 sequitur:
1111 866 1275 907 eodem
1306 866 1459 907 honore
1483 867 1716 920 praeditum
1765 871 1808 910 et

207 940 307 981 huic
339 939 513 992 quidem
547 938 799 980 satisfacere
830 940 1003 991 poterat
1044 938 1183 992 aliquo
1215 937 1386 987 honore3
1435 938 1511 979 sed
1550 938 1638 979 hoeo
1678 952 1808 980 caasa

208 1013 250 1052 et
281 1011 471 1052 Murenae
504 1023 691 1063 persona
724 1009 977 1062 amplissimi
1010 1009 1185 1050 honoris
1212 1008 1569 1062 significationem
1601 1011 1804 1064 postulat,

206 1083 329 1134 isque
360 1095 472 1122 unus
505 1081 794 1121 auctoritatem
835 1093 933 1121 eam
973 1080 1112 1129 affert,
1162 1093 1259 1132 quae
1301 1079 1564 1122 nominatur.
1628 1082 1719 1123 Iam
1762 1083 1807 1124 in

208 1152 426 1194 codicibus
460 1151 795 1205 (Oxoniensibus
829 1151 1018 1204 quinque
1048 1164 1100 1192 ex
1130 1163 1205 1191 sex
1235 1153 1278 1191 et
1299 1150 1564 1192 Steinmetzii
1588 1155 1804 1206 quattuor,

206 1224 307 1265 edit.
349 1224 516 1265 Veneta
558 1236 596 1264 a.
634 1220 764 1275 1472)
818 1223 1027 1276 scriptum
1083 1224 1148 1262 est
1195 1222 1427 1275 potissimo.
1514 1221 1579 1276 (In
1635 1223 1804 1267 silentio

207 1294 377 1336 Gruteri
409 1294 514 1335 nihil
547 1307 641 1335 esse
675 1294 902 1335 contrariae
935 1293 1217 1343 auctoritatis,
1250 1295 1356 1346 puto
1390 1293 1623 1346 aliquando
1653 1308 1804 1337 omnes

207 1364 438 1417 didicisse.)
486 1365 694 1418 Apparet,
729 1364 981 1406 Ciceronem
1014 1364 1256 1417 scripsisse:
1290 1365 1327 1405 is
1345 1365 1624 1418 potissumum
1647 1377 1805 1405 summo

206 1437 359 1477 honore
392 1436 537 1489 affecto
571 1438 665 1485 cet.,
699 1435 924 1477 librarium
958 1449 1011 1477 ex
1044 1434 1668 1476 POTISSUMUMSUMMO
1700 1435 1804 1476 effe-

207 1509 314 1549 cisse
348 1506 707 1548 POTISSUMO.
772 1506 979 1560 (Klotzius
1025 1506 1192 1548 codices
1235 1508 1408 1547 secutus
1452 1508 1494 1547 et
1533 1505 1802 1557 adverbium,

207 1593 291 1632 quo
325 1592 471 1620 carere
503 1592 589 1620 non
621 1591 865 1631 possumus,
901 1576 1056 1630 eripuit
1089 1579 1131 1618 et
1162 1590 1319 1618 novam
1352 1590 1530 1630 prorsus
1555 1576 1803 1619 consulatus

208 1650 543 1703 appellationem
576 1649 701 1690 nobis
736 1647 929 1700 creavit.)

327 1721 372 1762 C.
401 1722 467 1771 11,
502 1721 558 1761 25
590 1720 632 1761 in
664 1719 889 1761 notissimo
921 1719 1014 1760 loco
1048 1718 1102 1760 de
1135 1718 1180 1760 G.
1214 1718 1360 1760 Flavio
1393 1719 1453 1760 sic
1487 1719 1647 1761 editur:
1682 1724 1717 1761 et
1753 1719 1805 1761 ab

209 1792 310 1846 ipsis
349 1792 482 1832 cautis
522 1791 811 1832 iureconsultis
858 1803 997 1831 eoram
1045 1790 1298 1843 sapientiam
1345 1791 1596 1844 compilarit.
1658 1790 1706 1832 In
1737 1790 1803 1832 hiS

208 1862 349 1904 verbis
381 1862 464 1903 tria
497 1863 735 1911 offendunt,
780 1861 835 1903 ad
868 1861 1056 1914 speciem
1090 1873 1238 1913 parva,
1273 1861 1351 1902 sed
1383 1875 1480 1914 quae
1513 1862 1564 1911 ei,
1605 1861 1677 1914 qui
1709 1861 1804 1903 dili-

207 1936 356 1987 genter
388 1933 593 1974 orationis
627 1936 670 1974 et
701 1932 927 1974 sententiae
960 1932 1145 1973 formam
1179 1933 1511 1986 naturalemque
1538 1932 1677 1986 legem
1701 1945 1803 1975 con-

206 2005 426 2054 siderabit,
462 2004 687 2045 certissimi
721 2003 968 2046 documenti
1002 2004 1088 2044 vim
1120 2003 1283 2044 habere
1315 2003 1566 2053 videantur;
1614 2005 1803 2057 primum

206 2077 287 2117 hoc
326 2078 463 2117 toturn
508 2075 558 2115 ab
600 2076 701 2129 ipsis
740 2076 874 2115 cautis
922 2074 1209 2115 iureconsultis
1255 2075 1315 2115 sic
1363 2074 1530 2125 dicitur,
1579 2076 1802 2127 tanquam,

207 2147 300 2187 aliis
339 2147 568 2199 generibus
608 2146 832 2187 hominum
873 2145 1134 2198 significatis,
1184 2144 1321 2186 oratio
1362 2145 1685 2198 comparatione
1724 2145 1802 2186 ad-

206 2217 386 2257 scendat
418 2217 474 2257 ad
506 2216 819 2258 iureconsultos
852 2216 1045 2258 nondum
1077 2217 1344 2265 nominatos3
1378 2229 1529 2257 verum
1561 2215 1700 2257 omnis
1733 2215 1802 2257 hic

207 2288 324 2329 locus
359 2288 411 2328 de
444 2287 544 2329 solis
577 2287 888 2328 iurisconsultis
923 2289 1007 2336 est;
1053 2287 1208 2328 deinde
1240 2287 1334 2327 haec
1367 2287 1610 2328 coniunctio
1642 2299 1801 2339 prono-

205 2358 332 2399 minis
367 2360 451 2412 ipse
484 2372 578 2399 cum
614 2359 826 2400 adiectivo
853 2371 1125 2399 communem
1153 2357 1343 2410 aliquam
1369 2357 1544 2398 laudem
1567 2357 1802 2410 reprehen-

206 2430 425 2470 sionemve
460 2430 693 2471 continenti
718 2429 870 2470 Latina
901 2442 988 2470 non
1021 2431 1086 2470 est
1117 2427 1182 2482 (ut
1213 2441 1291 2481 pro
1316 2440 1379 2479 eo,
1413 2428 1529 2480 quod
1562 2430 1644 2469 est:
1679 2428 1803 2468 etiam

208 2499 343 2551 Plato,
376 2501 709 2554 sapientissimus
740 2500 870 2550 homo,
905 2500 1091 2541 dicatur:
1127 2500 1207 2553 ipsi
1238 2499 1572 2553 sapientissimus
1595 2496 1734 2550 Plato)
1748 2494 1800 2550 l);

206 2573 425 2623 postremo
472 2570 684 2623 genitivus
725 2583 864 2611 eorum
904 2584 1037 2623 prave
1077 2570 1288 2612 vocabulo
1334 2570 1587 2624 sapientiam
1628 2582 1799 2622 praepo-

206 2641 312 2682 situs
345 2643 422 2681 est.
485 2641 718 2682 Videamus
752 2642 835 2682 iam
872 2641 1054 2682 codices.
1116 2641 1163 2681 In
1203 2640 1253 2682 iis
1294 2653 1381 2682 non
1419 2641 1554 2681 cautis
1584 2639 1799 2689 scribitur,

207 2711 282 2752 sed
315 2712 453 2752 causis
485 2710 610 2764 (Oxx.
645 2713 833 2764 quinque
867 2725 918 2752 ex
951 2724 1038 2762 sex,
1071 2711 1204 2752 Bavv.
1239 2713 1282 2753 et
1305 2711 1463 2752 Pariss.
1497 2710 1799 2763 Steinmetzii);

244 2873 271 2917 ¹)
297 2875 412 2909 Aliter
438 2875 541 2919 longe
576 2877 648 2918 ipse
680 2886 880 2919 pronomen
913 2874 1121 2919 adiungitur
1152 2875 1341 2916 adiectivo,
1379 2876 1475 2919 quod
1508 2886 1621 2919 genus
1653 2874 1799 2918 aliquod

302 2938 439 2968 certum
468 2933 593 2967 definit
619 2932 706 2977 (ipsi
724 2935 841 2977 primi
866 2932 1041 2977 editores).
