1915 3235
879 99 961 140 681

126 229 238 270 catio
270 231 313 269 et
343 229 633 281 periculorum
665 228 908 270 futurorum
938 226 1305 277 commemoratio,
1338 226 1453 267 unde
1478 225 1609 267 etiam
1631 225 1716 273 illa,

126 300 169 341 in
201 312 287 353 qua
318 299 559 340 Ahrensius
591 299 729 350 haesit,
762 300 805 342 in
838 299 905 349 IV,
942 298 995 340 15
1028 298 1081 339 de
1114 300 1290 339 senatus
1325 299 1367 338 et
1399 297 1591 349 equitum
1617 308 1717 337 con-

125 383 255 411 sensu
301 369 500 410 hodierno
547 369 615 410 die
664 369 854 411 stabilito
903 370 945 410 et
991 381 1275 422 permansuro
1322 367 1565 420 praedicti03
1622 366 1718 420 (etsi

125 440 258 481 etiam
290 439 333 480 in
365 453 469 481 vera
501 441 696 482 oratione
727 442 899 493 poterat
930 439 1077 481 Cicero
1112 439 1168 480 ad
1200 438 1518 481 confirmandos
1552 439 1718 479 animos

123 511 254 564 paulo
286 510 488 551 fidentius
522 509 695 563 dicere).
744 510 858 561 Quin
890 511 1021 552 etiam
1052 510 1193 564 potuit
1225 509 1386 560 Cicero,
1421 522 1554 562 quum
1586 521 1719 549 unam

122 583 292 622 tantum
325 580 483 622 iustam
517 581 757 623 orationem
790 580 879 622 eius
913 580 1009 631 diei,
1059 594 1144 633 quo
1184 580 1237 622 de
1278 579 1487 633 supplicio
1520 579 1717 620 coniura-

122 653 265 693 torum
298 654 443 692 actum
477 655 602 701 esset,
652 651 893 701 conficeret,
941 651 985 692 in
1023 664 1120 692 eam
1159 651 1334 704 aliquid,
1382 650 1538 703 partim
1581 649 1718 690 sciens

124 726 166 763 et
199 722 389 775 prudens
421 722 580 775 partim
613 722 797 764 fortasse
829 734 953 775 paene
988 722 1252 774 imprudens,
1303 721 1554 770 admiscere,
1604 720 1718 773 quod

122 792 166 834 in
213 792 365 834 eodem
413 795 587 833 senatus
637 795 850 834 conventu
897 792 980 833 alio
1024 795 1220 845 tempore
1260 791 1450 832 dixisset.
1512 791 1576 832 Ita
1615 791 1718 831 nihil

123 863 369 905 offensionis
401 863 578 913 habent,
612 862 646 904 si
680 863 732 904 de
764 863 947 904 veritate
978 863 1112 916 ipsius
1140 862 1344 904 orationis
1369 861 1587 915 quaeritur,
1622 874 1718 914 quae

122 933 176 974 IV
209 932 230 985 ξ
256 934 281 974 6
315 933 374 974 sic
407 933 619 983 dicuntur,
653 936 701 974 ut
733 934 789 975 ad
820 934 1006 986 primam
1040 933 1293 975 relationem
1326 932 1718 974 accommodatiora

122 1004 351 1045 videantur
384 1017 514 1056 quam
548 1004 604 1044 ad
637 1017 735 1045 eum
770 1005 924 1055 locum,
959 1018 1043 1057 quo
1076 1004 1168 1045 haec
1201 1005 1338 1045 oratio
1362 1006 1460 1056 post
1483 1004 1718 1045 sententias

125 1074 286 1127 aliquot
319 1074 406 1115 iam
440 1075 576 1116 dictas
610 1075 863 1128 interposita
897 1078 975 1116 est.
1039 1075 1264 1116 Postremo
1303 1088 1417 1116 nunc
1456 1074 1717 1127 intelligitur,

124 1145 195 1198 qui
227 1145 319 1186 fieri
351 1147 552 1198 potuerit,
586 1150 633 1186 ut
666 1145 814 1187 Cicero
848 1146 891 1186 in
924 1145 1064 1199 prima
1097 1149 1139 1187 et
1170 1146 1360 1187 secunda
1389 1145 1584 1187 oratione
1616 1157 1718 1186 noc-

123 1219 210 1257 tem
250 1216 367 1257 illam
407 1216 701 1258 inconstanter
739 1219 924 1258 notaret.
986 1217 1097 1258 Nam
1141 1216 1232 1268 ipse
1275 1216 1367 1257 sine
1410 1216 1541 1257 dubio
1585 1218 1718 1257 tantae

122 1287 183 1328 rei
231 1300 257 1328 a
296 1300 341 1328 se
381 1290 513 1340 gestae
553 1287 747 1328 ordinem
787 1287 985 1336 tenebat;
1034 1287 1110 1328 sed
1154 1300 1288 1339 quum
1321 1286 1514 1328 animum
1548 1289 1589 1328 et
1621 1300 1717 1328 ora-

122 1357 284 1399 tionem
318 1358 373 1399 ad
405 1358 611 1411 praeteriti
644 1359 850 1410 temporis
895 1361 936 1399 et
979 1358 1036 1399 ad
1078 1358 1261 1399 duorum
1307 1357 1473 1399 dierum
1517 1357 1718 1399 coniunc-

122 1431 266 1470 torum
299 1428 420 1482 (eius.
471 1442 555 1480 quo
594 1428 748 1481 prima,
798 1431 840 1469 et
879 1442 963 1481 quo
1004 1429 1195 1469 secunda
1234 1429 1370 1469 oratio
1402 1427 1553 1469 habita
1586 1425 1717 1477 esset)

123 1502 285 1540 statum
326 1500 578 1549 reflecteret,
629 1499 829 1540 facillime
870 1499 1064 1540 accidere
1105 1502 1295 1552 poterat,
1344 1501 1392 1539 ut
1431 1499 1567 1539 noctis
1608 1498 1717 1539 illius

124 1570 480 1623 significationem
523 1584 609 1612 non
653 1573 769 1612 recte
814 1570 1094 1623 distingueret
1135 1570 1177 1610 in
1209 1570 1362 1623 prioris
1396 1574 1437 1610 et
1470 1569 1717 1621 posterioris

125 1640 208 1682 diei
240 1642 449 1683 oratione.
464 1638 498 1693 1)

242 1711 331 1753 Cal.
366 1711 541 1753 Octobr.
575 1712 626 1753 A.
661 1711 955 1754 MDCCCXLI.

162 1872 190 1917 ¹)
217 1874 318 1920 [Legi
335 1880 462 1920 postea
488 1876 558 1910 alia
585 1876 628 1910 de
655 1875 879 1910 orationibus
900 1875 1117 1910 Catilinariis
1144 1876 1327 1919 disputata
1354 1886 1427 1909 non
1453 1875 1572 1908 minus
1599 1875 1718 1908 incon-

220 1935 391 1977 siderate3
430 1935 493 1970 sed
527 1939 645 1969 totum
671 1935 738 1968 hoc
765 1934 896 1968 criticae
921 1945 1035 1978 genus
1061 1934 1147 1968 satis
1174 1937 1339 1968 notatum
1374 1934 1552 1978 qualeque
1584 1934 1627 1967 sit
1662 1934 1717 1967 de-

219 1997 463 2028 monstratum
490 1998 588 2038 puto.
640 1992 758 2036 1842]
