1915 3235
106 317 159 344 250

109 1238 157 1263 251

935 175 1022 216 604

297 303 393 344 Iure
426 303 555 356 igitur
588 303 837 356 quaerimus,
872 305 944 357 qui
977 305 1062 346 sint
1093 305 1137 346 hi
1169 306 1379 355 homines,
1423 320 1475 348 ex
1507 321 1592 360 quo
1624 321 1780 361 genere

179 377 222 415 et
264 374 413 415 ordine
457 387 598 426 quave
641 375 892 416 condicione
935 389 960 416 a
1004 376 1130 417 Cotta
1174 376 1230 417 ad
1273 377 1551 419 iudicandum
1594 380 1779 421 excitati.

179 445 232 486 Et
263 445 391 498 vulgo
424 445 601 497 quidem
635 446 753 499 apud
785 459 871 497 θος,
921 446 994 498 qui
1035 446 1340 499 antiquitatem
1372 448 1621 490 Romanam
1654 463 1781 491 enar-

178 518 279 558 rant
310 519 386 558 aut
419 516 651 569 scriptores
684 517 860 558 Latinos
894 517 1249 570 interpretantur,
1283 532 1375 560 rem
1407 521 1621 573 tanquam
1655 533 1781 574 aper-

178 590 270 629 tam
302 588 572 640 perbreviter
605 588 846 640 expositam
878 588 1041 638 videas,
1076 589 1154 629 sed
1186 590 1247 630 sic
1279 592 1326 630 ut
1358 590 1494 631 nihilo
1528 591 1783 643 prudentior

179 658 390 700 discedas.
462 658 662 700 Tradunt
705 658 839 709 enim,
887 659 1084 700 homines
1129 660 1340 712 quosdam
1357 649 1461 703 nho‘s
1508 661 1660 712 fuisse,
1710 663 1782 715 qui

179 729 442 782 stipendium
475 729 598 770 militi
632 729 916 771 dissolverent
949 733 991 771 et
1022 730 1252 783 pecuniam
1293 731 1511 784 publicam
1553 732 1697 786 aliqua
1730 746 1783 774 ex

178 802 302 854 parte
334 802 585 850 tractarent,
634 800 975 857 adscribuntque
1015 801 1201 851 Catonis,
1251 803 1468 853 Varronis,
1521 803 1650 853 Festi,
1698 804 1782 845 As-

180 872 290 913 conii
322 870 552 921 subditicii,
602 884 709 924 quos
748 872 792 912 in
824 871 1018 924 margine
1050 872 1187 924 posui,
1229 873 1358 914 locos.
1421 874 1549 915 Velut
1582 875 1783 928 Sigonius

180 940 252 995 (de
285 945 373 983 ant.
407 942 499 983 iure
533 941 687 983 civium
723 943 771 987 ΙΙ,
806 941 863 995 8),
906 943 1124 984 Tribunos
1156 944 1345 994 aerarios,
1385 945 1534 997 inquit,
1585 946 1783 987 ordinem

181 1013 400 1067 quendam
434 1015 618 1066 apparet
650 1013 784 1054 fuisse
818 1026 982 1063 eorum,
1018 1013 1187 1067 quibus,
1221 1019 1269 1055 ut
1300 1015 1361 1056 ait
1387 1015 1537 1066 Varro,
1573 1016 1783 1058 attributa

181 1086 275 1125 erat
306 1084 504 1137 pecunia,
539 1087 587 1126 ut
620 1084 741 1125 militi
775 1085 1022 1126 redderent.
1086 1085 1251 1126 Similia
1284 1085 1495 1127 Gruchius
1536 1087 1671 1128 tradit
1711 1086 1782 1140 (de

181 1154 336 1196 Comit.
370 1155 418 1205 II,
460 1153 504 1207 2)
545 1158 599 1204 et,
651 1158 699 1196 ut
737 1156 1022 1197 recentiorem
1063 1156 1251 1209 aliquem
1291 1169 1476 1208 sumam,
1524 1154 1782 1211 Adamus1)‚

181 1239 261 1267 nec
294 1225 521 1267 discedunt
544 1226 760 1268 Ciceronis
795 1229 1081 1277 enarratores,
1116 1230 1163 1268 ut
1185 1227 1407 1269 Ernestius
1441 1226 1502 1281 (in
1533 1229 1642 1270 clavi
1665 1229 1783 1282 Cia),

182 1296 419 1337 Beneckius
431 1293 479 1350 2),
528 1297 718 1339 Klotzius
730 1294 778 1350 3),
828 1301 875 1339 ut
921 1299 1193 1351 nuperrimos
1240 1299 1475 1340 nominem.
1539 1300 1592 1341 Et
1636 1302 1785 1341 tamen

182 1369 349 1408 veteres
382 1368 453 1418 illi,
488 1368 686 1421 Sigonius
720 1371 763 1409 et
797 1368 1021 1420 Gruchius,
1055 1369 1137 1410 hoc
1169 1370 1323 1411 saltem
1357 1370 1568 1420 viderant,
1608 1371 1783 1412 tertium

181 1438 286 1479 illud
318 1451 452 1491 genus
486 1439 690 1489 iudicum,
725 1440 797 1492 qui
830 1440 1104 1482 senatoribus
1128 1443 1170 1481 et
1192 1440 1409 1493 equitibus
1432 1441 1783 1494 adiungerentur,

181 1522 269 1551 non
300 1510 492 1562 potuisse
527 1524 578 1551 ex
611 1511 870 1563 magistratu
910 1512 1054 1565 aliquo
1094 1512 1220 1561 sumi,
1270 1511 1347 1552 sed
1395 1525 1447 1552 ex
1486 1512 1637 1553 ordine
1677 1525 1784 1565 quo-

183 1580 283 1622 dam
319 1583 361 1622 et
392 1594 549 1633 genere
582 1585 794 1635 perpetuo
828 1581 1006 1631 civium3
1050 1582 1195 1634 itaque
1228 1582 1509 1635 magistratus
1543 1583 1676 1624 fuisse
1708 1583 1784 1624 tri-

183 1652 323 1693 bunos
367 1653 542 1694 aerarios
586 1650 913 1706 negaverant&
983 1653 1069 1694 Sed
1110 1655 1203 1694 tota
1245 1653 1317 1694 illa
1359 1654 1555 1705 pecuniae
1600 1653 1786 1707 publicae

181 1724 384 1765 tractatio
418 1726 459 1765 et
492 1724 693 1777 stipendii
727 1723 971 1765 numeratio
1004 1726 1094 1765 tam
1129 1726 1194 1765 est
1226 1724 1281 1765 ab
1314 1724 1364 1765 iis
1397 1724 1580 1765 tribunis
1610 1724 1784 1774 aerariis,

183 1807 304 1846 quos,
355 1795 481 1836 Cotta
529 1795 707 1841 ferente,
756 1795 942 1848 populus
990 1795 1181 1836 iudicare
1228 1795 1364 1846 iussit,
1415 1796 1574 1845 aliena,
1623 1797 1671 1836 ut
1718 1796 1787 1836 vix

183 1865 331 1914 sciam,
381 1866 495 1907 unde
533 1867 729 1907 refellere
768 1867 985 1919 incipiam.
1057 1866 1251 1907 Primum
1300 1879 1460 1919 quaero,
1508 1867 1552 1907 in
1600 1879 1786 1907 comme-

184 1937 424 1977 moratione
458 1951 603 1978 rerum
644 1938 700 1978 ad
733 1938 935 1978 aerarium
977 1939 1019 1978 et
1051 1937 1107 1978 ad
1139 1937 1367 1990 pecuniam
1401 1936 1622 1990 publicam
1654 1937 1787 1990 perti-

183 2008 393 2058 nentium,
429 2021 525 2061 quae
558 2008 725 2049 infinita
759 2010 801 2049 et
824 2008 1050 2061 multiplex
1073 2011 1139 2049 est
1161 2008 1277 2061 apud
1299 2008 1508 2061 plurimos
1540 2008 1785 2060 scriptores,

185 2077 259 2119 ubi
291 2079 373 2119 hac
406 2081 535 2120 aetate
569 2082 611 2120 et
642 2079 817 2121 omnino
850 2081 950 2132 post
989 2079 1107 2120 illam
1141 2078 1422 2120 vetustissimi
1454 2078 1638 2120 instituti
1671 2077 1788 2131 apud

224 2241 254 2284 1)
280 2243 486 2277 Handhuch
513 2244 576 2278 der
603 2248 692 2278 rom.
720 2244 875 2278 Alterth.
904 2244 917 2277 I
944 2255 977 2288 p.
1004 2243 1074 2276 350
1099 2243 1247 2287 interpr.
1275 2242 1414 2276 Germ.:
1449 2243 1515 2277 Die
1549 2243 1682 2277 letzten
1715 2241 1788 2285 (tri-

281 2302 369 2336 buni
410 2301 541 2345 aerarii)
588 2314 710 2337 waren
742 2303 894 2337 Beamte
926 2303 1096 2337 ausden
1128 2302 1318 2336 Plebeiern
1350 2301 1425 2335 und
1458 2302 1585 2336 hatten
1618 2302 1675 2336 die
1708 2302 1787 2336 Ein-

281 2361 417 2394 nahme
444 2361 506 2395 des
534 2362 664 2396 Geldes
690 2373 752 2396 zur
778 2362 1047 2405 Unterhaltung
1074 2361 1137 2395 der
1162 2361 1295 2395 Armee
1321 2371 1364 2395 zu
1389 2361 1577 2405 besorgen.

225 2416 253 2461 ²)
280 2419 333 2453 Ad
362 2420 465 2453 Catil.
492 2421 549 2462 IV,
585 2420 615 2462 7,
651 2421 704 2455 15.
756 2421 822 2455 Hic
849 2421 959 2455 etiam
986 2420 1102 2454 addit:
1141 2420 1206 2454 Die
1232 2419 1383 2454 Tribuni
1409 2419 1525 2454 aerarii
1551 2419 1702 2454 wurden
1727 2430 1789 2454 zur

282 2478 541 2522 gerichtlichen
569 2480 840 2524 Entscheidung
865 2481 952 2514 iiber
977 2480 1034 2514 die
1057 2479 1221 2514 Plebeier
1246 2478 1444 2513 bestimmt.
1484 2479 1670 2513 Ernestius
1691 2478 1787 2513 enim

283 2539 325 2570 de
349 2539 456 2580 plebe,
483 2539 551 2573 hoc
577 2542 641 2580 est,
670 2551 713 2573 ex
739 2539 855 2583 plebe,
883 2540 948 2573 hos
975 2539 1153 2573 iudicasse
1180 2538 1331 2572 dixerat.

227 2593 255 2639 3)
283 2597 339 2630 Ad
366 2601 454 2631 orat.
482 2609 547 2641 pro
573 2598 695 2632 Plane.
728 2598 760 2639 8,
787 2597 849 2631 21:
889 2597 994 2632 Diese
1028 2608 1150 2632 waren
1184 2597 1423 2631 Zahlmeister
1453 2597 1512 2630 bei
1546 2597 1628 2631 dem
1661 2596 1788 2630 Heere.

285 2656 327 2689 Et
353 2656 422 2690 hoc
447 2657 619 2691 adscribit
645 2658 689 2691 ad
717 2668 801 2692 eum
828 2658 960 2699 locum,
994 2657 1055 2691 ubi
1081 2659 1416 2691 commemorantur
1441 2656 1578 2690 tribuni
1604 2655 1720 2689 aerarii
1746 2666 1790 2689 ex

284 2715 500 2759 praefectura
527 2716 675 2757 Atinati,
704 2716 765 2760 qui
791 2715 827 2749 in
855 2716 993 2750 Plancii
1018 2716 1151 2750 iudicio
1178 2716 1348 2750 aderant!

227 2770 255 2817 ⁴)
282 2773 460 2808 Gruchius
487 2774 509 2808 1.
536 2775 558 2808 l.
609 2774 656 2808 Ut
682 2785 777 2818 ergo,
817 2774 944 2819 inquit,
984 2775 1021 2809 in
1055 2777 1266 2809 senatorum
1293 2774 1459 2808 ordinem
1485 2776 1595 2817 atque
1623 2772 1789 2816 equitum

285 2844 358 2867 non
384 2833 564 2877 suffragiis
590 2833 714 2877 populi
745 2833 1037 2877 perveniebatur,
1075 2835 1139 2869 sed
1171 2834 1228 2868 vel
1260 2834 1399 2878 legibus
1432 2843 1699 2876 censorumque
1730 2831 1789 2865 ad-

285 2893 480 2937 scriptione
512 2893 569 2926 vel
600 2892 741 2936 generis
773 2892 1018 2934 successione,
1058 2893 1109 2927 ita
1142 2893 1177 2927 in
1211 2893 1376 2926 ordinem
1408 2891 1640 2926 tribunorum
1674 2889 1790 2924 aerarii

285 2950 350 2994 (sic
387 2953 511 2986 scribit
541 2951 677 2992 vitiose)
717 2961 789 2984 non
822 2951 1002 2995 suffragiis
1034 2952 1158 2996 populi
1191 2952 1254 2986 sed
1287 2951 1400 2985 altero
1433 2961 1477 2984 ex
1510 2950 1552 2983 iis
1579 2949 1687 2983 modo
1713 2959 1789 2993 per-

286 3010 509 3045 veniebatur.
