<?xml version="1.0" encoding="UTF-8"?>
<!DOCTYPE html PUBLIC "-//W3C//DTD XHTML 1.0 Transitional//EN"
    "http://www.w3.org/TR/xhtml1/DTD/xhtml1-transitional.dtd">
<html xmlns="http://www.w3.org/1999/xhtml" xml:lang="en" lang="en">
 <head>
  <title>
</title>
<meta http-equiv="Content-Type" content="text/html;charset=utf-8" />
  <meta name='ocr-system' content='tesseract 3.04.00' />
  <meta name='ocr-capabilities' content='ocr_page ocr_carea ocr_par ocr_line ocrx_word'/>
</head>
<body>
  <div class='ocr_page' id='page_1' title='image "./ionicolaimadvigi00madvuoft_0083.png"; bbox 0 0 1915 3235; ppageno 0'>
   <div class='ocr_carea' id='block_1_1' title="bbox 877 117 929 157">
    <p class='ocr_par' dir='ltr' id='par_1_1' title="bbox 877 117 929 157">
     <span class='ocr_line' id='line_1_1' title="bbox 877 117 929 157; baseline 0 0"><span class='ocrx_word' id='word_1_1' title='bbox 877 117 929 157; x_wconf 79' lang='lat'>61</span> 
     </span>
    </p>
   </div>
   <div class='ocr_carea' id='block_1_2' title="bbox 105 246 1755 2981">
    <p class='ocr_par' dir='ltr' id='par_1_2' title="bbox 105 246 1755 2981">
     <span class='ocr_line' id='line_1_2' title="bbox 112 246 1703 301; baseline -0.001 -11"><span class='ocrx_word' id='word_1_2' title='bbox 112 251 177 290; x_wconf 90' lang='lat' dir='ltr'>est</span> <span class='ocrx_word' id='word_1_3' title='bbox 207 247 380 296; x_wconf 84' lang='lat' dir='ltr'>mentio,</span> <span class='ocrx_word' id='word_1_4' title='bbox 429 246 570 287; x_wconf 90' lang='lat' dir='ltr'>nullus</span> <span class='ocrx_word' id='word_1_5' title='bbox 608 246 726 287; x_wconf 87' lang='lat' dir='ltr'>locus</span> <span class='ocrx_word' id='word_1_6' title='bbox 765 248 955 288; x_wconf 90' lang='lat' dir='ltr'>senatus.</span> <span class='ocrx_word' id='word_1_7' title='bbox 1005 246 1167 287; x_wconf 86' lang='lat' dir='ltr'>consilii</span> <span class='ocrx_word' id='word_1_8' title='bbox 1205 246 1379 299; x_wconf 85' lang='lat' dir='ltr'>publici.</span> <span class='ocrx_word' id='word_1_9' title='bbox 1442 247 1537 298; x_wconf 87' lang='lat' dir='ltr'>Quo</span> <span class='ocrx_word' id='word_1_10' title='bbox 1576 248 1703 301; x_wconf 86' lang='lat' dir='ltr'>igitur</span> 
     </span>
     <span class='ocr_line' id='line_1_3' title="bbox 111 317 1702 371; baseline -0.001 -11"><span class='ocrx_word' id='word_1_11' title='bbox 111 319 184 361; x_wconf 89' lang='lat' dir='ltr'>illa</span> <span class='ocrx_word' id='word_1_12' title='bbox 216 319 340 359; x_wconf 74' lang='lat' dir='ltr'>etiam</span> <span class='ocrx_word' id='word_1_13' title='bbox 371 321 539 358; x_wconf 77' lang='lat' dir='ltr'>senatus</span> <span class='ocrx_word' id='word_1_14' title='bbox 569 329 647 370; x_wconf 85' lang='lat' dir='ltr'>per</span> <span class='ocrx_word' id='word_1_15' title='bbox 678 329 723 357; x_wconf 90' lang='lat' dir='ltr'>se</span> <span class='ocrx_word' id='word_1_16' title='bbox 756 317 897 369; x_wconf 86' lang='lat' dir='ltr'>posita</span> <span class='ocrx_word' id='word_1_17' title='bbox 929 319 1155 369; x_wconf 81' lang='lat' dir='ltr'>spectant?</span> <span class='ocrx_word' id='word_1_18' title='bbox 1195 318 1352 358; x_wconf 86' lang='lat' dir='ltr'>deinde</span> <span class='ocrx_word' id='word_1_19' title='bbox 1384 331 1469 370; x_wconf 89' lang='lat' dir='ltr'>quo</span> <span class='ocrx_word' id='word_1_20' title='bbox 1501 318 1606 359; x_wconf 92' lang='lat' dir='ltr'>illud</span> <span class='ocrx_word' id='word_1_21' title='bbox 1638 319 1702 371; x_wconf 92' lang='lat' dir='ltr'>ip-</span> 
     </span>
     <span class='ocr_line' id='line_1_4' title="bbox 111 386 1700 439; baseline -0.001 -8"><span class='ocrx_word' id='word_1_22' title='bbox 111 403 208 431; x_wconf 89' lang='lat' dir='ltr'>sum</span> <span class='ocrx_word' id='word_1_23' title='bbox 241 390 393 430; x_wconf 75' lang='lat' dir='ltr'>etiam?</span> <span class='ocrx_word' id='word_1_24' title='bbox 432 387 497 428; x_wconf 87' lang='lat' dir='ltr'>Ita</span> <span class='ocrx_word' id='word_1_25' title='bbox 527 389 737 439; x_wconf 77' lang='lat' dir='ltr'>tanquam</span> <span class='ocrx_word' id='word_1_26' title='bbox 771 386 909 427; x_wconf 85' lang='lat' dir='ltr'>cauda</span> <span class='ocrx_word' id='word_1_27' title='bbox 941 387 1163 428; x_wconf 86' lang='lat' dir='ltr'>adhaerent</span> <span class='ocrx_word' id='word_1_28' title='bbox 1197 388 1332 429; x_wconf 78' lang='lat' dir='ltr'>verba</span> <span class='ocrx_word' id='word_1_29' title='bbox 1364 389 1489 429; x_wconf 69' lang='lat' dir='ltr'>etiam</span> <span class='ocrx_word' id='word_1_30' title='bbox 1520 394 1700 432; x_wconf 75' lang='lat' dir='ltr'>senatus.</span> 
     </span>
     <span class='ocr_line' id='line_1_5' title="bbox 111 457 1700 514; baseline -0.001 -13"><span class='ocrx_word' id='word_1_31' title='bbox 111 460 235 514; x_wconf 82' lang='lat' dir='ltr'>quasi</span> <span class='ocrx_word' id='word_1_32' title='bbox 266 458 511 500; x_wconf 86' lang='lat' dir='ltr'>mirandum</span> <span class='ocrx_word' id='word_1_33' title='bbox 544 457 610 506; x_wconf 87' lang='lat' dir='ltr'>sit,</span> <span class='ocrx_word' id='word_1_34' title='bbox 659 457 725 497; x_wconf 87' lang='lat' dir='ltr'>vel</span> <span class='ocrx_word' id='word_1_35' title='bbox 765 470 864 497; x_wconf 89' lang='lat' dir='ltr'>eum</span> <span class='ocrx_word' id='word_1_36' title='bbox 904 457 1014 498; x_wconf 88' lang='lat' dir='ltr'>bene</span> <span class='ocrx_word' id='word_1_37' title='bbox 1055 471 1148 498; x_wconf 88' lang='lat' dir='ltr'>esse</span> <span class='ocrx_word' id='word_1_38' title='bbox 1182 458 1460 510; x_wconf 84' lang='lat' dir='ltr'>descript-um.</span> <span class='ocrx_word' id='word_1_39' title='bbox 1523 459 1700 504; x_wconf 78' lang='lat' dir='ltr'><strong>Deinde.</strong></span> 
     </span>
     <span class='ocr_line' id='line_1_6' title="bbox 111 527 1702 582; baseline -0.001 -10"><span class='ocrx_word' id='word_1_40' title='bbox 111 533 157 572; x_wconf 89' lang='lat' dir='ltr'>ut</span> <span class='ocrx_word' id='word_1_41' title='bbox 190 530 376 571; x_wconf 79' lang='lat' dir='ltr'>addatur</span> <span class='ocrx_word' id='word_1_42' title='bbox 407 541 613 569; x_wconf 88' lang='lat' dir='ltr'>numerus</span> <span class='ocrx_word' id='word_1_43' title='bbox 645 527 853 577; x_wconf 90' lang='lat' dir='ltr'>senarius,</span> <span class='ocrx_word' id='word_1_44' title='bbox 895 528 997 580; x_wconf 88' lang='lat' dir='ltr'>quid</span> <span class='ocrx_word' id='word_1_45' title='bbox 1029 541 1137 581; x_wconf 90' lang='lat' dir='ltr'>opus</span> <span class='ocrx_word' id='word_1_46' title='bbox 1172 531 1265 570; x_wconf 87' lang='lat' dir='ltr'>erat</span> <span class='ocrx_word' id='word_1_47' title='bbox 1296 529 1390 579; x_wconf 77' lang='lat' dir='ltr'>dici,</span> <span class='ocrx_word' id='word_1_48' title='bbox 1432 529 1475 570; x_wconf 89' lang='lat' dir='ltr'>in</span> <span class='ocrx_word' id='word_1_49' title='bbox 1508 529 1702 582; x_wconf 88' lang='lat' dir='ltr'>equitatu</span> 
     </span>
     <span class='ocr_line' id='line_1_7' title="bbox 112 598 1701 652; baseline -0.001 -10"><span class='ocrx_word' id='word_1_50' title='bbox 112 614 205 642; x_wconf 91' lang='lat' dir='ltr'>esse</span> <span class='ocrx_word' id='word_1_51' title='bbox 245 613 322 641; x_wconf 81' lang='lat' dir='ltr'>sex</span> <span class='ocrx_word' id='word_1_52' title='bbox 359 598 583 651; x_wconf 86' lang='lat' dir='ltr'>suffragia,</span> <span class='ocrx_word' id='word_1_53' title='bbox 633 611 729 650; x_wconf 80' lang='lat' dir='ltr'>quae</span> <span class='ocrx_word' id='word_1_54' title='bbox 774 598 901 651; x_wconf 80' lang='lat' dir='ltr'>vulgo</span> <span class='ocrx_word' id='word_1_55' title='bbox 942 611 996 639; x_wconf 90' lang='lat' dir='ltr'>ne</span> <span class='ocrx_word' id='word_1_56' title='bbox 1036 600 1210 641; x_wconf 90' lang='lat' dir='ltr'>nomine</span> <span class='ocrx_word' id='word_1_57' title='bbox 1250 600 1425 652; x_wconf 91' lang='lat' dir='ltr'>quidem</span> <span class='ocrx_word' id='word_1_58' title='bbox 1464 613 1490 641; x_wconf 87' lang='lat' dir='ltr'>a</span> <span class='ocrx_word' id='word_1_59' title='bbox 1527 600 1701 652; x_wconf 86' lang='lat' dir='ltr'>reliquis</span> 
     </span>
     <span class='ocr_line' id='line_1_8' title="bbox 111 669 1701 722; baseline -0.001 -9"><span class='ocrx_word' id='word_1_60' title='bbox 111 670 312 713; x_wconf 85' lang='lat' dir='ltr'>centuriis</span> <span class='ocrx_word' id='word_1_61' title='bbox 346 671 538 722; x_wconf 85' lang='lat' dir='ltr'>equitum</span> <span class='ocrx_word' id='word_1_62' title='bbox 571 669 953 710; x_wconf 73' lang='lat' dir='ltr'>discernebantur?</span> <span class='ocrx_word' id='word_1_63' title='bbox 997 669 1183 711; x_wconf 75' lang='lat' dir='ltr'>Maxime</span> <span class='ocrx_word' id='word_1_64' title='bbox 1215 673 1361 711; x_wconf 86' lang='lat' dir='ltr'>autem</span> <span class='ocrx_word' id='word_1_65' title='bbox 1395 671 1579 712; x_wconf 76' lang='lat' dir='ltr'>editores</span> <span class='ocrx_word' id='word_1_66' title='bbox 1612 672 1701 711; x_wconf 83' lang='lat' dir='ltr'>hae-</span> 
     </span>
     <span class='ocr_line' id='line_1_9' title="bbox 110 740 1702 794; baseline -0.002 -10"><span class='ocrx_word' id='word_1_67' title='bbox 110 743 279 791; x_wconf 77' lang='lat' dir='ltr'>sissent,</span> <span class='ocrx_word' id='word_1_68' title='bbox 327 740 363 781; x_wconf 89' lang='lat' dir='ltr'>si</span> <span class='ocrx_word' id='word_1_69' title='bbox 403 740 456 781; x_wconf 90' lang='lat' dir='ltr'>de</span> <span class='ocrx_word' id='word_1_70' title='bbox 494 740 558 789; x_wconf 87' lang='lat' dir='ltr'>iis,</span> <span class='ocrx_word' id='word_1_71' title='bbox 598 753 695 792; x_wconf 79' lang='lat' dir='ltr'>quae</span> <span class='ocrx_word' id='word_1_72' title='bbox 728 742 979 791; x_wconf 88' lang='lat' dir='ltr'>sequuntur,</span> <span class='ocrx_word' id='word_1_73' title='bbox 1029 741 1307 794; x_wconf 85' lang='lat' dir='ltr'>cogitassent;</span> <span class='ocrx_word' id='word_1_74' title='bbox 1355 754 1452 794; x_wconf 88' lang='lat' dir='ltr'>quae</span> <span class='ocrx_word' id='word_1_75' title='bbox 1486 741 1598 782; x_wconf 89' lang='lat' dir='ltr'>enim</span> <span class='ocrx_word' id='word_1_76' title='bbox 1631 741 1702 782; x_wconf 84' lang='lat' dir='ltr'>illa</span> 
     </span>
     <span class='ocr_line' id='line_1_10' title="bbox 109 809 1702 864; baseline -0.001 -10"><span class='ocrx_word' id='word_1_77' title='bbox 109 812 285 861; x_wconf 90' lang='lat' dir='ltr'>utilitas,</span> <span class='ocrx_word' id='word_1_78' title='bbox 335 824 464 863; x_wconf 89' lang='lat' dir='ltr'>quam</span> <span class='ocrx_word' id='word_1_79' title='bbox 503 809 594 850; x_wconf 92' lang='lat' dir='ltr'>tolli</span> <span class='ocrx_word' id='word_1_80' title='bbox 626 809 783 851; x_wconf 88' lang='lat' dir='ltr'>multos</span> <span class='ocrx_word' id='word_1_81' title='bbox 817 823 974 862; x_wconf 86' lang='lat' dir='ltr'>cupere</span> <span class='ocrx_word' id='word_1_82' title='bbox 1006 811 1148 863; x_wconf 84' lang='lat' dir='ltr'>Scipio</span> <span class='ocrx_word' id='word_1_83' title='bbox 1181 812 1294 861; x_wconf 82' lang='lat' dir='ltr'>dicit,</span> <span class='ocrx_word' id='word_1_84' title='bbox 1342 811 1520 853; x_wconf 81' lang='lat' dir='ltr'>redditis</span> <span class='ocrx_word' id='word_1_85' title='bbox 1554 811 1702 864; x_wconf 77' lang='lat' dir='ltr'>equis?</span> 
     </span>
     <span class='ocr_line' id='line_1_11' title="bbox 109 880 1702 934; baseline -0.001 -10"><span class='ocrx_word' id='word_1_86' title='bbox 109 882 308 924; x_wconf 83' lang='lat' dir='ltr'>Profecto</span> <span class='ocrx_word' id='word_1_87' title='bbox 340 894 426 922; x_wconf 92' lang='lat' dir='ltr'>non</span> <span class='ocrx_word' id='word_1_88' title='bbox 458 883 550 922; x_wconf 90' lang='lat' dir='ltr'>tota</span> <span class='ocrx_word' id='word_1_89' title='bbox 581 880 653 921; x_wconf 90' lang='lat' dir='ltr'>illa</span> <span class='ocrx_word' id='word_1_90' title='bbox 685 880 927 933; x_wconf 76' lang='lat' dir='ltr'>descriptio,</span> <span class='ocrx_word' id='word_1_91' title='bbox 969 894 1065 933; x_wconf 82' lang='lat' dir='ltr'>quae</span> <span class='ocrx_word' id='word_1_92' title='bbox 1096 895 1183 923; x_wconf 91' lang='lat' dir='ltr'>non</span> <span class='ocrx_word' id='word_1_93' title='bbox 1215 883 1461 924; x_wconf 88' lang='lat' dir='ltr'>tollebatur.</span> <span class='ocrx_word' id='word_1_94' title='bbox 1526 882 1702 934; x_wconf 88' lang='lat' dir='ltr'>Equita-</span> 
     </span>
     <span class='ocr_line' id='line_1_12' title="bbox 109 951 1703 1005; baseline -0.001 -11"><span class='ocrx_word' id='word_1_95' title='bbox 109 956 235 994; x_wconf 91' lang='lat' dir='ltr'>tusne</span> <span class='ocrx_word' id='word_1_96' title='bbox 266 952 394 1005; x_wconf 91' lang='lat' dir='ltr'>igitur</span> <span class='ocrx_word' id='word_1_97' title='bbox 412 951 669 1003; x_wconf 83' lang='lat' dir='ltr'>descriptio?</span> <span class='ocrx_word' id='word_1_98' title='bbox 708 951 1016 992; x_wconf 78' lang='lat' dir='ltr'>Nominaverat</span> <span class='ocrx_word' id='word_1_99' title='bbox 1048 953 1218 993; x_wconf 88' lang='lat' dir='ltr'>tantum</span> <span class='ocrx_word' id='word_1_100' title='bbox 1253 953 1505 1005; x_wconf 79' lang='lat' dir='ltr'>equitatum,</span> <span class='ocrx_word' id='word_1_101' title='bbox 1540 953 1703 994; x_wconf 89' lang='lat' dir='ltr'>nullam</span> 
     </span>
     <span class='ocr_line' id='line_1_13' title="bbox 109 1021 1755 1075; baseline 0 -11"><span class='ocrx_word' id='word_1_102' title='bbox 109 1024 339 1064; x_wconf 82' lang='lat' dir='ltr'>utilitatem</span> <span class='ocrx_word' id='word_1_103' title='bbox 372 1021 645 1074; x_wconf 86' lang='lat' dir='ltr'>significarat,</span> <span class='ocrx_word' id='word_1_104' title='bbox 687 1034 790 1073; x_wconf 82' lang='lat' dir='ltr'>quae.</span> <span class='ocrx_word' id='word_1_105' title='bbox 816 1021 898 1062; x_wconf 90' lang='lat' dir='ltr'>isto</span> <span class='ocrx_word' id='word_1_106' title='bbox 932 1021 1060 1062; x_wconf 91' lang='lat' dir='ltr'>modo</span> <span class='ocrx_word' id='word_1_107' title='bbox 1093 1023 1327 1071; x_wconf 81' lang='lat' dir='ltr'>tolleretur,</span> <span class='ocrx_word' id='word_1_108' title='bbox 1368 1036 1422 1064; x_wconf 90' lang='lat' dir='ltr'>ne</span> <span class='ocrx_word' id='word_1_109' title='bbox 1455 1023 1557 1075; x_wconf 89' lang='lat' dir='ltr'>quid</span> <span class='ocrx_word' id='word_1_110' title='bbox 1588 1036 1701 1064; x_wconf 87' lang='lat' dir='ltr'>nunc</span> <span class='ocrx_word' id='word_1_111' title='bbox 1722 1034 1755 1057; x_wconf 59' lang='grc' dir='ltr'>τὶ</span> 
     </span>
     <span class='ocr_line' id='line_1_14' title="bbox 110 1092 1701 1146; baseline -0.001 -11"><span class='ocrx_word' id='word_1_112' title='bbox 110 1094 252 1135; x_wconf 86' lang='lat' dir='ltr'>dicam</span> <span class='ocrx_word' id='word_1_113' title='bbox 284 1093 337 1134; x_wconf 93' lang='lat' dir='ltr'>de</span> <span class='ocrx_word' id='word_1_114' title='bbox 368 1093 463 1146; x_wconf 90' lang='lat' dir='ltr'>ipsa</span> <span class='ocrx_word' id='word_1_115' title='bbox 501 1105 560 1142; x_wconf 87' lang='lat' dir='ltr'>re,</span> <span class='ocrx_word' id='word_1_116' title='bbox 605 1092 725 1144; x_wconf 90' lang='lat' dir='ltr'>equis</span> <span class='ocrx_word' id='word_1_117' title='bbox 758 1092 940 1144; x_wconf 88' lang='lat' dir='ltr'>publicis</span> <span class='ocrx_word' id='word_1_118' title='bbox 973 1092 1029 1133; x_wconf 89' lang='lat' dir='ltr'>ab</span> <span class='ocrx_word' id='word_1_119' title='bbox 1069 1093 1286 1145; x_wconf 90' lang='lat' dir='ltr'>equitibus</span> <span class='ocrx_word' id='word_1_120' title='bbox 1326 1093 1519 1134; x_wconf 86' lang='lat' dir='ltr'>redditis.</span> <span class='ocrx_word' id='word_1_121' title='bbox 1583 1094 1701 1134; x_wconf 78' lang='lat' dir='ltr'>Prae-</span> 
     </span>
     <span class='ocr_line' id='line_1_15' title="bbox 109 1163 1702 1216; baseline 0 -11"><span class='ocrx_word' id='word_1_122' title='bbox 109 1167 229 1206; x_wconf 89' lang='lat' dir='ltr'>terea</span> <span class='ocrx_word' id='word_1_123' title='bbox 261 1164 354 1204; x_wconf 84' lang='lat' dir='ltr'>haec</span> <span class='ocrx_word' id='word_1_124' title='bbox 386 1163 442 1204; x_wconf 90' lang='lat' dir='ltr'>ad</span> <span class='ocrx_word' id='word_1_125' title='bbox 475 1163 713 1215; x_wconf 86' lang='lat' dir='ltr'>equitatum</span> <span class='ocrx_word' id='word_1_126' title='bbox 747 1163 963 1215; x_wconf 86' lang='lat' dir='ltr'>pertinere</span> <span class='ocrx_word' id='word_1_127' title='bbox 995 1177 1082 1204; x_wconf 92' lang='lat' dir='ltr'>non</span> <span class='ocrx_word' id='word_1_128' title='bbox 1114 1166 1309 1216; x_wconf 78' lang='lat' dir='ltr'>possunt,</span> <span class='ocrx_word' id='word_1_129' title='bbox 1351 1163 1583 1205; x_wconf 89' lang='lat' dir='ltr'>interiectis</span> <span class='ocrx_word' id='word_1_130' title='bbox 1622 1164 1702 1205; x_wconf 90' lang='lat' dir='ltr'>illis</span> 
     </span>
     <span class='ocr_line' id='line_1_16' title="bbox 110 1234 1702 1286; baseline -0.001 -10"><span class='ocrx_word' id='word_1_131' title='bbox 110 1237 233 1276; x_wconf 61' lang='lat' dir='ltr'>etlam</span> <span class='ocrx_word' id='word_1_132' title='bbox 265 1238 446 1275; x_wconf 75' lang='lat' dir='ltr'>senatus.</span> <span class='ocrx_word' id='word_1_133' title='bbox 495 1234 621 1283; x_wconf 86' lang='lat' dir='ltr'>Satis,</span> <span class='ocrx_word' id='word_1_134' title='bbox 655 1234 818 1286; x_wconf 83' lang='lat' dir='ltr'>opinor,</span> <span class='ocrx_word' id='word_1_135' title='bbox 853 1236 1047 1286; x_wconf 87' lang='lat' dir='ltr'>apparet,</span> <span class='ocrx_word' id='word_1_136' title='bbox 1081 1247 1258 1286; x_wconf 89' lang='lat' dir='ltr'>prorsus</span> <span class='ocrx_word' id='word_1_137' title='bbox 1291 1235 1582 1275; x_wconf 86' lang='lat' dir='ltr'>necessariam</span> <span class='ocrx_word' id='word_1_138' title='bbox 1609 1247 1702 1276; x_wconf 90' lang='lat' dir='ltr'>esse</span> 
     </span>
     <span class='ocr_line' id='line_1_17' title="bbox 110 1297 1702 1358; baseline -0.001 -11"><span class='ocrx_word' id='word_1_139' title='bbox 110 1319 206 1347; x_wconf 89' lang='lat' dir='ltr'>eam</span> <span class='ocrx_word' id='word_1_140' title='bbox 238 1297 468 1346; x_wconf 76' lang='lat' dir='ltr'>verborum</span> <span class='ocrx_word' id='word_1_141' title='bbox 503 1304 861 1353; x_wconf 85' lang='lat' dir='ltr'>coniunctionem,</span> <span class='ocrx_word' id='word_1_142' title='bbox 896 1317 991 1356; x_wconf 80' lang='lat' dir='ltr'>quae</span> <span class='ocrx_word' id='word_1_143' title='bbox 1025 1306 1125 1344; x_wconf 88' lang='lat' dir='ltr'>ante</span> <span class='ocrx_word' id='word_1_144' title='bbox 1157 1303 1455 1345; x_wconf 86' lang='lat' dir='ltr'>Heinrichium</span> <span class='ocrx_word' id='word_1_145' title='bbox 1489 1305 1702 1358; x_wconf 79' lang='lat' dir='ltr'>exprime-</span> 
     </span>
     <span class='ocr_line' id='line_1_18' title="bbox 109 1374 1702 1428; baseline -0.001 -10"><span class='ocrx_word' id='word_1_146' title='bbox 109 1377 238 1418; x_wconf 86' lang='lat' dir='ltr'>batur</span> <span class='ocrx_word' id='word_1_147' title='bbox 285 1375 380 1428; x_wconf 84' lang='lat' dir='ltr'>(nec</span> <span class='ocrx_word' id='word_1_148' title='bbox 427 1388 530 1415; x_wconf 88' lang='lat' dir='ltr'>sane</span> <span class='ocrx_word' id='word_1_149' title='bbox 577 1376 669 1415; x_wconf 88' lang='lat' dir='ltr'>haec</span> <span class='ocrx_word' id='word_1_150' title='bbox 715 1374 838 1415; x_wconf 91' lang='lat' dir='ltr'>aliter</span> <span class='ocrx_word' id='word_1_151' title='bbox 877 1374 959 1427; x_wconf 91' lang='lat' dir='ltr'>legi</span> <span class='ocrx_word' id='word_1_152' title='bbox 997 1387 1022 1415; x_wconf 93' lang='lat' dir='ltr'>a</span> <span class='ocrx_word' id='word_1_153' title='bbox 1070 1374 1288 1415; x_wconf 78' lang='lat' dir='ltr'>veteribus</span> <span class='ocrx_word' id='word_1_154' title='bbox 1328 1375 1420 1427; x_wconf 89' lang='lat' dir='ltr'>ipse</span> <span class='ocrx_word' id='word_1_155' title='bbox 1461 1375 1566 1416; x_wconf 91' lang='lat' dir='ltr'>ordo</span> <span class='ocrx_word' id='word_1_156' title='bbox 1606 1388 1702 1416; x_wconf 70' lang='lat' dir='ltr'>ver-</span> 
     </span>
     <span class='ocr_line' id='line_1_19' title="bbox 108 1444 1701 1498; baseline 0 -11"><span class='ocrx_word' id='word_1_157' title='bbox 108 1447 263 1488; x_wconf 87' lang='lat' dir='ltr'>borum</span> <span class='ocrx_word' id='word_1_158' title='bbox 297 1445 497 1498; x_wconf 90' lang='lat' dir='ltr'>sinebat),</span> <span class='ocrx_word' id='word_1_159' title='bbox 546 1458 624 1486; x_wconf 87' lang='lat' dir='ltr'>nec</span> <span class='ocrx_word' id='word_1_160' title='bbox 667 1446 898 1498; x_wconf 87' lang='lat' dir='ltr'>quicquam</span> <span class='ocrx_word' id='word_1_161' title='bbox 940 1444 1007 1485; x_wconf 91' lang='lat' dir='ltr'>hic</span> <span class='ocrx_word' id='word_1_162' title='bbox 1052 1445 1105 1485; x_wconf 89' lang='lat' dir='ltr'>de</span> <span class='ocrx_word' id='word_1_163' title='bbox 1149 1458 1225 1486; x_wconf 77' lang='lat' dir='ltr'>sex</span> <span class='ocrx_word' id='word_1_164' title='bbox 1267 1446 1482 1498; x_wconf 84' lang='lat' dir='ltr'>suffragiis</span> <span class='ocrx_word' id='word_1_165' title='bbox 1525 1446 1701 1487; x_wconf 87' lang='lat' dir='ltr'>dictum.</span> 
     </span>
     <span class='ocr_line' id='line_1_20' title="bbox 107 1515 1703 1570; baseline -0.001 -12"><span class='ocrx_word' id='word_1_166' title='bbox 107 1517 202 1558; x_wconf 88' lang='lat' dir='ltr'>Hoc</span> <span class='ocrx_word' id='word_1_167' title='bbox 233 1517 360 1570; x_wconf 88' lang='lat' dir='ltr'>igitur</span> <span class='ocrx_word' id='word_1_168' title='bbox 392 1517 477 1557; x_wconf 84' lang='lat' dir='ltr'>iam</span> <span class='ocrx_word' id='word_1_169' title='bbox 511 1518 692 1563; x_wconf 85' lang='lat' dir='ltr'>constat,</span> <span class='ocrx_word' id='word_1_170' title='bbox 731 1516 778 1556; x_wconf 89' lang='lat' dir='ltr'>P.</span> <span class='ocrx_word' id='word_1_171' title='bbox 812 1515 1003 1556; x_wconf 81' lang='lat' dir='ltr'>Africani</span> <span class='ocrx_word' id='word_1_172' title='bbox 1035 1516 1213 1556; x_wconf 90' lang='lat' dir='ltr'>minoris</span> <span class='ocrx_word' id='word_1_173' title='bbox 1246 1518 1374 1556; x_wconf 83' lang='lat' dir='ltr'>aetate</span> <span class='ocrx_word' id='word_1_174' title='bbox 1409 1518 1451 1556; x_wconf 90' lang='lat' dir='ltr'>et</span> <span class='ocrx_word' id='word_1_175' title='bbox 1483 1517 1703 1569; x_wconf 86' lang='lat' dir='ltr'>superiore</span> 
     </span>
     <span class='ocr_line' id='line_1_21' title="bbox 109 1586 1701 1640; baseline -0.001 -11"><span class='ocrx_word' id='word_1_176' title='bbox 109 1590 330 1629; x_wconf 87' lang='lat' dir='ltr'>senatores</span> <span class='ocrx_word' id='word_1_177' title='bbox 363 1586 569 1639; x_wconf 84' lang='lat' dir='ltr'>suffragia</span> <span class='ocrx_word' id='word_1_178' title='bbox 600 1586 748 1627; x_wconf 88' lang='lat' dir='ltr'>tulisse</span> <span class='ocrx_word' id='word_1_179' title='bbox 780 1586 824 1626; x_wconf 93' lang='lat' dir='ltr'>in</span> <span class='ocrx_word' id='word_1_180' title='bbox 857 1586 1051 1638; x_wconf 90' lang='lat' dir='ltr'>equitum</span> <span class='ocrx_word' id='word_1_181' title='bbox 1084 1586 1299 1636; x_wconf 89' lang='lat' dir='ltr'>centuriis,</span> <span class='ocrx_word' id='word_1_182' title='bbox 1344 1587 1400 1627; x_wconf 81' lang='lat' dir='ltr'>ad</span> <span class='ocrx_word' id='word_1_183' title='bbox 1440 1588 1701 1640; x_wconf 88' lang='lat' dir='ltr'>eosdemque</span> 
     </span>
     <span class='ocr_line' id='line_1_22' title="bbox 109 1657 1703 1712; baseline 0 -13"><span class='ocrx_word' id='word_1_184' title='bbox 109 1658 344 1711; x_wconf 89' lang='lat' dir='ltr'>pertinere,</span> <span class='ocrx_word' id='word_1_185' title='bbox 393 1671 490 1710; x_wconf 83' lang='lat' dir='ltr'>quae</span> <span class='ocrx_word' id='word_1_186' title='bbox 529 1657 723 1709; x_wconf 77' lang='lat' dir='ltr'>proxime</span> <span class='ocrx_word' id='word_1_187' title='bbox 763 1657 982 1705; x_wconf 81' lang='lat' dir='ltr'>dicuntur,</span> <span class='ocrx_word' id='word_1_188' title='bbox 1032 1657 1164 1698; x_wconf 87' lang='lat' dir='ltr'>fuisse</span> <span class='ocrx_word' id='word_1_189' title='bbox 1204 1660 1317 1706; x_wconf 87' lang='lat' dir='ltr'>tum,</span> <span class='ocrx_word' id='word_1_190' title='bbox 1368 1658 1459 1710; x_wconf 92' lang='lat' dir='ltr'>qui,</span> <span class='ocrx_word' id='word_1_191' title='bbox 1508 1659 1703 1712; x_wconf 86' lang='lat' dir='ltr'>neglecta</span> 
     </span>
     <span class='ocr_line' id='line_1_23' title="bbox 108 1728 1703 1780; baseline 0 -10"><span class='ocrx_word' id='word_1_192' title='bbox 108 1729 200 1770; x_wconf 89' lang='lat' dir='ltr'>utili</span> <span class='ocrx_word' id='word_1_193' title='bbox 230 1729 312 1770; x_wconf 89' lang='lat' dir='ltr'>hac</span> <span class='ocrx_word' id='word_1_194' title='bbox 344 1730 592 1770; x_wconf 88' lang='lat' dir='ltr'>senatorum</span> <span class='ocrx_word' id='word_1_195' title='bbox 627 1740 723 1768; x_wconf 88' lang='lat' dir='ltr'>cum</span> <span class='ocrx_word' id='word_1_196' title='bbox 758 1729 951 1780; x_wconf 87' lang='lat' dir='ltr'>equitum</span> <span class='ocrx_word' id='word_1_197' title='bbox 992 1728 1194 1768; x_wconf 86' lang='lat' dir='ltr'>centuriis</span> <span class='ocrx_word' id='word_1_198' title='bbox 1228 1729 1540 1778; x_wconf 79' lang='lat' dir='ltr'>coniunctione,</span> <span class='ocrx_word' id='word_1_199' title='bbox 1590 1730 1703 1770; x_wconf 91' lang='lat' dir='ltr'>eius-</span> 
     </span>
     <span class='ocr_line' id='line_1_24' title="bbox 108 1798 1702 1852; baseline 0 -12"><span class='ocrx_word' id='word_1_200' title='bbox 108 1799 224 1840; x_wconf 89' lang='lat' dir='ltr'>modi</span> <span class='ocrx_word' id='word_1_201' title='bbox 256 1799 525 1852; x_wconf 82' lang='lat' dir='ltr'>largitionem</span> <span class='ocrx_word' id='word_1_202' title='bbox 559 1801 777 1850; x_wconf 90' lang='lat' dir='ltr'>cuperent,</span> <span class='ocrx_word' id='word_1_203' title='bbox 811 1801 859 1839; x_wconf 90' lang='lat' dir='ltr'>ut</span> <span class='ocrx_word' id='word_1_204' title='bbox 883 1811 1016 1851; x_wconf 87' lang='lat' dir='ltr'>equos</span> <span class='ocrx_word' id='word_1_205' title='bbox 1040 1798 1265 1851; x_wconf 86' lang='lat' dir='ltr'>plebiscito</span> <span class='ocrx_word' id='word_1_206' title='bbox 1291 1798 1434 1851; x_wconf 83' lang='lat' dir='ltr'>aliquo</span> <span class='ocrx_word' id='word_1_207' title='bbox 1459 1799 1702 1840; x_wconf 89' lang='lat' dir='ltr'>redderent.</span> 
     </span>
     <span class='ocr_line' id='line_1_25' title="bbox 108 1869 1700 1923; baseline -0.001 -12"><span class='ocrx_word' id='word_1_208' title='bbox 108 1870 171 1911; x_wconf 80' lang='lat' dir='ltr'>Ex</span> <span class='ocrx_word' id='word_1_209' title='bbox 203 1883 287 1922; x_wconf 89' lang='lat' dir='ltr'>quo</span> <span class='ocrx_word' id='word_1_210' title='bbox 319 1871 507 1923; x_wconf 87' lang='lat' dir='ltr'>primum</span> <span class='ocrx_word' id='word_1_211' title='bbox 546 1869 590 1910; x_wconf 90' lang='lat' dir='ltr'>id</span> <span class='ocrx_word' id='word_1_212' title='bbox 628 1869 887 1922; x_wconf 82' lang='lat' dir='ltr'>intelligitur,</span> <span class='ocrx_word' id='word_1_213' title='bbox 937 1869 1053 1921; x_wconf 89' lang='lat' dir='ltr'>quod</span> <span class='ocrx_word' id='word_1_214' title='bbox 1093 1869 1148 1910; x_wconf 91' lang='lat' dir='ltr'>ad</span> <span class='ocrx_word' id='word_1_215' title='bbox 1188 1872 1378 1910; x_wconf 87' lang='lat' dir='ltr'>ceteram</span> <span class='ocrx_word' id='word_1_216' title='bbox 1418 1871 1700 1922; x_wconf 70' lang='lat' dir='ltr'>quaestionem</span> 
     </span>
     <span class='ocr_line' id='line_1_26' title="bbox 109 1939 1700 1993; baseline 0 -12"><span class='ocrx_word' id='word_1_217' title='bbox 109 1940 161 1981; x_wconf 89' lang='lat' dir='ltr'>de</span> <span class='ocrx_word' id='word_1_218' title='bbox 194 1941 343 1982; x_wconf 88' lang='lat' dir='ltr'>ordine</span> <span class='ocrx_word' id='word_1_219' title='bbox 376 1939 565 1993; x_wconf 89' lang='lat' dir='ltr'>equestri</span> <span class='ocrx_word' id='word_1_220' title='bbox 596 1952 683 1980; x_wconf 88' lang='lat' dir='ltr'>non</span> <span class='ocrx_word' id='word_1_221' title='bbox 717 1939 857 1992; x_wconf 77' lang='lat' dir='ltr'>exigui</span> <span class='ocrx_word' id='word_1_222' title='bbox 889 1942 952 1980; x_wconf 89' lang='lat' dir='ltr'>est</span> <span class='ocrx_word' id='word_1_223' title='bbox 986 1940 1207 1987; x_wconf 86' lang='lat' dir='ltr'>momenti,</span> <span class='ocrx_word' id='word_1_224' title='bbox 1257 1941 1299 1980; x_wconf 91' lang='lat' dir='ltr'>in</span> <span class='ocrx_word' id='word_1_225' title='bbox 1344 1941 1547 1981; x_wconf 87' lang='lat' dir='ltr'>centuriis</span> <span class='ocrx_word' id='word_1_226' title='bbox 1581 1940 1700 1993; x_wconf 88' lang='lat' dir='ltr'>equi—</span> 
     </span>
     <span class='ocr_line' id='line_1_27' title="bbox 107 2010 1702 2064; baseline -0.001 -12"><span class='ocrx_word' id='word_1_227' title='bbox 107 2014 220 2061; x_wconf 88' lang='lat' dir='ltr'>tum,</span> <span class='ocrx_word' id='word_1_228' title='bbox 270 2024 366 2064; x_wconf 87' lang='lat' dir='ltr'>quae</span> <span class='ocrx_word' id='word_1_229' title='bbox 405 2024 509 2052; x_wconf 89' lang='lat' dir='ltr'>sane</span> <span class='ocrx_word' id='word_1_230' title='bbox 549 2010 668 2051; x_wconf 92' lang='lat' dir='ltr'>initio</span> <span class='ocrx_word' id='word_1_231' title='bbox 706 2023 793 2050; x_wconf 91' lang='lat' dir='ltr'>non</span> <span class='ocrx_word' id='word_1_232' title='bbox 831 2010 926 2050; x_wconf 82' lang='lat' dir='ltr'>aliae</span> <span class='ocrx_word' id='word_1_233' title='bbox 967 2013 1088 2051; x_wconf 86' lang='lat' dir='ltr'>erant</span> <span class='ocrx_word' id='word_1_234' title='bbox 1128 2024 1259 2063; x_wconf 89' lang='lat' dir='ltr'>quam</span> <span class='ocrx_word' id='word_1_235' title='bbox 1298 2013 1454 2051; x_wconf 83' lang='lat' dir='ltr'>turmae</span> <span class='ocrx_word' id='word_1_236' title='bbox 1495 2011 1702 2051; x_wconf 86' lang='lat' dir='ltr'>militares</span> 
     </span>
     <span class='ocr_line' id='line_1_28' title="bbox 105 2080 1701 2134; baseline 0 -12"><span class='ocrx_word' id='word_1_237' title='bbox 105 2081 314 2134; x_wconf 86' lang='lat' dir='ltr'>equitum,</span> <span class='ocrx_word' id='word_1_238' title='bbox 362 2082 580 2122; x_wconf 89' lang='lat' dir='ltr'>neminem</span> <span class='ocrx_word' id='word_1_239' title='bbox 620 2081 764 2130; x_wconf 85' lang='lat' dir='ltr'>fuisse,</span> <span class='ocrx_word' id='word_1_240' title='bbox 813 2080 895 2121; x_wconf 90' lang='lat' dir='ltr'>nisi</span> <span class='ocrx_word' id='word_1_241' title='bbox 934 2081 1006 2133; x_wconf 91' lang='lat' dir='ltr'>qui</span> <span class='ocrx_word' id='word_1_242' title='bbox 1046 2094 1204 2133; x_wconf 89' lang='lat' dir='ltr'>equum</span> <span class='ocrx_word' id='word_1_243' title='bbox 1243 2081 1465 2134; x_wconf 88' lang='lat' dir='ltr'>publicum</span> <span class='ocrx_word' id='word_1_244' title='bbox 1506 2081 1701 2122; x_wconf 87' lang='lat' dir='ltr'>haberet.</span> 
     </span>
     <span class='ocr_line' id='line_1_29' title="bbox 108 2151 1702 2204; baseline 0.001 -12"><span class='ocrx_word' id='word_1_245' title='bbox 108 2152 256 2204; x_wconf 89' lang='lat' dir='ltr'>Neque</span> <span class='ocrx_word' id='word_1_246' title='bbox 305 2153 418 2193; x_wconf 90' lang='lat' dir='ltr'>enim</span> <span class='ocrx_word' id='word_1_247' title='bbox 466 2152 608 2200; x_wconf 89' lang='lat' dir='ltr'>aliter,</span> <span class='ocrx_word' id='word_1_248' title='bbox 667 2151 949 2192; x_wconf 87' lang='lat' dir='ltr'>reddentibus</span> <span class='ocrx_word' id='word_1_249' title='bbox 997 2164 1130 2204; x_wconf 90' lang='lat' dir='ltr'>equos</span> <span class='ocrx_word' id='word_1_250' title='bbox 1178 2152 1473 2201; x_wconf 86' lang='lat' dir='ltr'>senatoribus,</span> <span class='ocrx_word' id='word_1_251' title='bbox 1530 2152 1702 2193; x_wconf 86' lang='lat' dir='ltr'>sublata</span> 
     </span>
     <span class='ocr_line' id='line_1_30' title="bbox 109 2222 1701 2275; baseline 0 -12"><span class='ocrx_word' id='word_1_252' title='bbox 109 2225 222 2263; x_wconf 89' lang='lat' dir='ltr'>esset</span> <span class='ocrx_word' id='word_1_253' title='bbox 254 2222 337 2271; x_wconf 81' lang='lat' dir='ltr'>illa,</span> <span class='ocrx_word' id='word_1_254' title='bbox 387 2235 517 2275; x_wconf 88' lang='lat' dir='ltr'>quam</span> <span class='ocrx_word' id='word_1_255' title='bbox 552 2222 665 2272; x_wconf 86' lang='lat' dir='ltr'>dicit,</span> <span class='ocrx_word' id='word_1_256' title='bbox 714 2222 889 2263; x_wconf 87' lang='lat' dir='ltr'>utilitas.</span> <span class='ocrx_word' id='word_1_257' title='bbox 952 2222 1095 2274; x_wconf 85' lang='lat' dir='ltr'>Atque</span> <span class='ocrx_word' id='word_1_258' title='bbox 1127 2222 1208 2263; x_wconf 89' lang='lat' dir='ltr'>hoc</span> <span class='ocrx_word' id='word_1_259' title='bbox 1241 2235 1266 2263; x_wconf 88' lang='lat' dir='ltr'>a</span> <span class='ocrx_word' id='word_1_260' title='bbox 1299 2235 1368 2263; x_wconf 90' lang='lat' dir='ltr'>me</span> <span class='ocrx_word' id='word_1_261' title='bbox 1401 2223 1701 2272; x_wconf 69' lang='lat' dir='ltr'>animadverti,</span> 
     </span>
     <span class='ocr_line' id='line_1_31' title="bbox 108 2293 1701 2346; baseline 0 -13"><span class='ocrx_word' id='word_1_262' title='bbox 108 2293 393 2342; x_wconf 87' lang='lat' dir='ltr'>mirabuntur,</span> <span class='ocrx_word' id='word_1_263' title='bbox 443 2294 514 2346; x_wconf 90' lang='lat' dir='ltr'>qui</span> <span class='ocrx_word' id='word_1_264' title='bbox 562 2307 584 2334; x_wconf 93' lang='lat' dir='ltr'>e</span> <span class='ocrx_word' id='word_1_265' title='bbox 632 2293 880 2346; x_wconf 76' lang='lat' dir='ltr'>vulgaribus</span> <span class='ocrx_word' id='word_1_266' title='bbox 928 2293 1236 2345; x_wconf 87' lang='lat' dir='ltr'>antiquitatum</span> <span class='ocrx_word' id='word_1_267' title='bbox 1283 2293 1403 2334; x_wconf 91' lang='lat' dir='ltr'>libris</span> <span class='ocrx_word' id='word_1_268' title='bbox 1447 2293 1701 2334; x_wconf 84' lang='lat' dir='ltr'>didicerunt.</span> 
     </span>
     <span class='ocr_line' id='line_1_32' title="bbox 109 2363 1701 2416; baseline 0 -12"><span class='ocrx_word' id='word_1_269' title='bbox 109 2363 297 2416; x_wconf 90' lang='lat' dir='ltr'>equitem</span> <span class='ocrx_word' id='word_1_270' title='bbox 319 2363 568 2405; x_wconf 87' lang='lat' dir='ltr'>Romanum</span> <span class='ocrx_word' id='word_1_271' title='bbox 591 2363 737 2413; x_wconf 89' lang='lat' dir='ltr'>fuisse,</span> <span class='ocrx_word' id='word_1_272' title='bbox 773 2363 839 2404; x_wconf 85' lang='lat' dir='ltr'>cui</span> <span class='ocrx_word' id='word_1_273' title='bbox 861 2376 997 2415; x_wconf 90' lang='lat' dir='ltr'>equus</span> <span class='ocrx_word' id='word_1_274' title='bbox 1030 2363 1228 2415; x_wconf 87' lang='lat' dir='ltr'>publicus</span> <span class='ocrx_word' id='word_1_275' title='bbox 1257 2377 1282 2404; x_wconf 77' lang='lat' dir='ltr'>a</span> <span class='ocrx_word' id='word_1_276' title='bbox 1305 2376 1482 2405; x_wconf 87' lang='lat' dir='ltr'>censore</span> <span class='ocrx_word' id='word_1_277' title='bbox 1514 2364 1701 2404; x_wconf 86' lang='lat' dir='ltr'>tributus</span> 
     </span>
     <span class='ocr_line' id='line_1_33' title="bbox 108 2433 1701 2486; baseline 0 -12"><span class='ocrx_word' id='word_1_278' title='bbox 108 2436 240 2483; x_wconf 88' lang='lat' dir='ltr'>esset;</span> <span class='ocrx_word' id='word_1_279' title='bbox 273 2434 351 2475; x_wconf 88' lang='lat' dir='ltr'>sed</span> <span class='ocrx_word' id='word_1_280' title='bbox 376 2434 499 2475; x_wconf 90' lang='lat' dir='ltr'>multi</span> <span class='ocrx_word' id='word_1_281' title='bbox 530 2448 617 2475; x_wconf 88' lang='lat' dir='ltr'>non</span> <span class='ocrx_word' id='word_1_282' title='bbox 648 2434 789 2475; x_wconf 90' lang='lat' dir='ltr'>solum</span> <span class='ocrx_word' id='word_1_283' title='bbox 821 2433 1011 2486; x_wconf 89' lang='lat' dir='ltr'>equestri</span> <span class='ocrx_word' id='word_1_284' title='bbox 1043 2447 1174 2474; x_wconf 89' lang='lat' dir='ltr'>censu</span> <span class='ocrx_word' id='word_1_285' title='bbox 1206 2433 1393 2483; x_wconf 84' lang='lat' dir='ltr'>fuerunt,</span> <span class='ocrx_word' id='word_1_286' title='bbox 1427 2434 1504 2475; x_wconf 91' lang='lat' dir='ltr'>sed</span> <span class='ocrx_word' id='word_1_287' title='bbox 1537 2434 1701 2486; x_wconf 89' lang='lat' dir='ltr'>equites</span> 
     </span>
     <span class='ocr_line' id='line_1_34' title="bbox 107 2504 1702 2558; baseline 0.001 -14"><span class='ocrx_word' id='word_1_288' title='bbox 107 2504 325 2557; x_wconf 88' lang='lat' dir='ltr'>appellati,</span> <span class='ocrx_word' id='word_1_289' title='bbox 375 2506 447 2557; x_wconf 89' lang='lat' dir='ltr'>qui</span> <span class='ocrx_word' id='word_1_290' title='bbox 491 2518 650 2558; x_wconf 89' lang='lat' dir='ltr'>equum</span> <span class='ocrx_word' id='word_1_291' title='bbox 692 2504 913 2556; x_wconf 88' lang='lat' dir='ltr'>publicum</span> <span class='ocrx_word' id='word_1_292' title='bbox 956 2517 1042 2545; x_wconf 90' lang='lat' dir='ltr'>non</span> <span class='ocrx_word' id='word_1_293' title='bbox 1080 2504 1341 2545; x_wconf 88' lang='lat' dir='ltr'>habuerunt.</span> <span class='ocrx_word' id='word_1_294' title='bbox 1411 2504 1576 2545; x_wconf 88' lang='lat' dir='ltr'>Deinde</span> <span class='ocrx_word' id='word_1_295' title='bbox 1615 2505 1702 2545; x_wconf 88' lang='lat' dir='ltr'>iam</span> 
     </span>
     <span class='ocr_line' id='line_1_35' title="bbox 108 2574 1701 2628; baseline 0 -13"><span class='ocrx_word' id='word_1_296' title='bbox 108 2574 356 2625; x_wconf 88' lang='lat' dir='ltr'>concidunt,</span> <span class='ocrx_word' id='word_1_297' title='bbox 406 2588 503 2628; x_wconf 74' lang='lat' dir='ltr'>quae</span> <span class='ocrx_word' id='word_1_298' title='bbox 541 2575 803 2616; x_wconf 70' lang='lat' dir='ltr'>Niebuhrius</span> <span class='ocrx_word' id='word_1_299' title='bbox 842 2575 954 2615; x_wconf 88' lang='lat' dir='ltr'>Hist.</span> <span class='ocrx_word' id='word_1_300' title='bbox 987 2574 1114 2616; x_wconf 89' lang='lat' dir='ltr'>Rom.</span> <span class='ocrx_word' id='word_1_301' title='bbox 1147 2575 1163 2615; x_wconf 94' lang='grc' dir='ltr'>Ι</span> <span class='ocrx_word' id='word_1_302' title='bbox 1195 2589 1237 2628; x_wconf 88' lang='lat' dir='ltr'>p.</span> <span class='ocrx_word' id='word_1_303' title='bbox 1270 2576 1355 2616; x_wconf 78' lang='lat'>456</span> <span class='ocrx_word' id='word_1_304' title='bbox 1397 2575 1449 2615; x_wconf 91' lang='lat' dir='ltr'>de</span> <span class='ocrx_word' id='word_1_305' title='bbox 1489 2576 1570 2615; x_wconf 90' lang='grc'><strong>1100</strong></span> <span class='ocrx_word' id='word_1_306' title='bbox 1609 2574 1701 2615; x_wconf 90' lang='grc'><strong>1000</strong></span> 
     </span>
     <span class='ocr_line' id='line_1_36' title="bbox 108 2645 1700 2698; baseline -0.001 -11"><span class='ocrx_word' id='word_1_307' title='bbox 108 2645 356 2698; x_wconf 85' lang='lat' dir='ltr'>disputavit,</span> <span class='ocrx_word' id='word_1_308' title='bbox 388 2659 488 2695; x_wconf 91' lang='lat' dir='ltr'>non,</span> <span class='ocrx_word' id='word_1_309' title='bbox 530 2646 645 2698; x_wconf 89' lang='lat' dir='ltr'>quod</span> <span class='ocrx_word' id='word_1_310' title='bbox 678 2648 754 2694; x_wconf 89' lang='lat' dir='ltr'>est,</span> <span class='ocrx_word' id='word_1_311' title='bbox 789 2645 845 2686; x_wconf 88' lang='lat' dir='ltr'>ad</span> <span class='ocrx_word' id='word_1_312' title='bbox 877 2647 1112 2695; x_wconf 85' lang='lat' dir='ltr'>senatores,</span> <span class='ocrx_word' id='word_1_313' title='bbox 1153 2646 1229 2687; x_wconf 89' lang='lat' dir='ltr'>sed</span> <span class='ocrx_word' id='word_1_314' title='bbox 1263 2646 1318 2686; x_wconf 89' lang='lat' dir='ltr'>ad</span> <span class='ocrx_word' id='word_1_315' title='bbox 1351 2659 1502 2687; x_wconf 90' lang='lat' dir='ltr'>omnes</span> <span class='ocrx_word' id='word_1_316' title='bbox 1535 2647 1700 2698; x_wconf 87' lang='lat' dir='ltr'>equites</span> 
     </span>
     <span class='ocr_line' id='line_1_37' title="bbox 107 2715 1700 2769; baseline 0.001 -13"><span class='ocrx_word' id='word_1_317' title='bbox 107 2715 219 2757; x_wconf 84' lang='lat' dir='ltr'>hanc</span> <span class='ocrx_word' id='word_1_318' title='bbox 267 2729 477 2769; x_wconf 84' lang='lat' dir='ltr'>equorum</span> <span class='ocrx_word' id='word_1_319' title='bbox 524 2716 844 2757; x_wconf 86' lang='lat' dir='ltr'>reddendorum</span> <span class='ocrx_word' id='word_1_320' title='bbox 883 2717 1146 2757; x_wconf 85' lang='lat' dir='ltr'>mentionem</span> <span class='ocrx_word' id='word_1_321' title='bbox 1187 2718 1384 2769; x_wconf 88' lang='lat' dir='ltr'>spectare</span> <span class='ocrx_word' id='word_1_322' title='bbox 1424 2719 1567 2765; x_wconf 87' lang='lat' dir='ltr'>ratus;</span> <span class='ocrx_word' id='word_1_323' title='bbox 1616 2729 1700 2768; x_wconf 86' lang='lat' dir='ltr'>quo</span> 
     </span>
     <span class='ocr_line' id='line_1_38' title="bbox 107 2785 1700 2840; baseline 0 -14"><span class='ocrx_word' id='word_1_324' title='bbox 107 2785 199 2827; x_wconf 89' lang='lat' dir='ltr'>loco</span> <span class='ocrx_word' id='word_1_325' title='bbox 231 2789 443 2839; x_wconf 83' lang='lat' dir='ltr'>praeterea</span> <span class='ocrx_word' id='word_1_326' title='bbox 475 2787 681 2828; x_wconf 89' lang='lat' dir='ltr'>damnum</span> <span class='ocrx_word' id='word_1_327' title='bbox 715 2787 882 2827; x_wconf 90' lang='lat' dir='ltr'>illatum</span> <span class='ocrx_word' id='word_1_328' title='bbox 913 2787 976 2837; x_wconf 87' lang='lat' dir='ltr'>iis,</span> <span class='ocrx_word' id='word_1_329' title='bbox 1011 2787 1083 2840; x_wconf 85' lang='lat' dir='ltr'>qui</span> <span class='ocrx_word' id='word_1_330' title='bbox 1117 2799 1249 2839; x_wconf 88' lang='lat' dir='ltr'>equos</span> <span class='ocrx_word' id='word_1_331' title='bbox 1282 2787 1463 2828; x_wconf 89' lang='lat' dir='ltr'>reddere</span> <span class='ocrx_word' id='word_1_332' title='bbox 1497 2799 1700 2839; x_wconf 87' lang='lat' dir='ltr'>cogeren-</span> 
     </span>
     <span class='ocr_line' id='line_1_39' title="bbox 107 2857 1699 2910; baseline 0.002 -13"><span class='ocrx_word' id='word_1_333' title='bbox 107 2858 189 2906; x_wconf 89' lang='lat' dir='ltr'>tur,</span> <span class='ocrx_word' id='word_1_334' title='bbox 237 2857 445 2909; x_wconf 84' lang='lat' dir='ltr'>intelligit,</span> <span class='ocrx_word' id='word_1_335' title='bbox 495 2858 611 2910; x_wconf 88' lang='lat' dir='ltr'>quod</span> <span class='ocrx_word' id='word_1_336' title='bbox 649 2870 728 2897; x_wconf 89' lang='lat' dir='ltr'>nec</span> <span class='ocrx_word' id='word_1_337' title='bbox 767 2869 859 2897; x_wconf 90' lang='lat' dir='ltr'>rem</span> <span class='ocrx_word' id='word_1_338' title='bbox 898 2858 1150 2910; x_wconf 88' lang='lat' dir='ltr'>permittere</span> <span class='ocrx_word' id='word_1_339' title='bbox 1190 2871 1269 2899; x_wconf 84' lang='lat' dir='ltr'>nec</span> <span class='ocrx_word' id='word_1_340' title='bbox 1302 2858 1437 2899; x_wconf 73' lang='lat' dir='ltr'>verba</span> <span class='ocrx_word' id='word_1_341' title='bbox 1470 2857 1699 2900; x_wconf 71' lang='lat' dir='ltr'>Ciceronis,</span> 
     </span>
     <span class='ocr_line' id='line_1_40' title="bbox 109 2926 1700 2981; baseline 0 -14"><span class='ocrx_word' id='word_1_342' title='bbox 109 2926 249 2968; x_wconf 89' lang='lat' dir='ltr'>dicam</span> <span class='ocrx_word' id='word_1_343' title='bbox 287 2927 417 2980; x_wconf 87' lang='lat' dir='ltr'>paulo</span> <span class='ocrx_word' id='word_1_344' title='bbox 456 2930 568 2980; x_wconf 87' lang='lat' dir='ltr'>post.</span> <span class='ocrx_word' id='word_1_345' title='bbox 637 2927 723 2969; x_wconf 87' lang='lat' dir='ltr'>Sed</span> <span class='ocrx_word' id='word_1_346' title='bbox 761 2940 896 2968; x_wconf 90' lang='lat' dir='ltr'>unum</span> <span class='ocrx_word' id='word_1_347' title='bbox 937 2930 1104 2981; x_wconf 80' lang='lat' dir='ltr'>egregie</span> <span class='ocrx_word' id='word_1_348' title='bbox 1143 2929 1462 2978; x_wconf 81' lang='lat' dir='ltr'>animadvertit,</span> <span class='ocrx_word' id='word_1_349' title='bbox 1511 2929 1571 2968; x_wconf 86' lang='lat' dir='ltr'>ita</span> <span class='ocrx_word' id='word_1_350' title='bbox 1608 2928 1700 2967; x_wconf 80' lang='lat' dir='ltr'>haec</span> 
     </span>
    </p>
   </div>
  </div>
 </body>
</html>
