1915 3235
1007 104 1093 145 5260

252 237 328 284 est,
377 237 424 275 ut
456 233 555 283 dixi,
605 235 857 286 apographa
890 234 1067 286 antiqua
1099 233 1227 286 primi
1258 234 1369 275 illius
1403 235 1642 275 communis
1676 235 1845 286 codicis,

249 307 426 358 propter
465 304 694 345 evanidam
734 305 825 345 sine
867 304 999 345 dubio
1039 305 1130 345 eius
1171 305 1431 357 scripturam
1472 305 1606 346 verba
1646 306 1846 358 quaedam

250 378 291 416 et
325 375 514 429 syllabas
548 375 798 425 omiserunt,
847 388 973 416 Versu
1013 375 1151 416 fracto
1191 389 1278 417 non
1315 375 1458 416 minus
1499 389 1630 428 quam
1671 378 1845 418 senten-

178 461 229 486 320
249 442 368 498 tia.¹)
438 445 549 486 Nam
584 459 716 498 quum
750 445 793 486 in
826 446 919 487 cod.
954 445 1245 500 Gottorpiensi
1279 451 1321 488 et
1352 450 1535 500 utroque
1568 448 1846 500 Lugdunensi

249 517 457 570 scriptum
490 516 564 557 sit:

425 635 636 676 Naturam
669 634 840 676 mundi:
875 649 1125 689 quanquam
1159 637 1343 690 praedita
1377 637 1516 690 culpa,

248 754 466 807 expletum
514 753 596 794 1100
644 757 708 794 est
747 753 790 794 in
830 753 1006 796 alterius
1044 755 1155 796 illius
1195 755 1444 796 recentioris
1484 754 1627 807 stirpis
1660 767 1844 807 apogra-

245 826 361 879 phis:
417 839 658 880 quemquam
705 825 792 866 lecee
839 826 922 866 sint
969 825 1098 879 (sunt)
1139 826 1330 880 prcedita
1377 826 1513 879 eulpa.
1590 824 1843 878 Superiores

246 896 445 947 editores,
479 896 697 938 intellecto
731 899 773 938 et
804 910 881 950 per
913 910 959 938 se
992 900 1034 938 et
1067 910 1119 938 ex
1151 897 1244 939 loco
1276 897 1373 938 libri
1407 896 1556 950 quinti,
1601 909 1698 948 quae
1731 897 1845 936 esset

245 967 430 1009 Lucretii
462 967 690 1018 sententia,
734 967 1071 1010 substituerant:
1120 983 1210 1023 quse
1243 973 1361 1010 tanta
1395 972 1451 1008 est
1475 967 1666 1021 prcedita
1698 967 1842 1020 eulpa;

243 1052 323 1080 nec
370 1041 540 1091 poterat
586 1040 716 1091 poeta
755 1039 848 1080 haec
886 1039 1021 1080 Verba
1059 1039 1240 1089 variare,
1291 1053 1387 1092 quae
1434 1039 1576 1092 ipsum
1624 1037 1844 1079 continent

245 1112 376 1162 caput
413 1110 640 1150 sententiae
680 1109 902 1163 Epicureae
942 1112 1125 1163 utroque
1173 1111 1266 1152 loco
1313 1111 1478 1163 positae,
1529 1122 1581 1150 ex
1628 1109 1842 1162 pravitate

243 1182 411 1221 naturae
444 1181 595 1221 mundi
627 1181 825 1234 perspici,
865 1194 953 1222 non
985 1181 1188 1222 divinitus
1223 1195 1321 1222 eum
1356 1194 1449 1222 esse
1484 1182 1693 1222 creatum.
1757 1180 1843 1221 Sed

244 1264 316 1293 eos
363 1251 686 1302 Wakefieldius,
735 1252 807 1293 illa
854 1253 1205 1305 apographorum
1253 1252 1557 1305 supplementa
1602 1251 1840 1303 amplexus,

243 1322 431 1376 graviter
477 1323 756 1375 reprehendit
802 1323 1116 1376 mirificamque
1165 1323 1379 1376 excogitat
1418 1323 1841 1376 interpretationem:

248 1393 370 1443 „licet
416 1393 460 1434 in
506 1393 731 1435 hominum
779 1394 1160 1447 reprehensionem
1200 1394 1292 1435 haec
1331 1394 1606 1447 philosophia
1637 1395 1840 1444 incurrat,

243 1464 365 1517 quasi
398 1464 588 1506 scelestis
622 1467 664 1506 et
695 1465 837 1518 impiis
871 1477 922 1506 ex
963 1465 1185 1506 elementis
1219 1465 1496 1506 constituta“.
1559 1465 1708 1518 Neque
1740 1478 1840 1517 pro-

240 1535 414 1577 nomine
447 1535 534 1576 laec
565 1537 609 1576 in
653 1535 796 1577 medio
841 1549 968 1577 cursu
1011 1536 1306 1588 explicationis
1349 1549 1494 1577 rerum
1539 1536 1655 1577 nude
1698 1536 1840 1588 posito

240 1606 470 1660 significari
502 1607 822 1659 philosophiam
855 1607 1113 1659 Epicuream
1146 1620 1289 1660 posse,
1323 1620 1465 1661 neque
1495 1606 1724 1661 preedz'tum
1757 1619 1840 1647 esse

240 1678 363 1731 eulpa
388 1690 481 1718 esse
504 1679 550 1718 in
579 1676 935 1732 reprehensionem
962 1679 1189 1727 incurrere,
1223 1691 1308 1719 non
1336 1681 1413 1729 est,
1448 1679 1564 1731 quod
1588 1677 1838 1727 ostendam,

239 1762 318 1790 nec
360 1749 419 1789 illi
459 1750 582 1802 quasi
624 1749 677 1789 de
716 1748 905 1789 nubibus
939 1749 1110 1790 cadenti
1141 1749 1313 1790 invidiae
1346 1750 1573 1791 remotioni
1612 1749 1682 1790 1110
1720 1749 1839 1790 locus

240 1822 317 1869 est,
352 1833 449 1872 quae
481 1819 524 1860 in
557 1820 708 1872 quavis
740 1819 899 1872 pagina
932 1833 1054 1872 aeque
1088 1820 1328 1870 commode,
1369 1821 1413 1861 id
1446 1823 1523 1871 est,
1565 1819 1838 1862 incommode

238 1893 485 1943 poneretur.
534 1891 595 1932 Ea
627 1904 753 1931 suum
786 1891 928 1932 locum
960 1891 1094 1932 habet
1126 1892 1168 1932 in
1200 1891 1411 1944 prooemio
1435 1891 1532 1933 libri
1565 1896 1606 1932 et
1638 1891 1837 1932 carminis

239 1960 286 2015 (I,
321 1962 370 2002 81
410 1960 487 2013 [80
519 1960 588 2014 R]
622 1959 748 2014 sqq).

357 2032 463 2073 Haec
501 2032 754 2073 lacunarum
798 2032 998 2074 omnibus
1046 2033 1265 2074 codicibus
1314 2033 1609 2075 communium
1657 2033 1837 2074 demon-

239 2104 402 2152 stratio,
437 2117 618 2156 quarum
654 2104 771 2156 origo
804 2105 908 2145 satis
941 2107 1094 2157 aperta
1127 2106 1192 2145 est
1225 2103 1321 2157 (nec
1354 2104 1640 2157 improbabile
1674 2106 1751 2154 est,
1786 2104 1834 2154 si,

239 2174 354 2226 quod
400 2175 594 2215 nondum
643 2175 786 2216 facere
825 2176 958 2227 potui,
1007 2177 1251 2228 perattente
1300 2188 1449 2216 omnes
1497 2177 1737 2216 ceterorum
1785 2175 1835 2215 li-

276 2382 305 2426 ¹)
331 2385 548 2420 Huiusmodi
581 2383 644 2427 est,
684 2390 724 2420 ut
756 2397 872 2420 unum
906 2396 947 2420 ex
983 2385 1108 2419 multis
1141 2385 1302 2427 afferam,
1342 2386 1423 2421 libri
1456 2387 1563 2431 primi
1595 2399 1628 2422 v.
1656 2387 1758 2429 1032,
1796 2387 1832 2421 in

333 2444 433 2478 codd.
461 2445 510 2479 sic
537 2445 708 2490 scriptus:

1308 2504 1392 2538 solis
1418 2508 1516 2538 terra
1542 2516 1675 2549 vapore

396 2562 485 2596 Fota
511 2567 620 2597 novet
646 2564 750 2602 fetus,
778 2574 996 2607 summaque
1022 2561 1182 2605 (summa
1208 2562 1293 2606 qua)
1320 2574 1406 2607 gens
1434 2564 1675 2598 animantum.

332 2632 525 2666 Substituit
563 2635 683 2668 nescio
723 2635 802 2678 quis
841 2635 958 2669 editor
995 2637 1256 2678 summissaque
1291 2646 1378 2678 qens
1416 2637 1658 2672 animantum5
1704 2633 1833 2668 audac-

332 2696 400 2729 ter;
442 2692 521 2736 quis
555 2692 652 2726 enim
685 2693 815 2737 neget?
853 2694 924 2728 Sed
955 2694 1213 2728 Wakefieldius
1250 2693 1488 2736 „modestius⁴‘
1526 2693 1667 2737 scripsit
1692 2699 1833 2727 summa

331 2762 476 2795 quoque,
504 2752 571 2784 hac
597 2752 761 2796 apposita
787 2752 1100 2798 interpretatione:
1144 2754 1214 2795 „ita
1240 2753 1377 2795 floreat,
1411 2756 1451 2787 ut
1477 2763 1622 2787 summa
1648 2752 1724 2786 eius
1751 2763 1832 2786 con-

331 2810 433 2844 sistat
471 2810 548 2844 sine
587 2810 735 2844 interitu
773 2814 860 2853 toto,
899 2812 934 2846 id
973 2812 1069 2856 quod
1107 2812 1212 2847 aliter
1249 2811 1443 2846 eveniret“.
1494 2812 1571 2845 Hoc
1604 2814 1657 2845 est
1690 2815 1832 2844 summa

327 2870 471 2912 florere!
