1915 3235
136 2150 186 2177 381

953 97 1038 139 308

199 226 333 268 multo
366 225 537 279 gravius
572 228 648 275 est,
683 226 799 278 quod
832 239 866 267 c.
896 227 964 276 26,
999 227 1068 275 63,
1101 227 1176 268 ubi
1209 227 1349 269 editur
1380 238 1590 280 perverse*
1615 230 1658 269 et
1689 241 1791 269 con-

201 301 265 338 tra
299 300 459 337 certam
498 296 701 348 loquendi
741 310 960 338 normam:
1011 297 1068 338 ad
1114 298 1368 338 tradendum
1407 298 1623 352 pyxidem,
1671 299 1792 340 Pari-

199 368 350 409 siensis
383 379 554 419 quoque
587 366 734 416 codeX,
768 370 927 420 praeter
959 368 1200 410 Bernenses
1234 372 1276 410 et
1302 369 1609 419 Erfurtensem,
1643 383 1792 411 veram

200 440 458 491 scripturam
502 437 647 486 habet,
697 438 967 480 tradendam.
1029 439 1287 481 Perversum
1331 440 1515 481 alterum
1558 440 1658 481 dixi.
1730 441 1794 481 De

200 522 284 561 qua
331 522 376 549 re
424 508 727 561 exponendum
776 512 841 550 est
888 510 1017 563 paulo
1067 510 1330 563 explicatius,
1381 511 1496 563 quod
1542 511 1702 552 mirum
1749 511 1793 551 in

200 580 376 621 modum
411 580 581 620 diversa
613 580 817 621 confundi
849 581 974 623 video
1008 584 1050 623 et
1081 581 1281 623 inanibus
1315 582 1621 623 auctoritatum
1654 582 1796 623 nomi-

200 651 326 692 nibus
374 664 465 691 rem
506 651 587 703 agi.
651 650 835 692 Orellius
882 652 925 693 in
973 653 1287 706 antiquioribus
1337 652 1459 693 codd.
1508 665 1704 705 persaepe
1750 653 1793 693 in

200 722 359 763 talibus
407 721 600 762 exhiberi
647 723 923 775 gerundium,
972 725 1047 765 ubi
1094 725 1354 765 recentiores
1397 723 1506 764 falso
1555 722 1796 764 soloecismi

201 795 319 834 metu
352 792 653 834 substituerint
684 793 972 847 participium,
1014 795 1175 836 scribit.
1237 795 1401 836 Vellem
1434 794 1548 835 locos
1581 796 1794 843 notasset3

200 863 339 904 nullos
374 864 485 904 enim
519 876 619 904 vere
659 865 767 905 tales
807 866 985 918 reperiri
1017 868 1144 918 puto3
1193 865 1347 906 deinde
1389 865 1571 906 conferri
1611 865 1794 906 Garato-

200 933 320 974 nium
352 933 484 974 iubet.
549 934 807 976 Garatonius
847 950 925 977 nos
965 938 1146 978 remittit
1184 937 1241 977 ad
1281 936 1466 977 Gronov,
1499 936 1556 977 ad
1588 935 1693 977 Gell.
1727 936 1794 985 IV,

202 1005 227 1045 9
261 1007 304 1045 et
337 1005 392 1046 ad
425 1018 489 1054 ea,
531 1018 627 1057 quae
668 1005 773 1047 dixit
805 1007 896 1059 ipse
929 1007 986 1048 ad
1017 1007 1071 1047 IV
1102 1007 1146 1048 in
1179 1007 1301 1049 Catil.
1335 1007 1374 1057 9,
1416 1006 1504 1056 ubi,
1553 1020 1685 1059 quum
1718 1020 1796 1059 op-

201 1076 304 1116 time
337 1075 616 1117 scriberetur:
666 1077 723 1117 ad
761 1078 1090 1118 conservandam
1129 1092 1216 1119 rem
1241 1077 1470 1132 publicam,
1519 1077 1710 1119 Graevius
1745 1090 1798 1118 ex

202 1147 377 1199 pessimi
418 1147 574 1188 codicis
620 1151 857 1201 pervagato
905 1162 1071 1190 errore:
1121 1149 1178 1190 ad
1225 1148 1553 1189 conservandum
1592 1149 1797 1202 populum

202 1218 322 1258 Rom.
356 1218 647 1259 soloecismum
681 1219 840 1260 effecit:
882 1220 938 1260 ad
971 1220 1299 1261 conservandmn
1332 1234 1418 1260 rem
1443 1219 1672 1273 publicam.
1735 1220 1798 1261 Ibi

203 1289 258 1330 ad
304 1289 574 1330 Perizonium
623 1290 876 1343 ablegamur
923 1290 997 1344 (ἃᾶ
1044 1291 1205 1332 Sanctii
1251 1291 1428 1332 Minerv.
1462 1291 1491 1341 I,
1547 1290 1628 1343 15).
1703 1291 1797 1344 Ipse

205 1359 386 1401 Orellius
420 1360 475 1401 ad
507 1363 615 1401 orat.
648 1375 726 1414 pro
758 1362 871 1403 Rab.
903 1363 1019 1404 Post.
1056 1363 1122 1411 16,
1162 1362 1219 1402 44
1251 1362 1450 1402 Beierum
1492 1362 1547 1404 ad
1579 1365 1687 1404 orat.
1719 1376 1799 1416 pro

205 1431 366 1472 Scauro
399 1430 422 1482 ἓ
458 1432 510 1472 13
544 1432 646 1473 citat
679 1435 916 1483 auctorem,
949 1447 1097 1475 rursus
1131 1433 1235 1474 alios
1270 1433 1487 1482 citantem,
1527 1431 1633 1472 nihil
1665 1445 1798 1484 expo-

204 1505 393 1543 nentem.
456 1502 547 1543 Iam
580 1504 652 1555 qui
683 1504 892 1546 Perizonii
931 1507 973 1546 et
1015 1505 1153 1546 Beieri
1197 1506 1322 1545 notas
1365 1503 1594 1556 perlegerit
1633 1502 1799 1543 Grono-

204 1574 359 1625 viique,
409 1573 481 1625 qui
529 1574 734 1626 appellari
783 1576 905 1617 testis
953 1577 1074 1626 solet,
1123 1575 1322 1627 exempla
1360 1574 1595 1627 inspexerit
1633 1574 1677 1614 in
1709 1572 1799 1614 Ob-

205 1657 343 1685 servv.
377 1644 405 1693 I,
442 1644 463 1684 7
498 1645 652 1696 posita,
702 1647 860 1699 quique
909 1649 964 1688 ab
1012 1647 1062 1688 iis
1112 1648 1298 1688 citantur
1346 1646 1429 1695 alii,
1478 1645 1583 1685 illud
1630 1645 1685 1685 ab
1734 1643 1798 1693 iis,

206 1728 455 1767 quanquam
488 1715 743 1758 discriminis
776 1718 959 1759 fortasse
993 1719 1165 1771 ignaris,
1201 1716 1530 1758 commemorari
1563 1718 1605 1756 et
1636 1715 1800 1756 firmari

206 1786 393 1839 reperiet
424 1799 557 1838 genus
591 1787 772 1836 dicendi,
807 1789 849 1829 in
883 1802 967 1841 quo
996 1789 1249 1830 nominativi
1273 1801 1398 1829 casus
1421 1787 1678 1840 gerundium
1702 1799 1801 1827 cum

206 1858 338 1898 verbo
372 1857 642 1899 substantivo
676 1859 951 1901 coniunctum
981 1860 1327 1913 impersonaliter
1349 1859 1539 1911 quodam
1561 1857 1690 1899 modo
1722 1870 1800 1909 po-

206 1929 321 1969 nitur
353 1928 648 1969 accusativum
680 1943 845 1983 regens,
895 1944 920 1972 a
959 1944 1044 1984 quo
1082 1943 1236 1984 reapse
1269 1930 1488 1971 diversum
1519 1943 1607 1970 non
1640 1930 1716 1979 est,
1767 1927 1801 1969 si

207 1998 381 2051 quando
429 1999 623 2051 gerundii
670 2001 960 2043 nominativus
1007 2007 1185 2055 propter
1224 2001 1464 2042 orationem
1503 2000 1714 2041 infinitam
1759 1999 1802 2040 in

209 2069 502 2110 accusativum
534 2071 702 2112 transit.
758 2072 851 2113 Hoc
883 2086 1031 2125 genus,
1066 2073 1184 2126 apud
1215 2072 1471 2113 vetustiores
1504 2070 1801 2123 frequentissi-

208 2153 340 2190 mum,
375 2140 493 2192 apud
525 2140 775 2183 Ciceronem
816 2144 993 2196 eiusque
1033 2144 1222 2196 aequales
1255 2156 1396 2196 prosae
1429 2141 1634 2183 orationis
1666 2140 1802 2193 scrip-

207 2213 322 2252 tores
346 2208 544 2263 (Varrol)
578 2213 621 2253 in
653 2213 880 2255 scribendo
913 2214 1089 2266 quidem
1111 2214 1264 2267 prioris
1298 2216 1363 2254 est
1387 2210 1550 2264 saeculi)
1585 2214 1627 2253 et
1658 2213 1799 2264 poste-

209 2283 342 2323 riores
374 2283 434 2323 ita
467 2284 654 2333 evanuit,
702 2288 749 2324 ut
794 2284 879 2325 duo
923 2285 1098 2326 omnino
1140 2284 1225 2325 sint
1267 2284 1465 2337 exempla
1503 2284 1547 2324 in
1585 2282 1800 2324 Ciceronis

210 2353 392 2405 scriptis,
440 2353 483 2393 in
523 2367 705 2406 quorum
745 2357 927 2408 utroque
967 2355 1226 2396 disiunctum
1260 2354 1516 2407 gerundium
1549 2353 1701 2395 est-ab
1735 2365 1799 2402 eo,

211 2423 327 2477 quod
357 2424 477 2476 regit,
511 2425 554 2464 in
587 2424 761 2466 Catonis
795 2439 829 2466 c.
855 2427 881 2467 2
914 2425 1056 2479 (vicmz,
1091 2440 1216 2481 quam
1247 2425 1364 2466 nobis
1387 2438 1542 2480 quoque
1565 2423 1801 2479 inqredien-

211 2494 311 2534 dum
343 2492 412 2545 sit)
446 2497 488 2535 et
518 2508 597 2547 pro
630 2495 792 2537 Scauro
825 2496 847 2548 ἓ
884 2497 936 2537 13
970 2495 1325 2549 (obliviscendum
1366 2496 1474 2537 vobis
1507 2496 1672 2549 putatis
1716 2508 1804 2534 ma-

211 2570 321 2606 trum
369 2566 415 2605 *in
461 2565 628 2617 liberos,
686 2568 870 2607 virorum
918 2568 963 2608 in
1009 2581 1158 2608 uxores
1203 2566 1396 2619 scelera),
1453 2566 1590 2620 [apud
1637 2565 1804 2607 Livium

211 2635 412 2688 nullum,]
445 2636 562 2688 apud
594 2635 904 2686 Quintilianum
948 2651 1082 2679 unum
1122 2639 1333 2679 incertum
1366 2637 1453 2691 (XI,
1500 2638 1539 2688 3,
1587 2637 1682 2688 175,
1728 2637 1803 2678 ubi

252 2798 281 2841 1’)
308 2798 360 2842 [L.
388 2800 425 2834 L.
453 2800 499 2833 IX
525 2812 557 2844 p.
586 2801 653 2833 15ss
680 2802 775 2845 Bip.:
817 2803 876 2835 Sic
910 2805 1003 2837 enim
1035 2814 1153 2837 omnes
1185 2804 1451 2846 repudiandum
1483 2804 1549 2836 erit
1582 2807 1678 2835 artes
1711 2805 1746 2836 et
1770 2801 1802 2835 X

309 2870 341 2903 p.
370 2857 464 2901 164]
