1915 3235
851 158 904 198 27

84 289 126 327 et
162 287 223 327 ita
262 291 479 336 enarrant,
528 291 575 327 ut
611 287 753 328 notari
790 286 1010 328 hominem
1050 286 1206 335 dicant,
1256 285 1341 338 qui,
1393 285 1672 337 consumptis,

84 356 187 397 dum
233 356 391 398 Neroni
438 357 663 409 aurigandi
709 357 898 399 officium
945 361 1136 410 praestet,
1185 356 1328 405 bonis,
1378 356 1538 396 audeat
1585 356 1674 396 sive

82 426 350 468 tribunatum
407 427 637 468 militarem
692 428 781 468 sive
834 427 898 480 (ut
953 428 1146 481 plerique
1200 425 1431 479 accipiunt)
1485 426 1673 479 praetorii
1694 435 1727 460 34

81 497 386 550 praefecturam
428 510 617 550 sperare.
679 498 767 539 Nec
811 499 936 539 certis
979 499 1204 540 hominum
1245 497 1492 538 nominibus
1537 497 1673 538 absti-

80 573 204 618 nent3
253 568 496 610 Cornelium
540 569 653 609 enim
695 569 882 610 Fuscum
925 574 999 610 aut
1039 569 1182 621 potius
1222 567 1489 620 Sophonium
1530 567 1672 620 Tigel-

81 639 215 681 linum
246 639 500 691 intelligunt.
562 639 753 690 Addunt,
792 640 951 681 Neroni
984 641 1178 692 aurigam
1211 639 1357 688 fuisse,
1393 651 1527 691 quum
1560 639 1594 679 is
1627 650 1673 678 se

81 709 218 762 Sporo
255 711 456 759 iactaret3
503 710 617 750 hunc
661 711 773 751 enim
817 710 1070 763 spadonem,
1119 723 1247 762 quem
1290 709 1403 750 Nero
1445 722 1583 761 usque
1623 721 1673 750 eo

81 780 256 830 amavit,
304 785 351 821 ut
390 780 609 821 sceleratis
646 782 807 833 nuptiis
851 782 995 822 uxoris
1035 781 1128 821 loco
1168 780 1356 830 duceret,
1405 780 1673 820 lacernatam

82 852 267 892 amicam
301 864 408 892 esse.
471 851 578 901 Quae
611 864 741 904 quam
775 853 859 892 sint
891 852 1031 892 aliena
1064 864 1089 892 a
1122 855 1263 904 poetae
1296 856 1441 892 mente
1475 855 1516 892 et
1542 863 1673 903 quani

80 935 167 963 non
199 923 303 963 scite
336 922 588 974 composita,
628 921 752 963 facile
790 922 969 975 patebit.
1032 921 1227 962 Primum
1260 922 1473 962 Iuvenalis
1507 922 1550 962 in
1582 925 1674 962 tota

77 992 159 1033 hac
191 994 337 1043 satira,
386 994 429 1033 in
461 1006 559 1045 qua,
609 993 712 1045 quid
750 993 805 1034 ad
845 993 1000 1034 satiras
1034 992 1285 1033 scribendas
1318 992 1549 1044 impulerit,
1599 1003 1673 1031 ex-

78 1063 264 1115 ponitur,
298 1067 344 1104 ut
376 1077 456 1115 par
489 1066 593 1113 erat,
628 1077 679 1105 ea
702 1064 865 1105 scelera
887 1064 1101 1109 tractavit,
1136 1064 1245 1104 inter
1268 1076 1452 1115 quorum
1476 1061 1673 1114 exempla

78 1134 170 1186 ipse
212 1134 490 1183 versabatur,
540 1147 678 1187 eaque
725 1139 799 1175 aut
845 1134 1044 1174 universe
1084 1135 1247 1175 notavit
1289 1137 1364 1174 aut
1403 1146 1492 1173 suae
1533 1133 1672 1173 aetatis

77 1204 297 1246 hominem
331 1205 531 1258 aliquem,
573 1207 645 1258 qui
677 1219 755 1258 pro
790 1206 986 1258 exemplo
1019 1204 1150 1245 totius
1183 1204 1351 1256 generis
1385 1216 1479 1244 esse
1512 1206 1671 1256 posset.

77 1276 271 1328 arripuit.
328 1275 556 1326 Quomodo
595 1277 722 1329 igitur
764 1276 907 1317 subito
941 1276 995 1316 ad
1028 1275 1209 1316 Neronis
1242 1275 1500 1327 pravitatem
1531 1279 1672 1315 trans-

77 1346 174 1394 silit,
207 1347 333 1388 unius
365 1347 565 1396 hominis,
598 1347 723 1400 longe
746 1347 801 1388 ab
832 1347 912 1387 illis
943 1346 1211 1398 temporibus
1240 1346 1422 1386 remoti?
1456 1344 1673 1396 quomodo

75 1417 196 1470 fingit
228 1430 274 1458 se
305 1417 432 1458 huius
466 1431 647 1458 occursu
678 1419 738 1459 ita
772 1417 1034 1463 exacerbari,
1069 1421 1113 1456 ut
1149 1429 1195 1457 se
1228 1429 1253 1456 a
1285 1416 1419 1456 satira
1444 1415 1674 1456 scribenda

76 1489 294 1529 continere
326 1491 542 1541 nequeat?
591 1488 688 1538 Sed,
729 1488 843 1541 quod
883 1493 1012 1541 caput
1053 1490 1115 1528 est
1158 1491 1199 1527 et
1240 1486 1355 1538 quod
1395 1490 1496 1527 ante
1528 1487 1672 1527 onmia

75 1560 209 1610 quaeri
242 1559 384 1609 debet,
419 1572 504 1611 qua
536 1564 639 1600 nota
672 1559 784 1600 Nero
818 1561 859 1599 et
890 1572 957 1599 res
984 1559 1039 1599 ad
1065 1572 1164 1599 eum
1190 1558 1409 1610 pertinens
1434 1557 1673 1609 significata

76 1632 168 1671 est?
200 1630 326 1671 Nulla
358 1630 565 1683 profecto.
599 1643 653 1670 ne
686 1630 865 1671 minima
898 1629 1085 1682 quidem.
1135 1629 1370 1670 Aes-tamen
1394 1628 1512 1668 nulla
1536 1628 1674 1668 maior

75 1705 139 1741 est
181 1702 456 1754 perversitas,
506 1714 638 1753 quam
682 1714 732 1741 ea
775 1700 986 1741 subiicere
1031 1701 1247 1752 scriptori,
1298 1712 1394 1751 quae
1437 1712 1524 1740 non
1566 1700 1670 1751 ipse,

75 1772 272 1823 quamvis
319 1774 431 1812 tecte
481 1771 654 1821 dixerit,
703 1772 763 1812 ita
810 1772 1067 1824 insignierit,
1117 1776 1164 1812 ut
1214 1770 1428 1811 confidere
1480 1771 1672 1822 potuisse

75 1840 292 1889 videatur,
342 1855 415 1884 eos
462 1843 665 1892 lectores,
715 1856 822 1895 quos
871 1843 951 1883 sibi
1001 1842 1299 1895 proposuisset
1348 1840 1509 1893 (neque
1558 1841 1670 1881 enim

75 1916 348 1953 enarratores
380 1916 539 1955 nostrae
572 1914 712 1955 aetatis
745 1915 890 1955 animo
923 1913 1004 1954 sibi
1036 1911 1260 1966 fingebat),
1295 1926 1320 1952 a
1352 1925 1397 1952 re
1433 1912 1669 1964 significata

72 1994 160 2023 non
199 1982 491 2025 aberraturos.
556 1984 651 2038 Ipse
684 1983 853 2037 0162),
904 1985 1115 2036 inquiunt,
1168 1983 1281 2023 Nero
1323 1988 1407 2032 est3
1456 1984 1516 2023 sic
1557 1983 1671 2023 enim

73 2053 317 2106 appellatur
356 2054 530 2096 honoris
571 2060 611 2096 et
652 2056 916 2108 praestantiae
964 2068 1094 2095 causa
1138 2055 1394 2107 imperator,
1445 2055 1566 2106 isque
1607 2060 1669 2094 est

71 2136 175 2165 usus
222 2124 349 2166 huius
396 2127 677 2178 pronominis.
755 2127 908 2167 Miram
956 2139 1058 2167 vero
1106 2125 1521 2178 interpretationem,
1571 2124 1669 2176 quia

72 2196 174 2236 αὖτός
219 2198 262 2237 et
292 2197 379 2249 ipse
419 2195 550 2249 (addo
582 2199 778 2238 nostrum
812 2210 1053 2250 pronomen
1086 2196 1281 2237 eiusdem
1314 2194 1669 2248 significationis),

71 2266 145 2306 ubi
179 2279 230 2307 ex
264 2268 476 2308 contrarie
510 2267 656 2308 relatis
690 2271 733 2309 et
765 2281 817 2308 ex
849 2281 1037 2320 persona
1068 2267 1282 2319 loquentis
1323 2269 1366 2307 et
1406 2279 1459 2307 ex
1498 2267 1593 2319 ipsa
1624 2279 1670 2307 re

73 2336 236 2378 clarum
269 2338 337 2388 sit,
386 2339 481 2390 quis
522 2339 795 2392 intelligatur,
846 2339 898 2379 de
932 2352 983 2379 eo
1016 2339 1196 2387 dicatur,
1243 2338 1318 2390 qui
1350 2338 1595 2390 praecipuus
1629 2342 1669 2377 et

73 2408 195 2459 quasi
229 2408 428 2449 dominus
468 2410 523 2449 sit
563 2408 696 2462 (velut
732 2410 1043 2463 Pythagoreus,
1079 2422 1212 2461 quum
1246 2408 1298 2449 de
1332 2408 1546 2461 dogmatis
1582 2408 1670 2449 suis

71 2477 271 2530 loquitur,
310 2481 416 2517 αὐτὸν
442 2482 557 2528 φάναι
589 2481 703 2530 dicit,
743 2481 1035 2534 Pythagoram
1077 2477 1353 2533 significans),
1395 2479 1492 2519 ideo
1533 2479 1667 2532 ipsum

70 2548 140 2590 hic
171 2550 479 2603 imperatorem
512 2564 620 2601 esse,
666 2551 821 2592 deinde
862 2551 1098 2592 Neronem!
1145 2550 1204 2591 Ut
1243 2550 1366 2602 longe
1408 2549 1532 2590 aliter
1569 2562 1669 2601 pro-

70 2632 230 2661 nomen
277 2621 560 2675 intelligatur,
615 2622 822 2663 orationis
869 2622 1178 2663 cohaerentiam
1225 2620 1466 2674 postulare,
1522 2620 1669 2660 statim

71 2691 313 2744 apparebit.
375 2693 432 2734 At
464 2706 534 2734 res
571 2694 679 2746 ipsa,
728 2693 954 2745 aurigandi
987 2693 1194 2737 studium,
1243 2691 1300 2733 ad
1331 2692 1548 2732 Neronem
1590 2704 1668 2732 nos

70 2767 208 2803 Vocat.
287 2763 330 2804 Si
378 2764 553 2816 quidem
609 2764 666 2805 ad
718 2764 1040 2816 imperatorem.
1119 2763 1266 2816 Ipsum
1315 2763 1430 2803 enim
1478 2762 1666 2803 studium

70 2835 223 2885 postea
270 2847 442 2886 quoque
490 2834 703 2875 Iuvenalis
761 2838 954 2886 tempore
1008 2835 1052 2874 in
1105 2833 1323 2875 nobilibus
1377 2832 1667 2874 nebulonibus

71 2902 202 2944 fuisse
236 2906 279 2945 et
310 2917 336 2945 a
366 2904 568 2946 Iuvenale
601 2907 800 2946 notatum
834 2917 943 2954 esse,
977 2906 1082 2946 satis
1116 2907 1284 2946 constat
1318 2917 1370 2944 ex
1394 2904 1508 2945 notis
1533 2903 1668 2944 versi-

71 2973 153 3015 bus
186 2975 330 3016 satirae
362 2979 527 3017 octavae
560 2974 662 3028 (146
688 2973 815 3028 sqq),
849 2988 990 3028 neque
1023 2989 1128 3017 sane
1157 2976 1303 3016 statim
1330 2979 1427 3027 post
1452 2974 1667 3014 Neronem

1691 2565 1723 2590 35
