1915 3235
854 116 939 157 539

101 246 246 297 Atque
278 247 360 286 hoc
392 258 562 298 quoque
595 245 809 286 Weberus
842 248 958 286 recte
980 242 1211 298 probarat.
1226 241 1259 297 l)
1329 245 1415 285 Sed
1446 245 1615 285 haerent
1648 245 1691 284 in

101 315 327 368 proximis:
1112 316 1115 318 ’

1308 385 1409 426 audi

341 455 394 496 Et
439 457 643 497 miserere
690 457 868 507 iterum,
924 469 1174 509 quanquam
1228 455 1312 496 sint
1366 457 1510 496 cetera
1565 455 1691 496 sortis

343 526 559 567 Eiusdem.

99 631 233 673 Sor-tis
264 631 446 672 eiusdem
477 632 712 685 Rupertius
744 632 835 673 Vult
867 645 960 673 esse
993 646 1073 672 non
1102 632 1241 672 minus
1262 631 1422 679 trist25a3
1456 631 1576 684 atqui
1599 633 1690 671 tum

98 715 186 744 non
218 702 433 743 contraria
464 703 558 743 haec
590 705 701 752 sunt,
743 705 791 743 ut
822 717 1063 758 quanquam
1101 703 1203 755 poni
1237 702 1446 751 debuerit,
1480 702 1556 742 sed
1591 714 1691 742 con-

100 772 276 814 firmant
315 773 550 825 superiora.
615 773 839 814 Schmidtii
881 773 1281 826 interpretationem
1324 772 1523 813 omittere
1562 772 1689 812 malo.

98 842 229 884 Miror
269 856 387 892 sane,
435 856 522 885 non
565 844 802 885 attendisse
845 844 1030 886 editores
1063 845 1119 885 ad
1153 857 1249 885 eam
1281 855 1444 892 vocem,
1494 856 1592 895 quae
1625 855 1691 883 se-

99 914 256 966 quitur,
290 927 466 966 prorsus
499 914 606 955 mire
640 917 681 955 et
712 915 828 955 nude
851 915 1005 968 posita,
1032 929 1154 968 pars.
1210 914 1405 966 Apparet
1437 913 1565 962 enim,
1599 912 1691 953 haec

98 985 158 1025 sic
191 985 430 1026 continuari
463 984 643 1025 debere:
1349 983 1354 988 ’

707 1104 957 1143 quanquam
990 1090 1076 1131 sint
1108 1093 1251 1131 cetera
1282 1090 1408 1131 sortis

339 1160 543 1201 Eiusdem
585 1174 686 1213 pars
729 1161 823 1202 dira
864 1161 1052 1213 quidem,
1097 1161 1174 1202 sed
1218 1160 1386 1213 cognita
1424 1160 1569 1200 multis
1611 1161 1689 1200 cet.

97 1266 245 1315 Poeta,
294 1270 504 1319 tanquam
546 1266 672 1307 nimis
715 1268 902 1319 graviter
944 1268 1139 1307 miserere
1182 1267 1327 1307 iterum
1370 1265 1535 1314 dixerit,
1583 1265 1689 1306 haec.

98 1349 195 1388 quae
228 1337 453 1377 additurus
487 1340 563 1387 est,
613 1338 666 1379 de
709 1338 923 1379 bonorum
963 1337 1141 1385 iactura,
1191 1337 1284 1377 dira
1322 1335 1393 1377 illa
1425 1336 1599 1388 quidem
1633 1335 1689 1376 ait

98 1419 204 1456 esse,
253 1407 330 1448 sed
370 1409 518 1449 tamen
557 1411 726 1461 partem
767 1411 810 1450 et
847 1408 970 1461 quasi
1003 1408 1286 1461 appendicem
1321 1406 1515 1447 eiusdem
1549 1405 1687 1454 sortis,
1729 1415 1760 1440 τῆ

96 1477 310 1530 naufragii
343 1480 385 1519 et
416 1479 592 1531 periculi
625 1480 841 1529 maritimi,
884 1479 1028 1520 multis
1061 1481 1224 1520 notam.
1289 1477 1375 1518 Sed
1407 1478 1552 1518 nescio
1585 1489 1691 1528 quo-

96 1548 226 1589 modo
257 1549 351 1589 haec
383 1551 653 1602 tempestatis
687 1550 917 1603 descriptio
950 1563 1035 1591 non
1059 1550 1201 1590 minus
1224 1549 1481 1601 interpretes
1507 1551 1690 1588 exercet.

97 1631 228 1671 quam
260 1619 355 1671 ipsa
388 1619 603 1661 Catullum
638 1622 840 1662 exercuit.
904 1621 1059 1661 Statim
1099 1619 1213 1660 enim
1253 1632 1300 1660 se
1340 1631 1426 1660 non
1459 1618 1691 1671 expediunt

99 1702 152 1730 ex
183 1689 250 1731 his
283 1690 425 1731 verbis
458 1704 498 1731 v,
532 1691 588 1732 30
619 1705 732 1744 sqq:

339 1796 482 1846 Quum
514 1797 667 1849 plenus
699 1798 832 1839 fluctu
864 1797 1031 1838 medius
1065 1796 1175 1837 foret
1208 1796 1357 1837 alveus
1391 1798 1431 1836 et
1465 1795 1564 1844 iam,

338 1866 569 1909 Alternum
601 1869 759 1921 puppis
791 1869 904 1909 latus
937 1867 1231 1909 evertentibus
1263 1867 1389 1908 undis

341 1937 521 1979 Arboris
553 1938 742 1988 incertae,
776 1939 941 1980 nullam
973 1937 1204 1991 prudentia
1237 1937 1332 1978 cani

340 2009 537 2050 Rectoris
570 2010 785 2050 conferret
816 2022 957 2062 opem,
992 2009 1190 2050 decidere
1224 2009 1338 2049 iactu

340 2079 495 2133 Coepit.

134 2274 162 2320 ¹)
188 2277 228 2312 O.
262 2278 410 2312 Iahnius
449 2278 668 2320 &Zeitschrift
706 2279 763 2312 fiir
802 2278 859 2312 die
892 2277 1382 2318 Alterthumswissenschaft‚
1421 2287 1452 2310 a.
1481 2275 1582 2317 1837,
1623 2275 1689 2308 112

192 2348 226 2380 p.
252 2336 335 2380 850)
362 2338 671 2382 comparationem
698 2349 738 2372 eo
765 2337 873 2371 modo
899 2337 1082 2371 inversam
1107 2339 1212 2380 putat
1242 2336 1280 2369 in
1305 2336 1373 2369 hoc
1399 2335 1487 2377 loco,
1527 2346 1598 2379 quo
1625 2346 1689 2379 ego

191 2395 278 2430 olim
311 2395 456 2441 (Opusc.
489 2408 542 2441 pr.
569 2408 603 2440 p.
631 2395 689 2438 56)
724 2396 761 2430 in
794 2399 859 2430 sat.
887 2396 935 2429 III
967 2407 1000 2430 v.
1028 2394 1095 2428 194
1128 2395 1311 2429 inversam
1343 2405 1422 2429 esse
1453 2394 1611 2435 ostendi,
1650 2396 1690 2427 ut

191 2454 472 2489 demonstrative
496 2458 653 2499 ponatur
674 2466 729 2489 res
756 2455 802 2488 ad
827 2454 1113 2498 comparandum
1131 2454 1277 2488 adscita.
1316 2453 1451 2487 Verum
1476 2453 1553 2497 ipse
1576 2452 1689 2487 anim-

189 2513 354 2555 advertit,
392 2514 536 2549 obstare
562 2514 734 2558 protasin,
773 2513 830 2547 cui
856 2513 1040 2547 reddenda
1067 2517 1120 2547 est
1145 2512 1322 2557 apodosis,
1362 2523 1452 2556 quae,
1499 2511 1585 2555 quid
1611 2514 1689 2545 tum

191 2571 311 2615 ipsum
350 2572 486 2607 factum
524 2574 586 2614 sit,
633 2573 800 2607 declaret.
863 2573 989 2616 Itaque
1027 2573 1245 2607 anacolutho
1284 2572 1442 2616 quodam
1479 2570 1690 2615 primariam

191 2630 358 2674 apodosis
384 2632 603 2666 sententiam
630 2642 861 2676 suppressam
887 2634 1002 2675 putat,
1028 2635 1069 2665 ut
1094 2631 1145 2666 sic
1170 2631 1244 2666 fere
1271 2630 1406 2676 expleri
1432 2630 1579 2664 debeat:
1614 2634 1687 2662 tum

192 2707 235 2712 —
261 2692 381 2724 omitto
406 2696 524 2725 ortam
556 2695 795 2734 tempestatem
828 2691 1042 2730 describere;
1073 2702 1231 2734 prorsus
1263 2702 1340 2724 eam
1372 2690 1579 2733 exprimunt
1605 2699 1689 2731 poe-

191 2753 314 2782 tarum
337 2751 562 2792 yravissimoe
587 2751 850 2792 descriptiones.
890 2749 960 2783 Sed
985 2748 1194 2783 huiusmodi
1219 2745 1464 2788 ἀποσιώπησιν
1489 2751 1525 2781 et
1544 2757 1688 2781 conver-

191 2806 331 2842 sionem
357 2808 530 2842 orationis
555 2807 818 2851 sententiaeque
843 2807 944 2842 nullo
969 2807 1100 2842 indicio
1126 2807 1366 2852 significatam
1392 2817 1465 2840 non
1490 2809 1578 2850 puto
1605 2805 1689 2839 ferri

190 2876 308 2909 posse.
731 2874 734 2876 ·
