1915 3235
847 110 931 152 389

96 240 268 282 biennio
300 242 397 293 post
428 239 679 292 petitionem
712 239 970 292 gladiatores
1004 238 1097 278 dari
1129 251 1208 278 sua
1239 237 1330 290 lege
1361 237 1562 278 vetuisse.
1623 236 1681 277 At

97 311 199 364 quid
230 310 273 351 id
306 310 362 351 ad
394 310 605 351 ambitum
638 312 680 351 et
711 310 797 351 vim
831 322 882 350 ex
913 308 1117 362 petitione
1149 308 1384 349 tollendam
1409 307 1681 360 pertinebat?

97 385 171 422 aut
218 381 313 434 quis
360 382 486 433 putat
533 393 584 421 ea
630 380 722 433 lege
767 380 1058 432 magistratus,
1107 380 1238 420 immo
1285 379 1400 431 ipsos
1448 378 1606 431 aediles,
1656 391 1681 418 a

97 451 406 505 gladiatoribus
450 450 604 491 dandis
648 451 841 492 exclusos
885 452 1007 491 esse?
1054 449 1278 490 Accedunt
1317 448 1421 501 legis
1462 447 1596 489 verba
1638 447 1682 488 in

97 521 288 563 oratione
328 522 370 561 in
409 521 628 562 Vatinium
663 520 729 570 15,
771 521 840 562 37.
902 520 1076 561 Falsum
1116 521 1180 560 est
1216 519 1345 572 igitur
1373 519 1555 572 petierit,
1603 531 1682 559 nec

96 595 244 633 tamen
276 591 588 644 corrigendum,
623 591 699 632 sed
732 591 938 632 eiicienda
961 591 1132 645 petierit
1154 595 1238 640 aut,
1273 589 1421 630 addita
1447 590 1502 630 ab
1525 589 1681 641 aliquo,

98 663 170 715 qui
202 663 342 703 locum
384 662 566 704 similem
606 662 846 703 Vatinianae
887 662 980 703 1000
1022 661 1164 702 facere
1206 660 1351 710 voluit,
1399 661 1443 701 in
1488 661 1682 712 tempore

98 732 218 774 verbi
251 745 412 773 errans.
476 732 622 774 Cicero
654 733 735 773 1100
773 732 865 774 1000
907 732 951 772 id
991 733 1135 784 posuit
1176 731 1327 781 solum,
1376 731 1491 783 quod
1532 731 1685 784 praeci-

98 816 233 856 puum
267 805 360 843 erat
391 804 434 843 et
476 803 658 844 alterum
703 802 1069 855 complectebat-ur
1109 802 1440 854 pertinebatque
1481 801 1537 843 ad
1567 801 1686 842 Vati—

98 874 231 924 nium,
279 875 378 926 post
419 873 684 926 superiorem
726 873 945 926 repulsam
988 872 1236 914 aedilitatem
1279 873 1435 913 iterum
1466 874 1686 925 petentem

98 945 404 996 petiturumve.
451 943 514 984 Ac
545 943 637 984 fieri
669 946 824 996 potest,
858 946 905 984 ut
936 946 1112 996 propter
1143 943 1283 995 ipsam
1316 942 1432 984 illam
1456 942 1686 995 superioris

99 1014 284 1067 repulsae
316 1014 572 1055 memoriam
605 1014 886 1066 interpolator
917 1013 1157 1066 perfectum
1189 1014 1394 1066 posuerit.

217 1085 262 1126 C.
297 1085 365 1135 64,
412 1084 495 1125 134
535 1084 730 1134 Orellius,
780 1087 952 1125 secutus
995 1085 1226 1126 editionem
1268 1083 1484 1136 Hervagii,
1535 1083 1685 1123 edidit:

96 1156 204 1208 facit
235 1157 283 1206 is,
332 1156 403 1210 qui
442 1169 567 1209 neque
607 1155 714 1195 elabi
754 1169 802 1195 eoe
838 1154 994 1195 iudicio
1032 1155 1291 1196 iucunditate
1321 1168 1399 1195 succ
1431 1167 1558 1208 neque
1590 1154 1689 1194 eniti

97 1227 241 1279 qratia
265 1230 400 1279 potest
430 1240 557 1280 neque
589 1226 732 1280 opibus
774 1231 810 1266 et
833 1227 1021 1279 potentia
1064 1227 1168 1280 ἱερᾶς
1211 1240 1260 1266 αθ
1303 1225 1461 1266 iudicia
1495 1224 1687 1278 perfrin-

97 1310 206 1350 9ere.
269 1296 404 1349 Vulgo
453 1300 545 1338 erat
592 1297 732 1346 emitti,
785 1297 900 1349 quod
948 1297 1070 1338 codd.
1120 1297 1387 1345 confirmant,
1435 1295 1688 1336 Parisiensis

100 1380 270 1420 quoque
303 1366 490 1420 (Naug),
538 1370 586 1408 ut
624 1368 741 1408 nulla
781 1368 835 1408 sit
873 1368 1077 1420 Hervagii
1110 1367 1355 1408 auctoritas.
1419 1366 1506 1406 Nec
1538 1367 1686 1418 aptum

99 1437 203 1478 illud
243 1437 520 1488 vocabulum,
569 1439 685 1491 quod
731 1439 890 1479 laboris
939 1440 981 1479 et
1027 1437 1290 1479 difficultatis
1337 1436 1690 1489 significationem

99 1508 245 1558 habet,
280 1509 336 1549 ad
366 1510 518 1562 qratc'oe
550 1509 835 1558 mentionem;
869 1510 1034 1550 rectum
1068 1511 1216 1550 contra
1249 1508 1397 1556 emim}
1430 1520 1532 1547 nam
1566 1507 1689 1546 emit-

98 1579 203 1619 titur
235 1582 385 1631 aperte
416 1580 567 1631 gratia,
614 1593 742 1632 quem
782 1580 943 1620 iudices
975 1581 1183 1632 tanquam
1216 1579 1380 1631 laqueis
1414 1577 1689 1618 constrictum

100 1653 246 1690 tenere
296 1649 457 1691 debent
502 1663 581 1692 nec
628 1651 800 1699 volunt3
850 1650 1034 1690 elabitur
1080 1649 1358 1699 iucunditate,
1408 1648 1479 1701 qui
1526 1647 1690 1689 occulte

101 1723 249 1773 captos
283 1721 583 1761 delenimentis
616 1722 703 1762 suis
745 1721 912 1762 animos
956 1721 1011 1762 ad
1055 1732 1188 1772 prave
1231 1719 1509 1759 iudicandum
1547 1717 1689 1759 allicit.

100 1792 186 1833 Sed
233 1792 444 1833 difficilior
490 1794 625 1832 restat
667 1791 710 1832 in
755 1793 836 1833 1100
874 1792 967 1832 1000
1010 1789 1243 1843 disputatio
1277 1790 1329 1830 de
1362 1789 1690 1842 interpolatione

101 1863 256 1904 codicis
291 1862 513 1916 archetypi
544 1875 721 1915 prorsus
756 1875 903 1903 earum
938 1861 1075 1911 simili,
1111 1874 1218 1913 quas
1250 1873 1382 1912 supra
1406 1860 1690 1912 coarguimus.

100 1933 303 1985 Sequitur
337 1934 470 1973 enim:
523 1933 623 1984 Qua>
653 1947 720 1973 res
751 1933 956 1973 hominem
988 1932 1175 1985 impellit,
1216 1935 1261 1971 ut
1297 1931 1350 1971 sit
1381 1935 1467 1971 tam
1498 1931 1691 1984 intempe-

73 2011 77 2015 '
100 2004 233 2044 rans?
271 2003 362 2044 Ista
394 2005 529 2044 nimia
550 2004 697 2057 ylorioe
721 2003 947 2057 cupiditate
968 2003 1185 2055 familiam
1206 2001 1523 2055 ylacliatoriam,
1557 2001 1691 2053 credo,

101 2079 245 2115 nactus
278 2079 334 2115 est
365 2075 603 2128 speciosam,
653 2073 840 2126 nobilem,
886 2074 1125 2127 {flor-{osam
1189 2072 1399 2125 (Codices,
1448 2074 1561 2112 certe
1593 2071 1691 2112 Par.

100 2147 142 2186 et
173 2145 346 2195 Bernn.,
388 2146 462 2186 iste
500 2145 655 2193 ηἰνηὶας
705 2144 757 2185 de
798 2143 1062 2185 Gruterianis
1100 2143 1348 2183 melioribus
1382 2142 1549 2191 siletur3
1597 2142 1691 2182 vul-

99 2229 223 2268 gares
255 2216 349 2257 haec
380 2229 466 2257 non
497 2214 695 2267 habent.)
757 2215 815 2255 Ut
846 2227 1085 2267 pronomen
1116 2214 1197 2254 ista
1223 2213 1434 2263 omittam,
1469 2213 1584 2265 quod
1615 2213 1692 2253 illa

101 2300 193 2328 esse
237 2287 428 2328 debebat
475 2285 793 2340 (demonstrare
835 2285 948 2326 enim
988 2285 1117 2325 debet
1158 2286 1366 2336 tanquam
1398 2288 1546 2324 notam
1578 2296 1691 2330 rem;

99 2371 201 2399 nam
233 2358 340 2399 nihil
374 2360 451 2408 est,
486 2371 570 2410 quo
602 2357 827 2406 referatur,
861 2369 940 2396 nec
972 2354 1189 2396 Vatinium
1223 2352 1482 2407 alloquitur),
1531 2353 1608 2395 sed
1646 2356 1693 2394 ut

100 2430 180 2470 1100
213 2429 423 2478 omittam,
457 2429 647 2480 primum
681 2427 835 2468 vitiosa
868 2429 932 2467 est
962 2438 1137 2479 prorsus
1169 2424 1399 2466 verborum
1433 2423 1691 2473 coniunctim

100 2499 203 2551 quid
243 2501 308 2540 est
348 2500 461 2540 enim
501 2499 634 2538 nimia
681 2498 827 2552 ylorioe
874 2496 1101 2550 cupiditate
1146 2495 1378 2536 nancisci
1421 2495 1690 2549 qladiatores,

100 2571 223 2622 quasi
255 2569 327 2611 illo
363 2570 502 2622 pretio
535 2570 869 2621 comparentur?
917 2568 1029 2608 Tum
1063 2580 1164 2608 vero
1195 2566 1409 2607 rhetorica
1441 2566 1521 2607 loci
1553 2565 1692 2606 forma

98 2640 332 2681 manifesto
365 2640 632 2693 pessundata
665 2644 751 2688 est3
800 2638 915 2690 quod
947 2637 1014 2678 vel
1046 2650 1181 2678 unum
1213 2636 1353 2689 arguit
1392 2635 1525 2686 credo,
1564 2635 1690 2676 nimis

100 2711 223 2763 longe
256 2710 312 2751 ab
344 2710 466 2752 initio
498 2710 725 2752 sententiae
764 2709 1007 2761 verbisque,
1057 2721 1152 2760 quae
1193 2720 1290 2748 eam
1330 2706 1504 2755 ducunt,
1553 2718 1690 2746 remo-

99 2784 206 2822 tum.
268 2780 432 2822 Deinde
464 2780 581 2821 foeda
614 2781 679 2820 est
716 2778 974 2831 tautologia3
1021 2791 1124 2818 nam
1161 2778 1307 2818 statim
1352 2777 1566 2829 sequitur:
1612 2774 1690 2827 fla-

76 2851 80 2855 ”
98 2865 230 2905 gyrans
251 2851 478 2905 cupiditate
497 2851 644 2905 qlorioe
667 2852 746 2890 cet.
796 2849 982 2890 Omnino
1011 2848 1286 2901 perspicuum
1316 2849 1393 2897 est,
1427 2847 1688 2892 Ciceronem,

101 2934 234 2973 quum
282 2934 458 2963 causam
503 2923 638 2962 tantae
676 2919 834 2961 Vatinii
872 2919 1152 2971 impudentiae
1193 2917 1499 2971 requisivisset,
1536 2908 1690 2968 'ipsum

1709 1375 1760 1400 502
