1915 3235
866 102 954 143 415

116 231 305 278 utuntur,
345 229 414 270 ille
447 230 588 280 aliine,
629 230 697 271 hic
730 230 858 271 aliine
890 231 1051 271 inimici
1083 231 1250 281 delens3
1284 232 1542 274 Garatonius
1575 233 1705 275 etiam

114 300 401 340 nominativos
433 299 672 351 pendentes
706 299 848 342 efficit.
911 301 1109 343 Baiterus
1150 302 1423 344 scribendum
1464 306 1610 356 putat:
1653 328 1704 332 —-

115 369 166 410 L.
203 369 394 422 Crassus,
444 371 534 423 alii,
585 371 744 411 inimici
785 385 922 412 onmes
954 371 1135 413 Metelli:
1185 373 1256 425 qui
1295 373 1330 413 si
1362 374 1422 414 sic
1453 374 1705 427 interpunx-

114 441 237 482 isset:
273 441 349 481 ulii
382 441 555 493 inimici,
589 455 727 482 omues
759 441 930 492 Metelli,
965 442 1183 494 effugisset
1213 430 1576 486 nominativorum
1598 458 1705 498 pen-

114 511 307 551 dentium
339 511 738 563 reprehensionem;
771 513 814 552 in
847 524 897 553 eo
927 514 1076 553 tamen
1097 513 1441 566 redargueretur,
1475 515 1591 567 quod
1612 515 1705 556 illos

114 581 219 622 allos
266 582 376 622 inter
424 583 561 622 certos
607 581 825 631 homines,
882 583 954 635 qui
1002 584 1187 636 exempli
1235 597 1367 625 causa
1413 585 1703 636 nominantur,

112 652 278 693 medios
318 653 658 704 interposuisset.
719 653 808 693 Nec
853 653 981 693 aliine
1026 666 1077 694 ex
1121 655 1198 694 alil
1239 657 1382 695 ortum
1423 668 1515 696 esse
1547 658 1703 708 potest.

116 722 294 763 Duabus
326 722 477 763 litteris
509 723 781 775 transpositis
815 723 1010 773 efficitur,
1045 725 1160 777 quod
1192 725 1398 777 probem:
1433 725 1484 766 L.
1513 725 1704 778 Crassus,

114 792 174 833 M.
216 792 401 833 Scaurus
448 793 601 844 ulieuz';
650 794 809 834 iuiuuhi
856 807 992 835 omues
1040 794 1210 835 Metelli.
1280 795 1518 836 Adscendit
1549 796 1703 844 oratio;

111 863 204 905 illos
237 863 339 904 dicit
369 864 508 905 alieno
541 864 672 905 fuisse
705 864 861 915 animo,
907 866 979 917 qui
1012 865 1065 906 de
1096 878 1142 906 re
1175 879 1216 918 p.
1252 879 1278 907 a
1308 866 1445 907 Mario
1478 866 1704 908 dissensis—

112 939 220 984 sent,
255 948 431 987 prorsus
464 935 657 975 inimicos
691 935 897 985 Metellos,
942 935 1014 988 qui
1052 936 1151 976 odia
1191 936 1365 977 familiae
1399 937 1702 978 exercuissent.

231 1005 275 1046 C.
310 1005 348 1054 9,
383 1005 452 1054 22,
485 1005 560 1045 ubi
593 1005 754 1046 editur:
790 1006 951 1046 utinam
984 1007 1105 1046 eliam
1141 1006 1191 1046 L.
1217 1006 1418 1047 Lucullus
1451 1007 1518 1047 ille
1539 1008 1702 1059 vereret,

111 1078 403 1128 praeterquam
450 1076 565 1128 quod
611 1076 792 1116 verbum
840 1076 1097 1117 mendosum
1146 1089 1253 1126 esse,
1303 1077 1470 1119 codices
1518 1084 1703 1131 arguunt

111 1145 343 1198 (desiderat
373 1146 407 1187 P
439 1146 478 1186 A
509 1146 543 1187 B
576 1145 640 1198 E),
674 1146 876 1187 vitiosum
910 1152 974 1187 est
1007 1147 1138 1187 etiam
1170 1161 1422 1200 pronomen,
1468 1161 1601 1201 quum
1634 1149 1702 1190 Ci-

112 1229 207 1258 cero
239 1230 324 1257 non
358 1217 568 1257 illustrem
602 1216 788 1269 aliquem
823 1230 875 1257 ex
899 1217 1154 1270 antiquitate
1179 1219 1399 1259 hominem
1423 1219 1700 1268 demonstret,

111 1287 187 1328 sed
222 1300 333 1337 eum,
369 1300 496 1339 quem
528 1289 773 1328 senatorem
806 1300 956 1328 omnes
988 1288 1207 1338 Vidissent,
1249 1289 1394 1330 addito
1428 1290 1558 1330 etiam
1589 1303 1701 1342 prae-

110 1357 283 1398 nomine
324 1357 525 1410 appellet.
588 1357 634 1398 Id
666 1370 776 1398 unus
809 1358 942 1399 sensit
974 1358 1223 1399 Lambinus.
1286 1359 1348 1400 Ex
1389 1360 1455 1400 ille
1492 1359 1702 1401 desiderat

110 1427 357 1468 faciendum
398 1428 586 1469 videtur:
634 1428 721 1468 illic
759 1428 973 1469 assideret.
1036 1429 1083 1469 In
1121 1429 1323 1470 assideret
1356 1430 1484 1471 etiam
1519 1429 1701 1471 Orellius

110 1495 316 1551 incidit.¹)

228 1568 272 1610 c.
309 1570 375 1619 13,
416 1569 484 1618 33,
524 1569 597 1610 ubi
640 1568 822 1610 oremus
863 1582 885 1610 e
925 1569 1048 1610 codd.
1082 1569 1237 1611 Bernn.
1272 1573 1314 1611 et
1345 1571 1432 1612 Erf.
1467 1571 1600 1612 edidit
1631 1559 1699 1612 <u-

101 1644 286 1692 putaret,
321 1640 476 1680 codicis
497 1640 750 1680 Parisiensis
784 1640 1039 1681 auctoritate
1074 1640 1318 1682 defenditur
1342 1646 1515 1695 putaret
1547 1644 1589 1683 et
1619 1655 1701 1683 usu

110 1709 337 1760 Ciceronis,
387 1711 458 1764 qui
500 1709 724 1763 nunquam
767 1710 1009 1752 obsoletum
1053 1711 1157 1752 illud
1197 1714 1239 1752 et
1270 1712 1486 1764 poeticum
1519 1713 1700 1754 verbum

64 1799 66 1801 ·
108 1781 263 1832 posuit,
308 1782 427 1822 cuius
459 1783 540 1822 hoc
573 1782 665 1822 loco
697 1781 836 1834 positi,
881 1782 924 1822 in
957 1781 1273 1834 simplicissima
1306 1783 1510 1824 orationis
1545 1784 1697 1833 forma,

108 1851 225 1892 nulla
258 1864 388 1892 causa
420 1852 519 1904 fingi
553 1854 708 1905 potest.

229 1922 273 1963 C.
301 1923 366 1971 14,
401 1923 469 1972 35,
502 1923 577 1963 ubi
600 1923 762 1964 editur:
797 1922 963 1962 Etenim
985 1924 1022 1963 se?
1046 1922 1244 1963 Fortuna>
1266 1924 1507 1965 uulneribus
1530 1926 1698 1978 amplis—

109 1992 225 2033 simis
248 1998 421 2034 ornatus
454 1995 606 2047 scepz'us
631 1995 718 2034 eius
742 1993 829 2033 (lese
846 1994 1084 2046 periculzmz
1099 1993 1242 2045 faeere
1262 1994 1396 2043 nollet,
1427 1995 1558 2038 miror
1575 1995 1697 2036 Orel-

108 2062 212 2103 lium
244 2065 414 2104 tantum
447 2077 499 2105 ex
531 2064 624 2105 cod.
658 2064 743 2104 Erf.
779 2064 932 2104 afferre
970 2064 1077 2115 Quia
1109 2065 1157 2113 si,
1200 2069 1245 2104 ut
1279 2065 1452 2117 vulgata
1484 2066 1697 2118 scriptura

108 2133 304 2174 videatur
337 2147 429 2176 esse
469 2135 513 2175 in
545 2135 699 2176 Bernn.
763 2135 848 2175 Sed
889 2135 985 2175 Par.
1027 2134 1172 2184 habet,
1222 2140 1267 2175 ut
1309 2136 1439 2177 edidit
1479 2150 1532 2177 ex
1570 2137 1696 2178 simili

108 2204 250 2245 codice
285 2205 540 2247 Lambinus:
592 2206 672 2256 Qui
703 2206 740 2245 se?
774 2205 972 2246 Hit-tuna).
1005 2208 1084 2246 cet.
1146 2206 1288 2258 Atque
1321 2206 1421 2247 huic
1452 2207 1696 2248 auctoritati

106 2274 229 2316 facile
261 2276 426 2326 cedent,
460 2277 496 2317 si
527 2289 627 2317 vere
661 2275 930 2325 dissentiunt,
973 2276 1226 2326 Bernenses,
1267 2277 1310 2317 in
1342 2277 1423 2318 hac
1455 2278 1696 2330 praesertim

107 2357 249 2386 causa.
311 2346 422 2387 Nam
467 2360 545 2400 pro
577 2346 825 2388 huiusmodi
864 2347 1053 2387 relativis
1094 2347 1150 2387 ad
1187 2348 1422 2388 sententias
1462 2348 1696 2389 nectendas

104 2416 252 2469 positis
286 2417 415 2458 etiam
456 2417 548 2458 aliis
594 2417 696 2458 locis
740 2417 1061 2458 coniunctiones
1101 2417 1345 2458 substitutae
1385 2421 1498 2460 sunt.
1561 2419 1696 2460 Paulo

103 2489 200 2538 post
246 2500 333 2528 non
378 2488 622 2528 necessaria
669 2490 734 2528 est
782 2488 987 2528 correctio
1028 2488 1172 2529 nescio
1213 2488 1332 2529 cuius
1374 2489 1452 2529 viri
1494 2489 1607 2530 docti
1641 2490 1695 2529 ab

140 2624 168 2669 1>
195 2627 231 2661 C.
262 2627 316 2669 11,
345 2627 390 2660 27
418 2639 436 2662 e
464 2628 565 2662 codd.
593 2628 761 2662 omnibus
787 2627 829 2669 (P
855 2628 893 2667 E,
921 2627 1009 2662 Oxx.
1038 2627 1069 2668 5,
1096 2627 1213 2669 Barb„
1240 2632 1327 2662 vett.
1355 2629 1451 2670 edd.;
1487 2629 1531 2662 de
1563 2629 1694 2663 Bernn.

196 2685 334 2729 siletur)
361 2687 569 2721 addendum
596 2692 646 2720 est
672 2690 757 2720 ante
782 2687 1007 2729 supplicatim
1034 2686 1338 2731 scribendumque
1359 2686 1400 2729 (P
1420 2687 1460 2730 E)
1481 2694 1512 2722 et
1532 2690 1694 2730 confecto.

194 2745 353 2779 Deorum
377 2757 443 2789 pro
470 2747 610 2779 dierum
642 2745 678 2778 in
706 2745 782 2779 cod.
809 2745 1004 2788 archetypo
1037 2745 1157 2786 fuisse,
1197 2746 1347 2780 dubium
1381 2758 1454 2781 non
1487 2750 1540 2780 est
1571 2745 1695 2789 (etiam

195 2804 240 2837 ob
266 2802 325 2845 P);
364 2805 427 2838 sed
459 2805 636 2838 mendum
669 2808 740 2849 est3
780 2803 869 2837 nihil
905 2807 981 2837 erat
1007 2805 1091 2838 novi
1117 2808 1153 2839 et
1178 2806 1365 2840 honorifici
1392 2806 1429 2839 in
1455 2806 1606 2839 deorum
1632 2816 1694 2838 nu-

194 2873 306 2903 mero,
344 2864 407 2897 sed
441 2863 478 2897 in
514 2863 665 2904 dierum,
704 2874 770 2896 nec
803 2866 899 2896 certo
934 2862 1084 2897 deorum
1111 2875 1262 2898 numero
1289 2864 1502 2909 supplicatio
1529 2864 1694 2897 decerne-

198 2922 323 2959 batur;
352 2922 535 2956 diversum
564 2925 617 2956 est
643 2920 917 2956 lectisternium.

1722 1588 1751 1610 11
