1915 3235
847 148 929 190 149

215 277 260 319 C.
293 276 369 326 50,
420 276 500 317 146
549 275 777 318 edebatur:
831 290 902 318 nec
946 277 1027 318 sibi
1072 279 1292 334 quicquam
1330 285 1579 335 paternum,
1627 296 1677 324 ne

96 332 347 389 moizumentz·
378 346 542 401 quidem,
573 359 714 399 causa,
747 348 990 396 reservavit3
1037 361 1116 390 nec
1153 349 1197 390 in
1238 363 1288 391 ea
1326 351 1539 404 scriptura
1570 356 1674 403 erat,

97 418 211 473 quod
242 416 590 471 reprehenderes.
654 416 738 457 Sed
771 417 936 459 codices
969 417 1085 459 aliud
1118 420 1295 462 subesse
1328 425 1535 474 arguunt;
1573 436 1675 464 nam

95 491 138 531 in
171 489 262 531 eod.
296 488 337 529 S.
369 487 490 536 Vict.,
523 487 613 528 Pal.
647 489 813 537 octavo,
854 487 1022 529 duobus
1057 488 1163 530 Oxx.
1198 493 1263 532 est
1295 504 1424 533 causa
1457 492 1561 534 dare
1591 507 1676 534 ser-

94 560 216 608 vavit,
264 560 405 600 ortum
439 570 491 598 ex
523 570 585 607 eo,
627 557 741 610 quod
771 557 907 599 habet
936 558 1027 599 Pal.
1060 561 1157 600 tert.
1192 563 1234 601 et
1271 563 1358 603 tres
1398 561 1505 604 Oxx.
1545 577 1674 605 causa

93 630 204 671 clare
234 628 432 677 servavit;
479 628 560 670 1100
598 630 744 669 autem
782 628 886 669 nihil
925 630 989 669 est
1029 629 1144 670 aliud
1182 644 1312 683 quam
1353 633 1468 685 quod
1500 646 1552 675 ex
1582 634 1674 676 Pal.

91 719 155 759 pr.
189 707 231 745 et
263 703 340 745 Ox.
373 705 402 741 ψ
428 699 559 740 edidi:
592 711 720 738 causa
742 699 848 739 clam
873 697 971 751 (οῐᾶ)
995 702 1234 742 reservavit.
1282 702 1484 744 Similiter
1507 706 1674 746 veteres

92 776 313 817 editiones.
378 771 517 812 Causa
548 769 739 818 servavit,
783 769 898 822 quod
930 783 981 810 ex
1014 769 1158 812 Orellii
1189 775 1292 814 nota
1324 776 1450 825 putes
1482 775 1525 815 in
1557 775 1674 816 codi-

91 847 210 889 cibus
243 856 349 893 esse,
382 854 596 894 nusquam
630 842 713 888 est3
747 840 861 892 quod
892 840 1072 881 Beckius
1106 840 1148 894 (a
1171 855 1255 895 quo
1278 843 1408 885 etiam
1430 857 1544 886 nunc
1565 858 1673 887 non-

88 917 193 959 nulli
225 911 431 969 pendent)
463 912 621 965 partim
653 923 794 962 causa,
834 910 992 963 partim
1034 911 1199 966 quidem
1231 913 1275 954 in
1308 914 1522 956 nonnullis
1555 916 1673 956 codi-

89 985 207 1027 cibus
248 984 455 1025 Palatinis
499 985 541 1024 et
572 982 679 1023 Oxx.
712 980 850 1022 omitti
893 981 1052 1031 scribit,
1100 982 1228 1035 plane
1270 986 1427 1033 nescio,
1476 986 1589 1027 unde
1629 987 1672 1028 in

89 1055 303 1097 calamum
334 1054 519 1102 venerit3
561 1065 735 1106 prorsus
770 1053 882 1092 enim
914 1052 1018 1093 nihil
1057 1052 1110 1093 de
1148 1053 1228 1094 illis
1262 1055 1439 1096 vocibus
1472 1069 1523 1097 ex
1555 1057 1671 1098 codi-

88 1126 206 1168 cibus
240 1127 494 1167 annotatum
529 1120 652 1175 est.¹)

204 1196 289 1237 Sed
336 1195 421 1236 dixi
467 1194 566 1243 iam,
616 1194 660 1234 in
705 1195 787 1234 hac
826 1194 1031 1243 oratione,
1081 1195 1275 1236 codicum
1317 1197 1474 1238 auxilio
1515 1211 1668 1250 parum

85 1267 336 1315 sufficiente,
377 1266 619 1307 coniectura
651 1264 842 1305 tollenda
875 1277 968 1306 esse
1001 1266 1241 1308 inveterata
1275 1268 1444 1317 menda,
1492 1269 1535 1309 in
1568 1282 1670 1310 0011-

84 1351 212 1379 sensu
245 1336 438 1378 codicum
471 1335 662 1376 latentia.
710 1335 858 1387 ltaque
889 1335 1052 1376 nullam
1085 1349 1262 1378 causam
1298 1351 1390 1380 esse
1423 1339 1560 1390 video,
1595 1353 1670 1381 cur

83 1408 150 1448 hic
182 1420 268 1449 non
301 1419 514 1459 exponam
546 1406 598 1446 de
639 1405 807 1446 duobus
846 1405 961 1455 locis,
1010 1406 1052 1447 in
1093 1408 1247 1459 quibus
1288 1412 1385 1462 post
1422 1409 1538 1450 illam
1578 1410 1668 1451 edi-

82 1478 243 1519 tionem
274 1491 361 1519 non
392 1478 554 1518 incerta
577 1475 777 1529 quaedam
800 1475 1025 1526 dubitatio,
1059 1478 1134 1518 sed
1158 1478 1389 1520 manifesto
1412 1479 1668 1532 deprehensi

82 1548 226 1590 mendi
258 1547 504 1589 emendatio
536 1560 580 1588 se
612 1546 717 1587 inihi
750 1546 917 1588 obtulit.

198 1618 389 1660 Primum
423 1631 457 1659 0.
490 1618 559 1667 35,
593 1618 646 1659 97
681 1631 794 1659 nunc
825 1631 910 1659 non
943 1618 1150 1660 dubitabo
1183 1620 1438 1662 rescribere:
1473 1621 1669 1663 Etiamne

81 1690 122 1729 in
165 1694 249 1730 tam
281 1689 517 1742 perspicuis
555 1688 674 1729 rebus
711 1691 1015 1743 arqumcntatio
1054 1690 1281 1744 quoerenda
1314 1696 1386 1731 aut
1432 1693 1668 1733 coniectura

80 1758 283 1812 capienda
318 1759 406 1799 est?
449 1759 523 1800 ubi
561 1759 687 1812 vulgo
727 1759 866 1800 editur
904 1760 1109 1814 capienda
1140 1762 1205 1811 sit,
1256 1763 1375 1802 cuius
1408 1763 1666 1803 conjunctivi

78 1829 121 1870 in
162 1829 244 1870 hac
282 1829 613 1882 interrogatione
645 1829 763 1870 nulla
804 1830 925 1871 reddi
967 1830 1076 1871 ratio
1120 1833 1275 1884 potest.
1338 1830 1516 1873 Infinitis
1560 1832 1663 1874 locis

77 1902 200 1941 vetus
233 1900 446 1941 scribendi
478 1900 632 1941 modus
666 1900 943 1954 (capiendast)
976 1914 1164 1942 errorem
1198 1903 1378 1955 peperit.
1426 1903 1553 1944 Velut
1577 1904 1662 1945 Cic.

78 1970 131 2012 de
163 1971 288 2024 Legg.
322 1971 351 2020 I,
387 1972 453 2020 18,
486 1970 542 2011 49
576 1970 734 2011 editur:
767 1972 938 2012 societas
970 1985 1123 2026 quoque
1147 1972 1360 2014 hominum
1385 1979 1422 2014 et
1444 1975 1666 2029 aequalitas

77 2045 113 2081 et
145 2041 305 2081 iustitia
329 2055 410 2094 per
440 2054 481 2081 se
514 2041 750 2098 expetenda.
790 2041 897 2082 dura
931 2042 1049 2083 verbi
1082 2044 1336 2093 omissione3
1385 2044 1462 2085 sed
1494 2045 1660 2086 codices

77 2110 164 2152 fere
203 2111 385 2152 habent:
435 2111 658 2165 expetenda
698 2117 811 2154 sunt:
859 2112 901 2153 id
939 2113 981 2153 in
1015 2115 1229 2154 communi
1261 2114 1431 2156 illorum
1465 2115 1661 2156 codicum

76 2180 192 2222 fonte
232 2184 373 2222 ortum
414 2184 477 2222 est
517 2195 567 2223 ex
607 2182 881 2235 expetendas-t.
932 2184 1297 2236 quemadmodum
1345 2185 1389 2226 in
1435 2188 1542 2227 orat.
1582 2199 1661 2238 pro

76 2250 184 2291 Sest.
216 2252 286 2300 48,
323 2252 404 2292 102
438 2264 489 2292 ex
523 2253 725 2293 inscitiast
757 2254 799 2294 in
832 2254 923 2294 aliis
957 2254 1173 2296 codicibus
1207 2255 1369 2296 factum
1405 2259 1470 2297 est
1494 2258 1661 2298 inscitia

74 2322 138 2370 sit,
173 2322 215 2362 in
247 2322 338 2362 aliis
373 2323 537 2363 inscitia
568 2327 675 2363 sunt.
739 2322 843 2376 [Csr.
878 2324 988 2365 infra
1020 2325 1055 2365 Π
1086 2339 1127 2378 p.
1162 2326 1243 2366 ‘221
1280 2339 1371 2379 sqq.
1407 2327 1473 2367 ed.
1506 2326 1591 2380 pr.]

167 2485 262 2528 quod
288 2485 424 2520 factum
451 2490 504 2520 est
529 2486 642 2528 (velut
669 2486 842 2529 victoria).
892 2489 935 2525 Is7
976 2488 1038 2533 qui
1070 2500 1210 2524 moram
1243 2490 1372 2534 quaerit
1398 2495 1432 2526 et
1458 2492 1579 2532 nectit,
1617 2495 1659 2526 ut

167 2548 244 2577 tum
270 2543 432 2586 Roscius,
458 2556 530 2579 non
557 2557 643 2580 sane
666 2548 782 2589 fretus
807 2552 856 2581 est
882 2559 984 2581 mora
993 2560 1000 2588 ;
1028 2548 1175 2582 omnino
1202 2549 1336 2584 nullius
1362 2550 1413 2584 rei
1437 2550 1567 2584 fiducia
1590 2551 1658 2585 hoc

166 2602 242 2635 loco
269 2604 543 2638 commemorari
571 2609 699 2649 potest.
750 2606 917 2640 Ceterum
945 2607 1040 2650 quod
1066 2606 1112 2641 sit
1136 2608 1276 2649 melius,
1304 2608 1380 2652 ipse
1405 2619 1479 2643 non
1498 2609 1655 2653 reperim

165 2670 250 2694 nam
268 2660 428 2696 Graevius
445 2663 567 2697 sensui
586 2667 620 2697 et
638 2664 795 2698 sermoni
819 2664 1002 2706 satisfacit,
1030 2676 1102 2700 non
1120 2666 1278 2711 vestigiis
1296 2666 1471 2701 codicum.
1511 2666 1656 2710 [Postea

165 2719 365 2763 suspicatus
390 2731 488 2755 sum:
515 2723 637 2766 aliqua
663 2728 739 2756 arte
765 2728 795 2757 et
820 2734 931 2757 mora.
981 2724 1094 2758 Voces
1120 2730 1273 2767 auctore,
1300 2728 1528 2761 intercessore
1552 2726 1654 2760 uncis

164 2777 311 2812 liberavi
337 2789 409 2813 non
435 2770 522 2814 satis
546 2780 650 2814 firma
676 2791 784 2816 causa
810 2779 966 2824 additis]

108 2833 136 2877 ¹)
162 2836 411 2873 Steinmetzius
437 2850 555 2883 neque
581 2840 625 2874 de
650 2840 723 2874 suis
748 2851 866 2884 neque
893 2841 936 2875 de
962 2841 1115 2876 aliorum
1137 2842 1318 2877 codicibus
1340 2842 1535 2887 quicquam
1556 2842 1654 2877 dicit.

165 2895 231 2929 Sed
259 2896 345 2931 satis
371 2897 486 2932 multa
510 2898 587 2933 haec
613 2902 697 2933 sunt
722 2898 817 2933 illius
842 2900 1032 2943 pravitatis
1058 2900 1234 2944 exempla.

1693 574 1744 601 184
