1915 3235
952 82 1038 123 650

199 217 370 256 secutus
405 216 483 255 est.
548 213 633 254 Sed
672 212 715 253 in
756 211 910 253 eadem
952 211 1229 265 paragrapho
1261 212 1386 266 plura
1422 214 1652 255 commissa
1684 217 1801 260 sunt.

199 286 309 327 Nam
342 285 528 338 primum
563 284 754 325 Klotzius
788 285 830 324 et
861 282 1101 323 Beneckius
1135 282 1386 324 ediderunt:
1431 283 1543 335 Quid
1574 285 1693 326 tum?
1728 285 1805 327 Ita

201 357 268 397 ille
299 356 467 396 demens
499 360 602 408 erat,
636 359 681 395 ut
713 368 817 406 eum,
867 367 984 409 quem
1022 354 1130 394 tanti
1169 354 1334 394 sceleris
1374 356 1579 396 conscium
1610 356 1797 410 habebat,

202 441 225 467 α
258 440 299 467 se
331 426 569 475 dimitteret,
603 425 740 467 secuti
772 426 815 466 in
847 424 1080 465 indicativo
1113 423 1291 465 habebat
1324 425 1493 467 codices
1526 426 1627 477 Erf.‚
1667 427 1799 479 Leid.,

201 497 310 539 Gud.
345 497 383 547 2,
418 497 588 547 Salisb.,
623 497 694 550 qui
727 495 1000 545 indicativus,
1035 495 1069 536 si
1103 494 1251 537 Cicero
1283 509 1384 537 vere
1416 496 1667 538 Deiotarum
1699 498 1800 539 Phi-

201 568 381 621 dippum
432 568 650 610 conscium
698 566 870 608 sceleris
913 566 1118 607 habuisse
1163 566 1442 619 significaret,
1490 569 1638 608 tamen
1686 571 1800 610 esset

202 640 347 690 durus,
381 652 516 692 quum
549 639 593 680 in
625 638 839 680 sententia
873 637 1054 678 relativa
1076 650 1102 678 a
1126 639 1244 678 certa
1267 650 1455 691 persona
1478 638 1535 679 ad
1556 640 1802 692 generalem

201 710 421 752 notionem
465 710 667 751 traducta
711 708 833 762 (eum,
885 706 1023 763 quem)
1073 708 1234 749 inesset
1278 708 1533 762 significatio
1577 723 1718 752 causae
1761 713 1803 752 et

202 781 482 834 oppositionis
532 780 647 834 (cfr.,
697 793 794 833 quae
843 779 1045 820 annotavi
1095 779 1151 820 ad
1198 778 1293 821 libr.
1328 779 1363 820 ΙΙ
1410 780 1463 821 de
1511 780 1602 822 Fin.
1650 780 1674 833 ξ
1717 780 1801 835 15),

203 865 338 905 eaque
371 852 586 893 sententia
617 851 799 893 relativa
831 851 1126 904 implicaretur
1159 852 1289 892 etiam
1336 864 1434 892 cum
1474 852 1667 894 oratione
1701 866 1801 895 con-

202 923 377 964 iunctivi
410 923 548 973 modi3
582 923 659 964 sed
692 936 825 975 quum
859 936 1032 964 omnem
1065 922 1311 964 huiusmodi
1341 922 1628 975 suspicionem
1654 924 1801 966 Cicero

202 1008 227 1035 a
259 994 462 1035 Deiotaro
494 994 741 1047 longissime
776 997 935 1044 arceat,
985 996 1033 1035 ut
1069 994 1151 1035 hoc
1183 996 1342 1034 totum:
1392 1007 1496 1046 eum,
1546 1008 1663 1049 quem
1694 997 1802 1037 tanti

202 1065 366 1106 sceleris
399 1068 478 1106 cet.
521 1065 798 1119 hypothetice
842 1079 894 1106 ex
937 1065 1078 1106 aliena
1123 1065 1471 1106 adversariorum
1513 1066 1726 1108 sententia
1757 1067 1801 1108 in

203 1136 418 1178 Ciceronis
458 1137 697 1178 orationem
746 1137 1004 1187 includatur,
1053 1136 1157 1177 nihil
1204 1138 1348 1188 potest
1396 1149 1489 1177 esse
1538 1138 1796 1189 perversius.

205 1207 421 1260 (Haberet,
471 1207 587 1260 quod
628 1220 706 1261 ego
746 1209 1034 1257 restitueram,
1085 1207 1194 1248 Gud.
1232 1209 1251 1248 1
1299 1221 1396 1248 curn
1436 1207 1572 1249 altera
1605 1208 1801 1250 codicum

204 1279 366 1320 familia
398 1281 490 1320 tota
522 1276 699 1331 tuetur.)
763 1278 966 1331 Sequitur
998 1279 1147 1331 paucis
1180 1281 1278 1331 post
1309 1278 1526 1320 versibus:
1559 1281 1797 1332 proesertz'm

203 1364 327 1405 (lemtim
359 1351 397 1390 is
429 1347 703 1403 (Phidippus)
751 1363 860 1390 ‘cums
893 1353 1005 1401 esset,
1054 1350 1126 1403 qui
1157 1354 1295 1404 posset
1334 1349 1384 1390 de
1422 1364 1464 1390 se
1497 1349 1659 1391 ahsente
1690 1351 1800 1392 indi-

204 1434 312 1461 mre.
362 1420 430 1461 Sic
464 1421 576 1461 enirn
610 1420 653 1461 in
687 1420 796 1461 Gud.
819 1422 839 1461 1
876 1423 918 1462 et
950 1434 1037 1462 uno
1059 1420 1138 1461 Ox.
1162 1420 1375 1471 scribitur,
1411 1434 1435 1461 a
1468 1421 1623 1473 quibus
1647 1435 1801 1475 reapse

204 1504 289 1533 non
323 1491 550 1532 discedunt
583 1492 653 1532 alii
687 1504 739 1532 ex
770 1491 971 1533 inferiore
1005 1491 1180 1541 familia,
1215 1492 1287 1544 qui
1319 1491 1484 1532 habent
1514 1492 1725 1542 iudicar63
1760 1495 1802 1534 et

205 1566 268 1603 est
301 1562 517 1604 sententia
550 1567 668 1603 recta
703 1564 745 1603 et
777 1563 1046 1612 necessaria;
1083 1563 1324 1604 ostenditur
1349 1563 1475 1612 enim,
1511 1576 1641 1616 quam
1669 1564 1798 1605 stulte

206 1634 444 1683 Deiotarus,
480 1634 515 1674 si
548 1633 650 1686 quid
684 1634 982 1685 commisisset,
1017 1635 1201 1675 indicem
1236 1636 1385 1674 contra
1413 1647 1460 1675 se
1485 1634 1673 1676 Romam
1697 1636 1798 1676 mis-

204 1718 328 1745 surus
372 1704 512 1752 suerit,
555 1709 597 1746 et
636 1705 810 1758 quidem
853 1719 964 1755 eum,
1007 1706 1078 1758 qui
1112 1718 1222 1746 unus
1255 1705 1383 1746 index
1417 1718 1511 1746 esse
1543 1708 1689 1758 posset
1722 1705 1799 1759 (ut,

204 1775 238 1815 si
270 1775 385 1816 hunc
417 1776 678 1825 retinuisset,
723 1776 793 1817 alii
832 1777 1011 1817 timendi
1051 1789 1137 1817 non
1170 1774 1393 1829 essenl)¹),
1442 1778 1623 1829 augetur
1655 1779 1799 1818 autem

134 1858 183 1882 312
204 1847 346 1887 indicii
381 1847 471 1888 eius
504 1847 742 1900 periculum
788 1848 958 1888 adiecta
1002 1847 1212 1888 absentiae
1255 1847 1442 1889 Deiotari
1489 1860 1801 1889 commemora-

204 1918 318 1959 tione
361 1917 421 1971 (in
460 1932 545 1971 qua
584 1919 778 1960 nonnulli
811 1917 1061 1971 haeserunt),
1111 1920 1158 1959 ut
1204 1918 1295 1971 ipse
1343 1931 1389 1959 se
1437 1918 1670 1960 defendere
1716 1933 1803 1961 non

207 1992 362 2041 posset.
427 1990 512 2030 Sed
544 1990 587 2030 in
621 1990 839 2031 codicibus
872 1989 1071 2042 pluribus
1102 1991 1144 2029 et
1176 1989 1239 2038 iis,
1287 2002 1393 2041 quos
1433 1990 1618 2031 editores
1652 2003 1800 2031 recen-

204 2060 355 2101 tissimi
389 2061 598 2102 serviliter
640 2064 894 2114 sequuntur,
943 2061 1151 2113 scriptum
1193 2062 1257 2101 est
1295 2060 1530 2110 vindicare;
1580 2061 1724 2113 itaque
1758 2061 1801 2102 id

205 2131 261 2171 illi
294 2132 506 2185 arripiunt
538 2131 760 2184 (Klotzius,
795 2131 1046 2180 Beneckius,
1082 2130 1314 2183 Soldanus)
1349 2134 1391 2172 et
1423 2133 1533 2172 mire
1565 2144 1611 2173 se
1635 2132 1679 2172 in
1702 2145 1800 2172 sen-

207 2202 337 2242 tentia
372 2202 633 2244 declaranda
656 2206 872 2255 torquent,
908 2202 1145 2243 Beneckius
1173 2203 1232 2242 sic
1259 2215 1478 2251 enarrans,
1514 2202 1636 2255 quasi
1668 2203 1801 2244 verba

205 2273 443 2324 significare
476 2274 654 2326 possint,
702 2274 965 2326 Phidippum
1005 2273 1163 2314 iratum
1197 2273 1398 2314 Deiotaro
1444 2276 1486 2313 et
1524 2273 1695 2315 ultionis
1729 2286 1802 2314 cu-

206 2342 353 2394 pidum
387 2344 517 2385 fuisse
552 2345 611 2397 (in
645 2358 729 2397 qua
763 2344 1066 2385 ennarratione
1100 2343 1257 2384 mirum
1283 2346 1346 2384 est
1370 2357 1477 2384 ¹rmus
1500 2348 1610 2394 esset,
1644 2344 1801 2384 mirum

203 2418 347 2466 posset,
382 2415 538 2455 mirum
572 2416 621 2455 (Ze
655 2415 829 2464 absente,
863 2415 973 2455 mira
1005 2413 1180 2466 omnia),
1216 2414 1430 2455 Soldanus
1464 2416 1608 2455 autem
1642 2415 1679 2455 z‘s
1701 2428 1802 2467 pro-

206 2498 362 2525 nomen
396 2488 438 2525 et
470 2487 561 2526 haec
595 2486 740 2528 omnia
780 2486 835 2527 ad
877 2486 1093 2527 Caesarem
1136 2485 1380 2535 traducens,
1431 2485 1553 2538 quasi
1593 2485 1636 2525 id
1675 2498 1801 2538 sepa-

209 2554 333 2596 ratim
382 2557 810 2597 commemorandum
851 2557 992 2604 fuerit,
1043 2557 1260 2597 Caesarem
1308 2556 1510 2597 Deiotaro
1558 2569 1712 2596 nocere
1760 2558 1802 2596 et

207 2626 375 2671 absenti
408 2639 562 2667 nocere
595 2640 721 2679 posse
755 2627 815 2681 (in
849 2641 933 2679 quo
967 2640 1149 2680 quaeras,
1192 2627 1367 2680 quinam
1409 2627 1479 2667 alii
1513 2626 1802 2679 significentur

208 2697 259 2737 de
292 2699 506 2749 praesente
539 2697 744 2738 ultionem
787 2711 958 2739 sumere
991 2696 1151 2750 posse).
1215 2698 1328 2738 Nihil
1361 2697 1455 2738 dico
1489 2698 1542 2738 de
1574 2698 1667 2750 ipsa
1701 2710 1801 2738 con-

208 2766 422 2808 iunctione
455 2767 685 2808 verborum
719 2767 953 2820 (vindicare
985 2782 1026 2809 se
1058 2769 1108 2809 de
1141 2767 1297 2823 aliquo)
1331 2782 1356 2809 a
1388 2768 1523 2809 Plinio
1552 2768 1714 2809 Minore
1747 2767 1802 2808 ad

246 2917 275 2958 ¹)
301 2920 384 2953 Haec
411 2920 504 2953 addo
531 2923 678 2963 propter
705 2920 915 2954 Soldanum.
