<?xml version="1.0" encoding="UTF-8"?>
<!DOCTYPE html PUBLIC "-//W3C//DTD XHTML 1.0 Transitional//EN"
    "http://www.w3.org/TR/xhtml1/DTD/xhtml1-transitional.dtd">
<html xmlns="http://www.w3.org/1999/xhtml" xml:lang="en" lang="en">
 <head>
  <title>
</title>
<meta http-equiv="Content-Type" content="text/html;charset=utf-8" />
  <meta name='ocr-system' content='tesseract 3.04.00' />
  <meta name='ocr-capabilities' content='ocr_page ocr_carea ocr_par ocr_line ocrx_word'/>
</head>
<body>
  <div class='ocr_page' id='page_1' title='image "./ionicolaimadvigi00madvuoft_0765.png"; bbox 0 0 1915 3235; ppageno 0'>
   <div class='ocr_carea' id='block_1_1' title="bbox 853 98 937 140">
    <p class='ocr_par' dir='ltr' id='par_1_1' title="bbox 853 98 937 140">
     <span class='ocr_line' id='line_1_1' title="bbox 853 98 937 140; baseline 0.012 -1"><span class='ocrx_word' id='word_1_1' title='bbox 853 98 937 140; x_wconf 86' lang='lat'>739</span> 
     </span>
    </p>
   </div>
   <div class='ocr_carea' id='block_1_2' title="bbox 86 225 1695 2827">
    <p class='ocr_par' dir='ltr' id='par_1_2' title="bbox 86 225 1695 2827">
     <span class='ocr_line' id='line_1_2' title="bbox 95 225 1694 281; baseline 0.004 -15"><span class='ocrx_word' id='word_1_2' title='bbox 95 225 271 279; x_wconf 87' lang='lat' dir='ltr'>(Opusc.</span> <span class='ocrx_word' id='word_1_3' title='bbox 304 226 441 267; x_wconf 83' lang='lat' dir='ltr'>Acad.</span> <span class='ocrx_word' id='word_1_4' title='bbox 475 227 510 267; x_wconf 94' lang='lat' dir='ltr'>II</span> <span class='ocrx_word' id='word_1_5' title='bbox 542 240 584 279; x_wconf 89' lang='lat' dir='ltr'>p.</span> <span class='ocrx_word' id='word_1_6' title='bbox 618 227 699 268; x_wconf 89' lang='grc'>331</span> <span class='ocrx_word' id='word_1_7' title='bbox 738 226 865 281; x_wconf 75' lang='lat' dir='ltr'>sqq).</span> <span class='ocrx_word' id='word_1_8' title='bbox 915 228 977 269; x_wconf 90' lang='lat' dir='ltr'>Ea</span> <span class='ocrx_word' id='word_1_9' title='bbox 1010 229 1245 281; x_wconf 86' lang='lat' dir='ltr'>disputatio</span> <span class='ocrx_word' id='word_1_10' title='bbox 1280 230 1534 272; x_wconf 89' lang='lat' dir='ltr'>confirmata</span> <span class='ocrx_word' id='word_1_11' title='bbox 1567 232 1694 273; x_wconf 89' lang='lat' dir='ltr'>dubi-</span> 
     </span>
     <span class='ocr_line' id='line_1_3' title="bbox 92 296 1694 351; baseline 0.003 -13"><span class='ocrx_word' id='word_1_12' title='bbox 92 296 354 349; x_wconf 85' lang='lat' dir='ltr'>tationisque</span> <span class='ocrx_word' id='word_1_13' title='bbox 386 296 589 338; x_wconf 84' lang='lat' dir='ltr'>tollendae</span> <span class='ocrx_word' id='word_1_14' title='bbox 622 299 665 338; x_wconf 89' lang='lat' dir='ltr'>et</span> <span class='ocrx_word' id='word_1_15' title='bbox 698 298 868 348; x_wconf 89' lang='lat' dir='ltr'>certius,</span> <span class='ocrx_word' id='word_1_16' title='bbox 905 304 1117 351; x_wconf 87' lang='lat' dir='ltr'>quantum</span> <span class='ocrx_word' id='word_1_17' title='bbox 1150 313 1219 341; x_wconf 90' lang='lat' dir='ltr'>res</span> <span class='ocrx_word' id='word_1_18' title='bbox 1250 300 1294 341; x_wconf 90' lang='lat' dir='ltr'>in</span> <span class='ocrx_word' id='word_1_19' title='bbox 1325 301 1392 342; x_wconf 90' lang='lat' dir='ltr'>his</span> <span class='ocrx_word' id='word_1_20' title='bbox 1425 301 1694 344; x_wconf 89' lang='lat' dir='ltr'>orationibus</span> 
     </span>
     <span class='ocr_line' id='line_1_4' title="bbox 92 366 1693 423; baseline 0.004 -16"><span class='ocrx_word' id='word_1_21' title='bbox 92 367 269 420; x_wconf 85' lang='lat' dir='ltr'>patitur,</span> <span class='ocrx_word' id='word_1_22' title='bbox 316 366 543 408; x_wconf 87' lang='lat' dir='ltr'>insistendi</span> <span class='ocrx_word' id='word_1_23' title='bbox 582 368 777 409; x_wconf 90' lang='lat' dir='ltr'>subsidia</span> <span class='ocrx_word' id='word_1_24' title='bbox 817 370 988 422; x_wconf 88' lang='lat' dir='ltr'>egregia</span> <span class='ocrx_word' id='word_1_25' title='bbox 1029 371 1160 412; x_wconf 86' lang='lat' dir='ltr'>allata</span> <span class='ocrx_word' id='word_1_26' title='bbox 1193 373 1293 412; x_wconf 90' lang='lat' dir='ltr'>sunt</span> <span class='ocrx_word' id='word_1_27' title='bbox 1325 371 1487 412; x_wconf 77' lang='lat' dir='ltr'>Halmii</span> <span class='ocrx_word' id='word_1_28' title='bbox 1519 373 1693 423; x_wconf 88' lang='lat' dir='ltr'>studiis;</span> 
     </span>
     <span class='ocr_line' id='line_1_5' title="bbox 92 439 1693 496; baseline 0.004 -18"><span class='ocrx_word' id='word_1_29' title='bbox 92 451 194 479; x_wconf 86' lang='lat' dir='ltr'>nam</span> <span class='ocrx_word' id='word_1_30' title='bbox 226 439 519 490; x_wconf 83' lang='lat' dir='ltr'>praeterquam</span> <span class='ocrx_word' id='word_1_31' title='bbox 553 439 667 490; x_wconf 80' lang='lat' dir='ltr'>quod</span> <span class='ocrx_word' id='word_1_32' title='bbox 702 439 870 480; x_wconf 89' lang='lat' dir='ltr'>codices</span> <span class='ocrx_word' id='word_1_33' title='bbox 904 440 1276 493; x_wconf 87' lang='lat' dir='ltr'>Tegernseensem</span> <span class='ocrx_word' id='word_1_34' title='bbox 1312 444 1354 482; x_wconf 89' lang='lat' dir='ltr'>et</span> <span class='ocrx_word' id='word_1_35' title='bbox 1385 442 1693 496; x_wconf 86' lang='lat' dir='ltr'>Rhenaugien-</span> 
     </span>
     <span class='ocr_line' id='line_1_6' title="bbox 92 508 1693 567; baseline 0.003 -17"><span class='ocrx_word' id='word_1_36' title='bbox 92 522 185 550; x_wconf 91' lang='lat' dir='ltr'>sem</span> <span class='ocrx_word' id='word_1_37' title='bbox 216 508 372 549; x_wconf 88' lang='lat' dir='ltr'>iterum</span> <span class='ocrx_word' id='word_1_38' title='bbox 404 508 584 549; x_wconf 89' lang='lat' dir='ltr'>contulit</span> <span class='ocrx_word' id='word_1_39' title='bbox 616 511 658 549; x_wconf 91' lang='lat' dir='ltr'>et</span> <span class='ocrx_word' id='word_1_40' title='bbox 691 522 857 551; x_wconf 87' lang='lat' dir='ltr'>errores</span> <span class='ocrx_word' id='word_1_41' title='bbox 890 511 1055 563; x_wconf 79' lang='lat' dir='ltr'>aliquot</span> <span class='ocrx_word' id='word_1_42' title='bbox 1087 512 1283 562; x_wconf 78' lang='lat' dir='ltr'>correxit,</span> <span class='ocrx_word' id='word_1_43' title='bbox 1318 515 1361 553; x_wconf 90' lang='lat' dir='ltr'>et</span> <span class='ocrx_word' id='word_1_44' title='bbox 1392 513 1693 567; x_wconf 85' lang='lat' dir='ltr'>Salisburgen-</span> 
     </span>
     <span class='ocr_line' id='line_1_7' title="bbox 92 577 1693 636; baseline 0.004 -17"><span class='ocrx_word' id='word_1_45' title='bbox 92 593 184 620; x_wconf 88' lang='lat' dir='ltr'>sem</span> <span class='ocrx_word' id='word_1_46' title='bbox 207 577 322 631; x_wconf 76' lang='lat' dir='ltr'>(saeC.</span> <span class='ocrx_word' id='word_1_47' title='bbox 348 579 418 627; x_wconf 80' lang='lat' dir='ltr'>XI,</span> <span class='ocrx_word' id='word_1_48' title='bbox 452 578 489 631; x_wconf 81' lang='lat' dir='ltr'>s)</span> <span class='ocrx_word' id='word_1_49' title='bbox 522 579 648 632; x_wconf 82' lang='lat' dir='ltr'>plene</span> <span class='ocrx_word' id='word_1_50' title='bbox 671 581 860 621; x_wconf 74' lang='lat' dir='ltr'>excussit</span> <span class='ocrx_word' id='word_1_51' title='bbox 892 584 935 622; x_wconf 87' lang='lat' dir='ltr'>et</span> <span class='ocrx_word' id='word_1_52' title='bbox 967 582 1032 622; x_wconf 86' lang='lat' dir='ltr'>his</span> <span class='ocrx_word' id='word_1_53' title='bbox 1065 583 1233 624; x_wconf 77' lang='lat' dir='ltr'>addidit</span> <span class='ocrx_word' id='word_1_54' title='bbox 1264 583 1409 636; x_wconf 88' lang='lat' dir='ltr'>plures</span> <span class='ocrx_word' id='word_1_55' title='bbox 1443 597 1468 625; x_wconf 91' lang='lat' dir='ltr'>a</span> <span class='ocrx_word' id='word_1_56' title='bbox 1500 597 1559 634; x_wconf 90' lang='lat' dir='ltr'>se,</span> <span class='ocrx_word' id='word_1_57' title='bbox 1593 584 1693 626; x_wconf 89' lang='lat' dir='ltr'>Bai-</span> 
     </span>
     <span class='ocr_line' id='line_1_8' title="bbox 91 649 1692 706; baseline 0.003 -15"><span class='ocrx_word' id='word_1_58' title='bbox 91 654 197 700; x_wconf 93' lang='lat' dir='ltr'>tero,</span> <span class='ocrx_word' id='word_1_59' title='bbox 230 649 324 690; x_wconf 91' lang='lat' dir='ltr'>aliis</span> <span class='ocrx_word' id='word_1_60' title='bbox 358 649 548 699; x_wconf 88' lang='lat' dir='ltr'>collatos,</span> <span class='ocrx_word' id='word_1_61' title='bbox 583 650 842 702; x_wconf 78' lang='lat' dir='ltr'>antiquitate</span> <span class='ocrx_word' id='word_1_62' title='bbox 875 652 1050 704; x_wconf 90' lang='lat' dir='ltr'>quidem</span> <span class='ocrx_word' id='word_1_63' title='bbox 1082 655 1341 706; x_wconf 83' lang='lat' dir='ltr'>praestantes</span> <span class='ocrx_word' id='word_1_64' title='bbox 1366 657 1528 695; x_wconf 84' lang='lat' dir='ltr'>etcum</span> <span class='ocrx_word' id='word_1_65' title='bbox 1554 655 1692 697; x_wconf 87' lang='lat' dir='ltr'>tribus</span> 
     </span>
     <span class='ocr_line' id='line_1_9' title="bbox 89 720 1693 777; baseline 0.002 -15"><span class='ocrx_word' id='word_1_66' title='bbox 89 721 171 762; x_wconf 91' lang='lat' dir='ltr'>illis</span> <span class='ocrx_word' id='word_1_67' title='bbox 204 722 421 761; x_wconf 82' lang='lat' dir='ltr'>certantes</span> <span class='ocrx_word' id='word_1_68' title='bbox 453 720 909 763; x_wconf 82' lang='lat' dir='ltr'>Benedictoburanum</span> <span class='ocrx_word' id='word_1_69' title='bbox 942 722 1058 775; x_wconf 85' lang='lat' dir='ltr'>(saec.</span> <span class='ocrx_word' id='word_1_70' title='bbox 1091 724 1180 774; x_wconf 97' lang='lat' dir='ltr'>XII,</span> <span class='ocrx_word' id='word_1_71' title='bbox 1217 723 1255 777; x_wconf 79' lang='lat' dir='ltr'>b)</span> <span class='ocrx_word' id='word_1_72' title='bbox 1297 726 1340 765; x_wconf 92' lang='lat' dir='ltr'>et</span> <span class='ocrx_word' id='word_1_73' title='bbox 1371 725 1693 777; x_wconf 87' lang='lat' dir='ltr'>Egmontanum</span> 
     </span>
     <span class='ocr_line' id='line_1_10' title="bbox 91 788 1692 845; baseline 0.004 -14"><span class='ocrx_word' id='word_1_74' title='bbox 91 790 207 845; x_wconf 78' lang='lat' dir='ltr'>(saec.</span> <span class='ocrx_word' id='word_1_75' title='bbox 229 791 300 841; x_wconf 92' lang='lat' dir='ltr'>XI,</span> <span class='ocrx_word' id='word_1_76' title='bbox 324 788 383 843; x_wconf 76' lang='lat' dir='ltr'>u),</span> <span class='ocrx_word' id='word_1_77' title='bbox 418 791 496 832; x_wconf 86' lang='lat' dir='ltr'>sed</span> <span class='ocrx_word' id='word_1_78' title='bbox 519 791 626 832; x_wconf 87' lang='lat' dir='ltr'>alios</span> <span class='ocrx_word' id='word_1_79' title='bbox 650 805 822 845; x_wconf 86' lang='lat' dir='ltr'>quoque</span> <span class='ocrx_word' id='word_1_80' title='bbox 845 793 1024 835; x_wconf 87' lang='lat' dir='ltr'>minime</span> <span class='ocrx_word' id='word_1_81' title='bbox 1047 795 1399 845; x_wconf 77' lang='lat' dir='ltr'>contemnendos,</span> <span class='ocrx_word' id='word_1_82' title='bbox 1435 798 1510 836; x_wconf 89' lang='lat' dir='ltr'>aut</span> <span class='ocrx_word' id='word_1_83' title='bbox 1542 809 1692 837; x_wconf 84' lang='lat' dir='ltr'>recen-</span> 
     </span>
     <span class='ocr_line' id='line_1_11' title="bbox 89 861 1694 917; baseline 0.003 -14"><span class='ocrx_word' id='word_1_84' title='bbox 89 862 257 904; x_wconf 89' lang='lat' dir='ltr'>tissima</span> <span class='ocrx_word' id='word_1_85' title='bbox 288 861 361 902; x_wconf 89' lang='lat' dir='ltr'>illa</span> <span class='ocrx_word' id='word_1_86' title='bbox 393 861 589 902; x_wconf 90' lang='lat' dir='ltr'>codicum</span> <span class='ocrx_word' id='word_1_87' title='bbox 623 864 752 903; x_wconf 80' lang='lat' dir='ltr'>aetate</span> <span class='ocrx_word' id='word_1_88' title='bbox 791 863 970 916; x_wconf 89' lang='lat' dir='ltr'>priores,</span> <span class='ocrx_word' id='word_1_89' title='bbox 1019 866 1093 917; x_wconf 89' lang='lat' dir='ltr'>qui</span> <span class='ocrx_word' id='word_1_90' title='bbox 1136 866 1247 906; x_wconf 88' lang='lat' dir='ltr'>circa</span> <span class='ocrx_word' id='word_1_91' title='bbox 1290 867 1609 907; x_wconf 89' lang='lat' dir='ltr'>renascentium</span> <span class='ocrx_word' id='word_1_92' title='bbox 1649 867 1694 908; x_wconf 92' lang='lat' dir='ltr'>in</span> 
     </span>
     <span class='ocr_line' id='line_1_12' title="bbox 88 933 1692 990; baseline 0.002 -15"><span class='ocrx_word' id='word_1_93' title='bbox 88 933 212 975; x_wconf 85' lang='lat' dir='ltr'>Italia</span> <span class='ocrx_word' id='word_1_94' title='bbox 258 933 501 974; x_wconf 90' lang='lat' dir='ltr'>litterarum</span> <span class='ocrx_word' id='word_1_95' title='bbox 550 937 748 985; x_wconf 85' lang='lat' dir='ltr'>tempora</span> <span class='ocrx_word' id='word_1_96' title='bbox 796 935 943 987; x_wconf 90' lang='lat' dir='ltr'>scripti</span> <span class='ocrx_word' id='word_1_97' title='bbox 982 938 1095 986; x_wconf 85' lang='lat' dir='ltr'>sunt,</span> <span class='ocrx_word' id='word_1_98' title='bbox 1144 936 1542 978; x_wconf 86' lang='lat' dir='ltr'>Indersdorfensem</span> <span class='ocrx_word' id='word_1_99' title='bbox 1575 936 1692 990; x_wconf 76' lang='lat' dir='ltr'>(saec.</span> 
     </span>
     <span class='ocr_line' id='line_1_13' title="bbox 88 1002 1693 1059; baseline 0.001 -13"><span class='ocrx_word' id='word_1_100' title='bbox 88 1004 197 1055; x_wconf 85' lang='lat' dir='ltr'>XIII,</span> <span class='ocrx_word' id='word_1_101' title='bbox 229 1002 264 1057; x_wconf 72' lang='lat' dir='ltr'>i)</span> <span class='ocrx_word' id='word_1_102' title='bbox 298 1005 341 1044; x_wconf 90' lang='lat' dir='ltr'>et</span> <span class='ocrx_word' id='word_1_103' title='bbox 371 1003 764 1056; x_wconf 77' lang='lat' dir='ltr'>windbergensem</span> <span class='ocrx_word' id='word_1_104' title='bbox 798 1004 914 1057; x_wconf 84' lang='lat' dir='ltr'>(saec.</span> <span class='ocrx_word' id='word_1_105' title='bbox 947 1006 1056 1055; x_wconf 82' lang='lat' dir='ltr'>XIII,</span> <span class='ocrx_word' id='word_1_106' title='bbox 1088 1005 1156 1059; x_wconf 80' lang='lat' dir='ltr'>w),</span> <span class='ocrx_word' id='word_1_107' title='bbox 1191 1009 1267 1047; x_wconf 90' lang='lat' dir='ltr'>aut</span> <span class='ocrx_word' id='word_1_108' title='bbox 1298 1009 1475 1048; x_wconf 85' lang='lat' dir='ltr'>aetatem</span> <span class='ocrx_word' id='word_1_109' title='bbox 1497 1007 1693 1049; x_wconf 88' lang='lat' dir='ltr'>bonitate</span> 
     </span>
     <span class='ocr_line' id='line_1_14' title="bbox 89 1075 1692 1131; baseline 0.001 -14"><span class='ocrx_word' id='word_1_110' title='bbox 89 1076 362 1128; x_wconf 83' lang='lat' dir='ltr'>superantes,</span> <span class='ocrx_word' id='word_1_111' title='bbox 397 1076 445 1114; x_wconf 90' lang='lat' dir='ltr'>ut</span> <span class='ocrx_word' id='word_1_112' title='bbox 467 1087 489 1114; x_wconf 95' lang='lat' dir='ltr'>e</span> <span class='ocrx_word' id='word_1_113' title='bbox 512 1075 907 1126; x_wconf 87' lang='lat' dir='ltr'>Lagomarsinianis</span> <span class='ocrx_word' id='word_1_114' title='bbox 940 1089 1076 1117; x_wconf 89' lang='lat' dir='ltr'>unum</span> <span class='ocrx_word' id='word_1_115' title='bbox 1110 1076 1225 1130; x_wconf 83' lang='lat' dir='ltr'>(saec.</span> <span class='ocrx_word' id='word_1_116' title='bbox 1259 1078 1367 1128; x_wconf 90' lang='lat' dir='ltr'>XIV,</span> <span class='ocrx_word' id='word_1_117' title='bbox 1402 1077 1461 1129; x_wconf 80' lang='grc' dir='ltr'>α).</span> <span class='ocrx_word' id='word_1_118' title='bbox 1510 1078 1574 1119; x_wconf 92' lang='lat' dir='ltr'>Ac</span> <span class='ocrx_word' id='word_1_119' title='bbox 1602 1078 1692 1131; x_wconf 87' lang='lat' dir='ltr'>pri-</span> 
     </span>
     <span class='ocr_line' id='line_1_15' title="bbox 89 1144 1692 1201; baseline 0.001 -13"><span class='ocrx_word' id='word_1_120' title='bbox 89 1159 210 1188; x_wconf 91' lang='lat' dir='ltr'>mum</span> <span class='ocrx_word' id='word_1_121' title='bbox 240 1145 308 1186; x_wconf 89' lang='lat' dir='ltr'>his</span> <span class='ocrx_word' id='word_1_122' title='bbox 341 1145 527 1186; x_wconf 82' lang='lat' dir='ltr'>collectis</span> <span class='ocrx_word' id='word_1_123' title='bbox 562 1144 694 1196; x_wconf 86' lang='lat' dir='ltr'>copiis</span> <span class='ocrx_word' id='word_1_124' title='bbox 727 1146 856 1197; x_wconf 87' lang='lat' dir='ltr'>plane</span> <span class='ocrx_word' id='word_1_125' title='bbox 888 1147 1166 1199; x_wconf 89' lang='lat' dir='ltr'>perspicuum</span> <span class='ocrx_word' id='word_1_126' title='bbox 1198 1149 1258 1197; x_wconf 84' lang='lat' dir='ltr'>fit,</span> <span class='ocrx_word' id='word_1_127' title='bbox 1303 1149 1420 1201; x_wconf 90' lang='lat' dir='ltr'>quod</span> <span class='ocrx_word' id='word_1_128' title='bbox 1452 1152 1582 1190; x_wconf 89' lang='lat' dir='ltr'>antea</span> <span class='ocrx_word' id='word_1_129' title='bbox 1613 1149 1692 1190; x_wconf 89' lang='lat' dir='ltr'>ali-</span> 
     </span>
     <span class='ocr_line' id='line_1_16' title="bbox 89 1215 1693 1272; baseline 0.002 -14"><span class='ocrx_word' id='word_1_130' title='bbox 89 1231 175 1271; x_wconf 82' lang='lat' dir='ltr'>qua</span> <span class='ocrx_word' id='word_1_131' title='bbox 223 1230 276 1258; x_wconf 83' lang='lat' dir='ltr'>ex</span> <span class='ocrx_word' id='word_1_132' title='bbox 321 1218 447 1268; x_wconf 88' lang='lat' dir='ltr'>parte</span> <span class='ocrx_word' id='word_1_133' title='bbox 494 1215 827 1268; x_wconf 82' lang='lat' dir='ltr'>intelligebatur,</span> <span class='ocrx_word' id='word_1_134' title='bbox 877 1218 921 1257; x_wconf 91' lang='lat' dir='ltr'>in</span> <span class='ocrx_word' id='word_1_135' title='bbox 969 1217 1034 1258; x_wconf 92' lang='lat' dir='ltr'>his</span> <span class='ocrx_word' id='word_1_136' title='bbox 1083 1219 1365 1269; x_wconf 83' lang='lat' dir='ltr'>orationibus,</span> <span class='ocrx_word' id='word_1_137' title='bbox 1415 1233 1511 1272; x_wconf 82' lang='lat' dir='ltr'>quae</span> <span class='ocrx_word' id='word_1_138' title='bbox 1560 1222 1603 1260; x_wconf 92' lang='lat' dir='ltr'>et</span> <span class='ocrx_word' id='word_1_139' title='bbox 1648 1219 1693 1261; x_wconf 90' lang='lat' dir='ltr'>in</span> 
     </span>
     <span class='ocr_line' id='line_1_17' title="bbox 88 1287 1694 1343; baseline 0.001 -14"><span class='ocrx_word' id='word_1_140' title='bbox 88 1290 284 1329; x_wconf 87' lang='lat' dir='ltr'>veterum</span> <span class='ocrx_word' id='word_1_141' title='bbox 339 1287 562 1328; x_wconf 86' lang='lat' dir='ltr'>rhetorum</span> <span class='ocrx_word' id='word_1_142' title='bbox 618 1289 659 1326; x_wconf 78' lang='lat' dir='ltr'>et</span> <span class='ocrx_word' id='word_1_143' title='bbox 713 1287 1096 1339; x_wconf 86' lang='lat' dir='ltr'>grammaticorum</span> <span class='ocrx_word' id='word_1_144' title='bbox 1149 1290 1306 1330; x_wconf 88' lang='lat' dir='ltr'>scholis</span> <span class='ocrx_word' id='word_1_145' title='bbox 1360 1293 1597 1343; x_wconf 82' lang='lat' dir='ltr'>regnarunt</span> <span class='ocrx_word' id='word_1_146' title='bbox 1651 1292 1694 1331; x_wconf 90' lang='lat' dir='ltr'>et</span> 
     </span>
     <span class='ocr_line' id='line_1_18' title="bbox 87 1357 1695 1411; baseline 0.002 -12"><span class='ocrx_word' id='word_1_147' title='bbox 87 1358 232 1399; x_wconf 89' lang='lat' dir='ltr'>media</span> <span class='ocrx_word' id='word_1_148' title='bbox 264 1357 338 1398; x_wconf 92' lang='lat' dir='ltr'>illa</span> <span class='ocrx_word' id='word_1_149' title='bbox 375 1359 505 1397; x_wconf 71' lang='lat' dir='ltr'>aetate</span> <span class='ocrx_word' id='word_1_150' title='bbox 537 1357 771 1398; x_wconf 84' lang='lat' dir='ltr'>studiosius</span> <span class='ocrx_word' id='word_1_151' title='bbox 805 1371 937 1410; x_wconf 87' lang='lat' dir='ltr'>quam</span> <span class='ocrx_word' id='word_1_152' title='bbox 977 1359 1076 1400; x_wconf 85' lang='lat' dir='ltr'>ullae</span> <span class='ocrx_word' id='word_1_153' title='bbox 1116 1360 1211 1401; x_wconf 83' lang='lat' dir='ltr'>aliae</span> <span class='ocrx_word' id='word_1_154' title='bbox 1251 1361 1456 1401; x_wconf 82' lang='lat' dir='ltr'>lectitatae</span> <span class='ocrx_word' id='word_1_155' title='bbox 1488 1363 1601 1411; x_wconf 91' lang='lat' dir='ltr'>sunt,</span> <span class='ocrx_word' id='word_1_156' title='bbox 1651 1363 1695 1402; x_wconf 86' lang='lat' dir='ltr'>et</span> 
     </span>
     <span class='ocr_line' id='line_1_19' title="bbox 86 1427 1690 1482; baseline 0.001 -12"><span class='ocrx_word' id='word_1_157' title='bbox 86 1428 347 1482; x_wconf 87' lang='lat' dir='ltr'>perantiqua</span> <span class='ocrx_word' id='word_1_158' title='bbox 378 1427 516 1468; x_wconf 88' lang='lat' dir='ltr'>multa</span> <span class='ocrx_word' id='word_1_159' title='bbox 549 1440 643 1468; x_wconf 82' lang='lat' dir='ltr'>esse</span> <span class='ocrx_word' id='word_1_160' title='bbox 675 1429 834 1470; x_wconf 91' lang='lat' dir='ltr'>menda</span> <span class='ocrx_word' id='word_1_161' title='bbox 868 1432 910 1470; x_wconf 90' lang='lat' dir='ltr'>et</span> <span class='ocrx_word' id='word_1_162' title='bbox 942 1443 1160 1472; x_wconf 85' lang='lat' dir='ltr'>summam</span> <span class='ocrx_word' id='word_1_163' title='bbox 1192 1432 1279 1472; x_wconf 88' lang='lat' dir='ltr'>iam</span> <span class='ocrx_word' id='word_1_164' title='bbox 1312 1432 1356 1472; x_wconf 90' lang='lat' dir='ltr'>in</span> <span class='ocrx_word' id='word_1_165' title='bbox 1382 1431 1690 1472; x_wconf 75' lang='lat' dir='ltr'>vetustioribus</span> 
     </span>
     <span class='ocr_line' id='line_1_20' title="bbox 87 1498 1693 1555; baseline 0.001 -14"><span class='ocrx_word' id='word_1_166' title='bbox 87 1499 306 1541; x_wconf 87' lang='lat' dir='ltr'>codicibus</span> <span class='ocrx_word' id='word_1_167' title='bbox 347 1511 442 1539; x_wconf 92' lang='lat' dir='ltr'>esse</span> <span class='ocrx_word' id='word_1_168' title='bbox 488 1498 744 1539; x_wconf 74' lang='lat' dir='ltr'>varietatem</span> <span class='ocrx_word' id='word_1_169' title='bbox 793 1513 926 1552; x_wconf 88' lang='lat' dir='ltr'>quum</span> <span class='ocrx_word' id='word_1_170' title='bbox 975 1500 1018 1542; x_wconf 90' lang='lat' dir='ltr'>in</span> <span class='ocrx_word' id='word_1_171' title='bbox 1066 1501 1278 1542; x_wconf 79' lang='lat' dir='ltr'>addendis</span> <span class='ocrx_word' id='word_1_172' title='bbox 1327 1502 1693 1555; x_wconf 85' lang='lat' dir='ltr'>detrahendisque</span> 
     </span>
     <span class='ocr_line' id='line_1_21' title="bbox 86 1569 1691 1625; baseline 0.001 -14"><span class='ocrx_word' id='word_1_173' title='bbox 86 1570 230 1612; x_wconf 79' lang='lat' dir='ltr'>verbis</span> <span class='ocrx_word' id='word_1_174' title='bbox 262 1572 354 1610; x_wconf 91' lang='lat' dir='ltr'>tum</span> <span class='ocrx_word' id='word_1_175' title='bbox 388 1569 431 1610; x_wconf 90' lang='lat' dir='ltr'>in</span> <span class='ocrx_word' id='word_1_176' title='bbox 475 1569 566 1610; x_wconf 89' lang='lat' dir='ltr'>aliis</span> <span class='ocrx_word' id='word_1_177' title='bbox 606 1569 750 1611; x_wconf 81' lang='lat' dir='ltr'>rebus.</span> <span class='ocrx_word' id='word_1_178' title='bbox 815 1571 876 1612; x_wconf 83' lang='lat' dir='ltr'>Ex</span> <span class='ocrx_word' id='word_1_179' title='bbox 919 1572 1108 1625; x_wconf 88' lang='lat' dir='ltr'>quinque</span> <span class='ocrx_word' id='word_1_180' title='bbox 1149 1574 1295 1612; x_wconf 88' lang='lat' dir='ltr'>autem</span> <span class='ocrx_word' id='word_1_181' title='bbox 1335 1572 1416 1613; x_wconf 90' lang='lat' dir='ltr'>illis</span> <span class='ocrx_word' id='word_1_182' title='bbox 1458 1572 1691 1623; x_wconf 83' lang='lat' dir='ltr'>codicibus,</span> 
     </span>
     <span class='ocr_line' id='line_1_22' title="bbox 87 1640 1692 1695; baseline 0.001 -13"><span class='ocrx_word' id='word_1_183' title='bbox 87 1641 159 1694; x_wconf 87' lang='lat' dir='ltr'>qui</span> <span class='ocrx_word' id='word_1_184' title='bbox 193 1654 245 1681; x_wconf 81' lang='lat' dir='ltr'>ex</span> <span class='ocrx_word' id='word_1_185' title='bbox 277 1640 342 1680; x_wconf 90' lang='lat' dir='ltr'>his</span> <span class='ocrx_word' id='word_1_186' title='bbox 375 1653 515 1692; x_wconf 85' lang='lat' dir='ltr'>nuper</span> <span class='ocrx_word' id='word_1_187' title='bbox 548 1643 590 1681; x_wconf 91' lang='lat' dir='ltr'>et</span> <span class='ocrx_word' id='word_1_188' title='bbox 633 1640 758 1693; x_wconf 88' lang='lat' dir='ltr'>plene</span> <span class='ocrx_word' id='word_1_189' title='bbox 792 1642 957 1683; x_wconf 89' lang='lat' dir='ltr'>collatis</span> <span class='ocrx_word' id='word_1_190' title='bbox 991 1642 1035 1683; x_wconf 91' lang='lat' dir='ltr'>in</span> <span class='ocrx_word' id='word_1_191' title='bbox 1066 1642 1206 1695; x_wconf 88' lang='lat' dir='ltr'>primo</span> <span class='ocrx_word' id='word_1_192' title='bbox 1239 1642 1388 1683; x_wconf 87' lang='lat' dir='ltr'>ordine</span> <span class='ocrx_word' id='word_1_193' title='bbox 1421 1643 1692 1695; x_wconf 81' lang='lat' dir='ltr'>antiquitatis</span> 
     </span>
     <span class='ocr_line' id='line_1_23' title="bbox 88 1710 1693 1766; baseline 0.001 -13"><span class='ocrx_word' id='word_1_194' title='bbox 88 1711 324 1753; x_wconf 86' lang='lat' dir='ltr'>collocandi</span> <span class='ocrx_word' id='word_1_195' title='bbox 358 1714 470 1760; x_wconf 83' lang='lat' dir='ltr'>sunt,</span> <span class='ocrx_word' id='word_1_196' title='bbox 520 1710 800 1753; x_wconf 88' lang='lat' dir='ltr'>similitudine</span> <span class='ocrx_word' id='word_1_197' title='bbox 840 1715 883 1753; x_wconf 93' lang='lat' dir='ltr'>et</span> <span class='ocrx_word' id='word_1_198' title='bbox 923 1714 1178 1765; x_wconf 85' lang='lat' dir='ltr'>cognatione</span> <span class='ocrx_word' id='word_1_199' title='bbox 1210 1713 1323 1754; x_wconf 88' lang='lat' dir='ltr'>inter</span> <span class='ocrx_word' id='word_1_200' title='bbox 1355 1727 1400 1754; x_wconf 89' lang='lat' dir='ltr'>se</span> <span class='ocrx_word' id='word_1_201' title='bbox 1435 1714 1693 1766; x_wconf 83' lang='lat' dir='ltr'>copulantur</span> 
     </span>
     <span class='ocr_line' id='line_1_24' title="bbox 86 1781 1692 1836; baseline 0 -12"><span class='ocrx_word' id='word_1_202' title='bbox 86 1783 275 1836; x_wconf 88' lang='lat' dir='ltr'>primum</span> <span class='ocrx_word' id='word_1_203' title='bbox 309 1782 331 1822; x_wconf 81' lang='lat' dir='ltr'><strong><em>b</em></strong></span> <span class='ocrx_word' id='word_1_204' title='bbox 364 1784 408 1822; x_wconf 90' lang='lat' dir='ltr'>et</span> <span class='ocrx_word' id='word_1_205' title='bbox 438 1796 470 1831; x_wconf 78' lang='lat' dir='ltr'>s,</span> <span class='ocrx_word' id='word_1_206' title='bbox 520 1781 676 1822; x_wconf 88' lang='lat' dir='ltr'>deinde</span> <span class='ocrx_word' id='word_1_207' title='bbox 716 1797 744 1823; x_wconf 78' lang='lat' dir='ltr'><strong><em>u</em></strong></span> <span class='ocrx_word' id='word_1_208' title='bbox 777 1786 819 1824; x_wconf 88' lang='lat' dir='ltr'>et</span> <span class='ocrx_word' id='word_1_209' title='bbox 850 1788 877 1833; x_wconf 79' lang='lat' dir='ltr'>t,</span> <span class='ocrx_word' id='word_1_210' title='bbox 928 1784 983 1824; x_wconf 91' lang='lat' dir='ltr'>ad</span> <span class='ocrx_word' id='word_1_211' title='bbox 1016 1797 1123 1836; x_wconf 86' lang='lat' dir='ltr'>quos</span> <span class='ocrx_word' id='word_1_212' title='bbox 1164 1788 1256 1824; x_wconf 87' lang='lat' dir='ltr'>tum</span> <span class='ocrx_word' id='word_1_213' title='bbox 1296 1783 1557 1836; x_wconf 86' lang='lat' dir='ltr'>adiungitur,</span> <span class='ocrx_word' id='word_1_214' title='bbox 1597 1786 1692 1824; x_wconf 90' lang='lat' dir='ltr'>tum</span> 
     </span>
     <span class='ocr_line' id='line_1_25' title="bbox 87 1852 1692 1907; baseline 0 -12"><span class='ocrx_word' id='word_1_215' title='bbox 87 1867 165 1896; x_wconf 90' lang='lat' dir='ltr'>sua</span> <span class='ocrx_word' id='word_1_216' title='bbox 199 1856 242 1894; x_wconf 88' lang='lat' dir='ltr'>et</span> <span class='ocrx_word' id='word_1_217' title='bbox 272 1852 450 1906; x_wconf 87' lang='lat' dir='ltr'>propria</span> <span class='ocrx_word' id='word_1_218' title='bbox 481 1852 616 1893; x_wconf 88' lang='lat' dir='ltr'>habet</span> <span class='ocrx_word' id='word_1_219' title='bbox 648 1867 692 1902; x_wconf 74' lang='grc' dir='ltr'>νς</span> <span class='ocrx_word' id='word_1_220' title='bbox 735 1855 749 1893; x_wconf 80' lang='grc' dir='ltr'>ι’</span> <span class='ocrx_word' id='word_1_221' title='bbox 781 1856 928 1895; x_wconf 88' lang='lat' dir='ltr'>autem</span> <span class='ocrx_word' id='word_1_222' title='bbox 962 1857 1004 1895; x_wconf 91' lang='lat' dir='ltr'>et</span> <span class='ocrx_word' id='word_1_223' title='bbox 1037 1868 1063 1895; x_wconf 83' lang='grc' dir='ltr'><em>α</em></span> <span class='ocrx_word' id='word_1_224' title='bbox 1095 1854 1156 1895; x_wconf 89' lang='lat' dir='ltr'>sic</span> <span class='ocrx_word' id='word_1_225' title='bbox 1189 1854 1245 1894; x_wconf 90' lang='lat' dir='ltr'>ad</span> <span class='ocrx_word' id='word_1_226' title='bbox 1279 1854 1300 1894; x_wconf 81' lang='lat' dir='ltr'>b</span> <span class='ocrx_word' id='word_1_227' title='bbox 1333 1856 1376 1895; x_wconf 87' lang='lat' dir='ltr'>et</span> <span class='ocrx_word' id='word_1_228' title='bbox 1406 1868 1426 1895; x_wconf 78' lang='lat'><em>8</em></span> <span class='ocrx_word' id='word_1_229' title='bbox 1458 1867 1692 1907; x_wconf 87' lang='lat' dir='ltr'>aggregan-</span> 
     </span>
     <span class='ocr_line' id='line_1_26' title="bbox 86 1924 1691 1977; baseline 0 -11"><span class='ocrx_word' id='word_1_230' title='bbox 86 1928 170 1973; x_wconf 84' lang='lat' dir='ltr'>tur,</span> <span class='ocrx_word' id='word_1_231' title='bbox 203 1938 239 1965; x_wconf 84' lang='lat' dir='ltr'><em>w</em></span> <span class='ocrx_word' id='word_1_232' title='bbox 271 1924 328 1965; x_wconf 90' lang='lat' dir='ltr'>ad</span> <span class='ocrx_word' id='word_1_233' title='bbox 359 1938 394 1973; x_wconf 79' lang='lat' dir='ltr'>r,</span> <span class='ocrx_word' id='word_1_234' title='bbox 430 1925 477 1963; x_wconf 94' lang='lat' dir='ltr'>ut</span> <span class='ocrx_word' id='word_1_235' title='bbox 507 1925 656 1964; x_wconf 89' lang='lat' dir='ltr'>tamen</span> <span class='ocrx_word' id='word_1_236' title='bbox 689 1925 731 1963; x_wconf 86' lang='lat' dir='ltr'>et</span> <span class='ocrx_word' id='word_1_237' title='bbox 763 1924 807 1964; x_wconf 91' lang='lat' dir='ltr'>in</span> <span class='ocrx_word' id='word_1_238' title='bbox 838 1924 904 1964; x_wconf 88' lang='lat' dir='ltr'>his</span> <span class='ocrx_word' id='word_1_239' title='bbox 938 1926 981 1965; x_wconf 92' lang='lat' dir='ltr'>et</span> <span class='ocrx_word' id='word_1_240' title='bbox 1012 1924 1056 1965; x_wconf 91' lang='lat' dir='ltr'>in</span> <span class='ocrx_word' id='word_1_241' title='bbox 1088 1925 1181 1966; x_wconf 91' lang='lat' dir='ltr'>aliis</span> <span class='ocrx_word' id='word_1_242' title='bbox 1213 1938 1300 1966; x_wconf 91' lang='lat' dir='ltr'>non</span> <span class='ocrx_word' id='word_1_243' title='bbox 1322 1938 1458 1977; x_wconf 78' lang='lat' dir='ltr'>parva</span> <span class='ocrx_word' id='word_1_244' title='bbox 1482 1925 1537 1966; x_wconf 88' lang='lat' dir='ltr'>sit</span> <span class='ocrx_word' id='word_1_245' title='bbox 1558 1926 1691 1966; x_wconf 90' lang='lat' dir='ltr'>inter-</span> 
     </span>
     <span class='ocr_line' id='line_1_27' title="bbox 89 1993 1693 2049; baseline -0.001 -12"><span class='ocrx_word' id='word_1_246' title='bbox 89 1996 192 2037; x_wconf 89' lang='lat' dir='ltr'>dum</span> <span class='ocrx_word' id='word_1_247' title='bbox 225 1995 349 2049; x_wconf 84' lang='lat' dir='ltr'>quasi</span> <span class='ocrx_word' id='word_1_248' title='bbox 388 1994 692 2047; x_wconf 81' lang='lat' dir='ltr'>suffragiorum</span> <span class='ocrx_word' id='word_1_249' title='bbox 737 1994 943 2043; x_wconf 84' lang='lat' dir='ltr'>confusio,</span> <span class='ocrx_word' id='word_1_250' title='bbox 993 1993 1131 2047; x_wconf 82' lang='lat' dir='ltr'>[velut</span> <span class='ocrx_word' id='word_1_251' title='bbox 1163 1996 1211 2045; x_wconf 84' lang='lat' dir='ltr'>II,</span> <span class='ocrx_word' id='word_1_252' title='bbox 1255 1995 1307 2036; x_wconf 82' lang='lat'>13</span> <span class='ocrx_word' id='word_1_253' title='bbox 1347 1996 1391 2036; x_wconf 94' lang='lat' dir='ltr'>in</span> <span class='ocrx_word' id='word_1_254' title='bbox 1432 1995 1503 2036; x_wconf 68' lang='lat' dir='ltr'>ubi</span> <span class='ocrx_word' id='word_1_255' title='bbox 1541 1995 1693 2048; x_wconf 64' lang='lat' dir='ltr'>fuisset</span> 
     </span>
     <span class='ocr_line' id='line_1_28' title="bbox 89 2064 1692 2118; baseline -0.001 -11"><span class='ocrx_word' id='word_1_256' title='bbox 89 2069 131 2107; x_wconf 93' lang='lat' dir='ltr'>et</span> <span class='ocrx_word' id='word_1_257' title='bbox 162 2066 210 2117; x_wconf 89' lang='lat' dir='ltr'>H,</span> <span class='ocrx_word' id='word_1_258' title='bbox 246 2066 301 2106; x_wconf 74' lang='lat'>22</span> <span class='ocrx_word' id='word_1_259' title='bbox 333 2066 377 2106; x_wconf 88' lang='lat' dir='ltr'>in</span> <span class='ocrx_word' id='word_1_260' title='bbox 408 2065 618 2106; x_wconf 75' lang='lat' dir='ltr'>talaribus</span> <span class='ocrx_word' id='word_1_261' title='bbox 651 2068 693 2106; x_wconf 91' lang='lat' dir='ltr'>et</span> <span class='ocrx_word' id='word_1_262' title='bbox 724 2064 870 2118; x_wconf 68' lang='lat' dir='ltr'>tritis}</span> <span class='ocrx_word' id='word_1_263' title='bbox 920 2065 1046 2115; x_wconf 85' lang='lat' dir='ltr'>Quod</span> <span class='ocrx_word' id='word_1_264' title='bbox 1078 2068 1226 2107; x_wconf 90' lang='lat' dir='ltr'>autem</span> <span class='ocrx_word' id='word_1_265' title='bbox 1249 2068 1378 2107; x_wconf 90' lang='lat' dir='ltr'>antea</span> <span class='ocrx_word' id='word_1_266' title='bbox 1402 2068 1445 2106; x_wconf 93' lang='lat' dir='ltr'>et</span> <span class='ocrx_word' id='word_1_267' title='bbox 1468 2079 1692 2107; x_wconf 87' lang='lat' dir='ltr'>senseram</span> 
     </span>
     <span class='ocr_line' id='line_1_29' title="bbox 89 2135 1693 2189; baseline -0.001 -10"><span class='ocrx_word' id='word_1_268' title='bbox 89 2141 132 2179; x_wconf 93' lang='lat' dir='ltr'>et</span> <span class='ocrx_word' id='word_1_269' title='bbox 178 2137 372 2178; x_wconf 85' lang='lat' dir='ltr'>dixeram</span> <span class='ocrx_word' id='word_1_270' title='bbox 427 2135 488 2189; x_wconf 90' lang='lat' dir='ltr'>(in</span> <span class='ocrx_word' id='word_1_271' title='bbox 534 2136 790 2189; x_wconf 76' lang='lat' dir='ltr'>praefatione</span> <span class='ocrx_word' id='word_1_272' title='bbox 839 2136 1037 2177; x_wconf 90' lang='lat' dir='ltr'>editionis</span> <span class='ocrx_word' id='word_1_273' title='bbox 1092 2136 1288 2187; x_wconf 81' lang='lat' dir='ltr'>alterius,</span> <span class='ocrx_word' id='word_1_274' title='bbox 1347 2136 1505 2188; x_wconf 81' lang='lat' dir='ltr'>Opusc.</span> <span class='ocrx_word' id='word_1_275' title='bbox 1545 2136 1622 2177; x_wconf 87' lang='lat' dir='ltr'>Ac.</span> <span class='ocrx_word' id='word_1_276' title='bbox 1656 2136 1693 2177; x_wconf 94' lang='grc' dir='ltr'>Π</span> 
     </span>
     <span class='ocr_line' id='line_1_30' title="bbox 88 2206 1690 2261; baseline -0.001 -12"><span class='ocrx_word' id='word_1_277' title='bbox 88 2222 130 2261; x_wconf 88' lang='lat' dir='ltr'>p.</span> <span class='ocrx_word' id='word_1_278' title='bbox 164 2208 246 2249; x_wconf 86' lang='grc'>331</span> <span class='ocrx_word' id='word_1_279' title='bbox 298 2210 340 2248; x_wconf 93' lang='lat' dir='ltr'>et</span> <span class='ocrx_word' id='word_1_280' title='bbox 387 2206 504 2259; x_wconf 83' lang='lat'>337),</span> <span class='ocrx_word' id='word_1_281' title='bbox 555 2207 723 2249; x_wconf 90' lang='lat' dir='ltr'>codices</span> <span class='ocrx_word' id='word_1_282' title='bbox 770 2207 1150 2260; x_wconf 83' lang='lat' dir='ltr'>Rhenaugiensem</span> <span class='ocrx_word' id='word_1_283' title='bbox 1207 2209 1249 2247; x_wconf 85' lang='lat' dir='ltr'>et</span> <span class='ocrx_word' id='word_1_284' title='bbox 1304 2207 1690 2259; x_wconf 85' lang='lat' dir='ltr'>Tegernseensem,</span> 
     </span>
     <span class='ocr_line' id='line_1_31' title="bbox 90 2277 1691 2332; baseline -0.001 -12"><span class='ocrx_word' id='word_1_285' title='bbox 90 2280 287 2332; x_wconf 85' lang='lat' dir='ltr'>quamvis</span> <span class='ocrx_word' id='word_1_286' title='bbox 321 2280 466 2320; x_wconf 86' lang='lat' dir='ltr'>essent</span> <span class='ocrx_word' id='word_1_287' title='bbox 505 2278 671 2330; x_wconf 87' lang='lat' dir='ltr'>antiqui</span> <span class='ocrx_word' id='word_1_288' title='bbox 711 2280 754 2318; x_wconf 90' lang='lat' dir='ltr'>et</span> <span class='ocrx_word' id='word_1_289' title='bbox 796 2279 1069 2330; x_wconf 82' lang='lat' dir='ltr'>praestantes,</span> <span class='ocrx_word' id='word_1_290' title='bbox 1118 2279 1267 2318; x_wconf 89' lang='lat' dir='ltr'>tamen</span> <span class='ocrx_word' id='word_1_291' title='bbox 1309 2290 1396 2318; x_wconf 91' lang='lat' dir='ltr'>non</span> <span class='ocrx_word' id='word_1_292' title='bbox 1438 2277 1500 2318; x_wconf 90' lang='lat' dir='ltr'>ita</span> <span class='ocrx_word' id='word_1_293' title='bbox 1541 2277 1691 2330; x_wconf 89' lang='lat' dir='ltr'>paucis</span> 
     </span>
     <span class='ocr_line' id='line_1_32' title="bbox 88 2347 1691 2402; baseline -0.002 -11"><span class='ocrx_word' id='word_1_294' title='bbox 88 2351 191 2392; x_wconf 89' lang='lat' dir='ltr'>locis</span> <span class='ocrx_word' id='word_1_295' title='bbox 223 2349 566 2402; x_wconf 89' lang='lat' dir='ltr'>interpolationis</span> <span class='ocrx_word' id='word_1_296' title='bbox 598 2349 723 2401; x_wconf 90' lang='lat' dir='ltr'>longe</span> <span class='ocrx_word' id='word_1_297' title='bbox 756 2348 885 2389; x_wconf 85' lang='lat' dir='ltr'>etiam</span> <span class='ocrx_word' id='word_1_298' title='bbox 917 2361 1158 2400; x_wconf 85' lang='lat' dir='ltr'>progressae</span> <span class='ocrx_word' id='word_1_299' title='bbox 1182 2350 1308 2389; x_wconf 92' lang='lat' dir='ltr'>notas</span> <span class='ocrx_word' id='word_1_300' title='bbox 1331 2347 1493 2388; x_wconf 88' lang='lat' dir='ltr'>habere</span> <span class='ocrx_word' id='word_1_301' title='bbox 1517 2347 1691 2388; x_wconf 88' lang='lat' dir='ltr'>cedere—</span> 
     </span>
     <span class='ocr_line' id='line_1_33' title="bbox 90 2418 1691 2474; baseline -0.002 -12"><span class='ocrx_word' id='word_1_302' title='bbox 90 2434 173 2474; x_wconf 88' lang='lat' dir='ltr'>que</span> <span class='ocrx_word' id='word_1_303' title='bbox 205 2421 451 2473; x_wconf 82' lang='lat' dir='ltr'>integritate</span> <span class='ocrx_word' id='word_1_304' title='bbox 483 2420 619 2461; x_wconf 79' lang='lat' dir='ltr'>videri</span> <span class='ocrx_word' id='word_1_305' title='bbox 653 2418 896 2460; x_wconf 88' lang='lat' dir='ltr'>Coloniensi</span> <span class='ocrx_word' id='word_1_306' title='bbox 930 2420 971 2458; x_wconf 88' lang='lat' dir='ltr'>et</span> <span class='ocrx_word' id='word_1_307' title='bbox 994 2418 1323 2471; x_wconf 86' lang='lat' dir='ltr'>Salisburgensi‚</span> <span class='ocrx_word' id='word_1_308' title='bbox 1358 2418 1402 2459; x_wconf 90' lang='lat' dir='ltr'>id</span> <span class='ocrx_word' id='word_1_309' title='bbox 1432 2431 1547 2459; x_wconf 89' lang='lat' dir='ltr'>nunc</span> <span class='ocrx_word' id='word_1_310' title='bbox 1568 2431 1691 2470; x_wconf 86' lang='lat' dir='ltr'>pror-</span> 
     </span>
     <span class='ocr_line' id='line_1_34' title="bbox 89 2488 1692 2542; baseline -0.003 -9"><span class='ocrx_word' id='word_1_311' title='bbox 89 2505 162 2533; x_wconf 89' lang='lat' dir='ltr'>sus</span> <span class='ocrx_word' id='word_1_312' title='bbox 195 2491 487 2541; x_wconf 87' lang='lat' dir='ltr'>confirmatur,</span> <span class='ocrx_word' id='word_1_313' title='bbox 529 2489 848 2542; x_wconf 85' lang='lat' dir='ltr'>Salisburgensi</span> <span class='ocrx_word' id='word_1_314' title='bbox 887 2488 1055 2541; x_wconf 89' lang='lat' dir='ltr'>plenius</span> <span class='ocrx_word' id='word_1_315' title='bbox 1090 2489 1258 2541; x_wconf 88' lang='lat' dir='ltr'>cognito</span> <span class='ocrx_word' id='word_1_316' title='bbox 1292 2493 1335 2529; x_wconf 90' lang='lat' dir='ltr'>et</span> <span class='ocrx_word' id='word_1_317' title='bbox 1367 2489 1535 2530; x_wconf 91' lang='lat' dir='ltr'>adiecto</span> <span class='ocrx_word' id='word_1_318' title='bbox 1569 2488 1692 2541; x_wconf 89' lang='lat' dir='ltr'>quasi</span> 
     </span>
     <span class='ocr_line' id='line_1_35' title="bbox 90 2559 1691 2612; baseline -0.002 -9"><span class='ocrx_word' id='word_1_319' title='bbox 90 2562 206 2604; x_wconf 89' lang='lat' dir='ltr'>socio</span> <span class='ocrx_word' id='word_1_320' title='bbox 228 2562 655 2609; x_wconf 86' lang='lat' dir='ltr'>Benedictoburano;</span> <span class='ocrx_word' id='word_1_321' title='bbox 689 2560 836 2612; x_wconf 89' lang='lat' dir='ltr'>itaque</span> <span class='ocrx_word' id='word_1_322' title='bbox 868 2559 1068 2600; x_wconf 89' lang='lat' dir='ltr'>Halmius</span> <span class='ocrx_word' id='word_1_323' title='bbox 1102 2572 1273 2612; x_wconf 87' lang='lat' dir='ltr'>quoque</span> <span class='ocrx_word' id='word_1_324' title='bbox 1304 2560 1349 2600; x_wconf 88' lang='lat' dir='ltr'>in</span> <span class='ocrx_word' id='word_1_325' title='bbox 1381 2560 1577 2612; x_wconf 78' lang='lat' dir='ltr'>graviore</span> <span class='ocrx_word' id='word_1_326' title='bbox 1604 2559 1691 2599; x_wconf 89' lang='lat' dir='ltr'>dis-</span> 
     </span>
     <span class='ocr_line' id='line_1_36' title="bbox 91 2628 1692 2685; baseline -0.002 -11"><span class='ocrx_word' id='word_1_327' title='bbox 91 2646 220 2674; x_wconf 90' lang='lat' dir='ltr'>sensu</span> <span class='ocrx_word' id='word_1_328' title='bbox 251 2632 377 2685; x_wconf 87' lang='lat' dir='ltr'>longe</span> <span class='ocrx_word' id='word_1_329' title='bbox 409 2633 567 2685; x_wconf 82' lang='lat' dir='ltr'>saepius</span> <span class='ocrx_word' id='word_1_330' title='bbox 599 2632 713 2672; x_wconf 86' lang='lat' dir='ltr'>hanc</span> <span class='ocrx_word' id='word_1_331' title='bbox 745 2633 916 2683; x_wconf 90' lang='lat' dir='ltr'>partem</span> <span class='ocrx_word' id='word_1_332' title='bbox 950 2632 1123 2671; x_wconf 88' lang='lat' dir='ltr'>secutus</span> <span class='ocrx_word' id='word_1_333' title='bbox 1157 2632 1222 2671; x_wconf 90' lang='lat' dir='ltr'>est</span> <span class='ocrx_word' id='word_1_334' title='bbox 1247 2632 1301 2679; x_wconf 87' lang='lat' dir='ltr'>et,</span> <span class='ocrx_word' id='word_1_335' title='bbox 1336 2643 1469 2682; x_wconf 90' lang='lat' dir='ltr'>quum</span> <span class='ocrx_word' id='word_1_336' title='bbox 1495 2630 1538 2670; x_wconf 93' lang='lat' dir='ltr'>in</span> <span class='ocrx_word' id='word_1_337' title='bbox 1562 2628 1692 2670; x_wconf 87' lang='lat' dir='ltr'>tertia</span> 
     </span>
     <span class='ocr_line' id='line_1_37' title="bbox 91 2700 1688 2754; baseline -0.003 -10"><span class='ocrx_word' id='word_1_338' title='bbox 91 2704 267 2744; x_wconf 88' lang='lat' dir='ltr'>demum</span> <span class='ocrx_word' id='word_1_339' title='bbox 313 2703 491 2744; x_wconf 87' lang='lat' dir='ltr'>minoris</span> <span class='ocrx_word' id='word_1_340' title='bbox 536 2701 721 2754; x_wconf 84' lang='lat' dir='ltr'>exempli</span> <span class='ocrx_word' id='word_1_341' title='bbox 761 2700 947 2741; x_wconf 87' lang='lat' dir='ltr'>editione</span> <span class='ocrx_word' id='word_1_342' title='bbox 987 2713 1077 2741; x_wconf 86' lang='lat' dir='ltr'>rem</span> <span class='ocrx_word' id='word_1_343' title='bbox 1118 2700 1247 2753; x_wconf 88' lang='lat' dir='ltr'>plane</span> <span class='ocrx_word' id='word_1_344' title='bbox 1284 2700 1550 2752; x_wconf 86' lang='lat' dir='ltr'>firmiterque</span> <span class='ocrx_word' id='word_1_345' title='bbox 1588 2712 1688 2751; x_wconf 88' lang='lat' dir='ltr'>per-</span> 
     </span>
     <span class='ocr_line' id='line_1_38' title="bbox 91 2769 1690 2827; baseline -0.004 -12"><span class='ocrx_word' id='word_1_346' title='bbox 91 2774 303 2827; x_wconf 75' lang='lat' dir='ltr'>spexisset</span> <span class='ocrx_word' id='word_1_347' title='bbox 334 2777 377 2814; x_wconf 91' lang='lat' dir='ltr'>et</span> <span class='ocrx_word' id='word_1_348' title='bbox 408 2774 653 2822; x_wconf 90' lang='lat' dir='ltr'>iudicasset,</span> <span class='ocrx_word' id='word_1_349' title='bbox 689 2772 819 2813; x_wconf 90' lang='lat' dir='ltr'>etiam</span> <span class='ocrx_word' id='word_1_350' title='bbox 852 2771 1021 2811; x_wconf 88' lang='lat' dir='ltr'>minora</span> <span class='ocrx_word' id='word_1_351' title='bbox 1053 2770 1203 2820; x_wconf 87' lang='lat' dir='ltr'>multa,</span> <span class='ocrx_word' id='word_1_352' title='bbox 1243 2770 1286 2810; x_wconf 92' lang='lat' dir='ltr'>in</span> <span class='ocrx_word' id='word_1_353' title='bbox 1328 2770 1485 2822; x_wconf 87' lang='lat' dir='ltr'>quibus</span> <span class='ocrx_word' id='word_1_354' title='bbox 1524 2770 1567 2810; x_wconf 93' lang='lat' dir='ltr'>in</span> <span class='ocrx_word' id='word_1_355' title='bbox 1600 2769 1690 2809; x_wconf 84' lang='lat' dir='ltr'>edi-</span> 
     </span>
    </p>
   </div>
   <div class='ocr_carea' id='block_1_3' title="bbox 91 2839 1690 2942">
    <p class='ocr_par' dir='ltr' id='par_1_3' title="bbox 91 2839 1690 2942">
     <span class='ocr_line' id='line_1_39' title="bbox 91 2839 1690 2891; baseline -0.004 -5"><span class='ocrx_word' id='word_1_356' title='bbox 91 2845 207 2886; x_wconf 88' lang='lat' dir='ltr'>tione</span> <span class='ocrx_word' id='word_1_357' title='bbox 238 2845 403 2886; x_wconf 89' lang='lat' dir='ltr'>maiore</span> <span class='ocrx_word' id='word_1_358' title='bbox 436 2844 528 2886; x_wconf 91' lang='lat' dir='ltr'>aliis</span> <span class='ocrx_word' id='word_1_359' title='bbox 563 2843 781 2884; x_wconf 87' lang='lat' dir='ltr'>codicibus</span> <span class='ocrx_word' id='word_1_360' title='bbox 814 2841 1047 2883; x_wconf 87' lang='lat' dir='ltr'>obsecutus</span> <span class='ocrx_word' id='word_1_361' title='bbox 1081 2843 1185 2891; x_wconf 90' lang='lat' dir='ltr'>erat,</span> <span class='ocrx_word' id='word_1_362' title='bbox 1227 2841 1283 2881; x_wconf 89' lang='lat' dir='ltr'>ad</span> <span class='ocrx_word' id='word_1_363' title='bbox 1314 2841 1469 2881; x_wconf 85' lang='lat' dir='ltr'>horum</span> <span class='ocrx_word' id='word_1_364' title='bbox 1503 2839 1690 2880; x_wconf 85' lang='lat' dir='ltr'>auctori—</span> 
     </span>
     <span class='ocr_line' id='line_1_40' title="bbox 1340 2909 1406 2942; baseline 0 0"><span class='ocrx_word' id='word_1_365' title='bbox 1340 2909 1406 2942; x_wconf 65' lang='lat'>47*</span> 
     </span>
    </p>
   </div>
  </div>
 </body>
</html>
