1915 3235
122 1167 173 1191 249

952 107 1037 147 202

195 234 310 283 tinae,
361 247 456 286 quae
500 246 586 275 non
629 234 783 283 minus,
834 235 926 287 ipso
970 235 1234 287 Spanhemio
1275 235 1451 286 fatente,
1502 239 1544 277 et
1587 242 1709 278 erant
1752 243 1794 278 et

196 304 530 357 appellabantur
586 304 884 345 Romanorum
935 308 975 345 et
1022 308 1135 355 tum,
1193 309 1352 358 praeter
1407 306 1633 357 militares,
1691 308 1793 349 solae

196 372 377 427 erant1),
411 378 486 415 aut
518 388 570 415 ex
604 388 666 425 eo,
702 375 817 427 quod
848 375 1010 416 Plinius
1044 377 1086 416 in
1110 377 1278 429 oppidis
1301 377 1620 430 provinciarum
1644 391 1792 419 recen-

196 446 340 486 sendis
372 446 606 498 municipia
639 448 681 486 et
713 445 901 487 colonias
928 445 1170 500 (militares)
1205 448 1425 500 distinguit
1450 448 1792 502 oppidorumque

196 517 351 557 civium
384 517 684 557 Romanorum
717 517 933 569 singulare
966 530 1101 570 genus
1135 517 1322 559 colonias
1356 518 1459 558 facit
1499 517 1589 571 (lib.
1622 519 1689 569 ΙΠ,
1723 519 1791 569 IV,

195 588 230 626 V
270 574 465 640 pluribus
512 587 628 635 locis,
678 586 730 627 de
779 587 934 639 quihus
982 590 1147 640 postea,
1197 602 1329 641 quum
1378 589 1434 629 ad
1481 589 1791 642 imperatorum

195 661 394 711 tempora
440 658 666 698 historiam
720 658 985 700 coloniarum
1043 659 1283 709 deduxero,
1340 659 1480 700 dicam
1537 662 1792 710 accuratius,

196 729 399 781 quoniam
449 729 672 770 Trekellus
721 742 892 782 quoque
941 743 1032 771 rem
1080 729 1338 783 perturbat),
1388 744 1441 771 ex
1488 745 1551 781 eo,
1601 732 1791 784 inquam,

196 799 422 849 concludit,
465 800 653 840 colonias
694 800 894 841 inferiore
934 802 1025 842 iure
1060 802 1204 842 fuisse.
1268 801 1314 841 In
1347 814 1432 854 qua
1465 815 1510 843 re
1542 803 1601 842 ita
1634 815 1680 843 se
1712 803 1792 843 im·-

195 871 337 923 plicat,
378 873 438 920 ut,
481 884 615 923 quum
649 872 853 924 suffragio
887 873 1123 924 antiquitus
1159 873 1348 913 caruisse
1381 873 1645 914 coloniarum
1679 873 1792 914 cives

195 941 423 982 ostendere
456 942 571 991 velit,
621 942 670 983 iis
714 945 861 983 utatur
906 943 1185 995 argumentis,
1235 957 1330 996 quae
1375 945 1409 985 si
1450 944 1553 996 quid
1585 944 1791 994 valerent,

195 1013 308 1053 cives
340 1025 481 1064 neque
514 1012 645 1054 fuisse
678 1026 819 1065 neque
852 1013 1092 1066 appellatos
1133 1027 1227 1055 esse
1266 1016 1515 1067 probarent,
1565 1017 1607 1056 et
1647 1015 1703 1055 ad
1743 1028 1793 1056 ea

194 1087 392 1136 tempora
425 1083 639 1133 decurrat,
681 1084 838 1136 quibus
879 1084 1135 1125 discriminis
1168 1086 1279 1126 inter
1312 1087 1425 1126 cives
1459 1099 1553 1126 cun]
1589 1086 1792 1139 suffragio

195 1157 237 1194 et
268 1155 359 1194 sine
393 1155 598 1207 suffragio
630 1155 799 1207 pridem
832 1156 977 1196 onmia
1012 1156 1191 1209 vestigia
1225 1156 1367 1197 deleta
1401 1159 1536 1206 erant,
1571 1160 1613 1197 et
1638 1157 1693 1197 ad
1721 1170 1792 1198 eas

196 1225 396 1275 colonias,
440 1239 490 1266 ex
525 1225 681 1278 quibus
714 1227 911 1267 homines
945 1226 1001 1267 ad
1033 1228 1218 1268 honores
1252 1240 1444 1268 summos
1487 1228 1622 1268 evecti
1654 1228 1793 1268 1101111-

193 1297 328 1337 natim
363 1296 540 1337 excitari
572 1300 766 1349 possunt.
831 1296 1042 1347 Quaedam
1075 1298 1201 1339 nimis
1241 1311 1377 1351 prava
1415 1300 1514 1350 post
1546 1298 1791 1338 Trekellum

193 1368 384 1408 refutare
416 1368 535 1417 1101ος
584 1381 732 1417 111111111,
780 1369 824 1408 111
868 1382 952 1420 quo
993 1372 1034 1409 et
1075 1369 1365 1422 Spanhemius
1406 1369 1531 1410 valde
1570 1369 1719 1410 nititur
1752 1372 1794 1410 et

195 1439 419 1479 Trekellus
452 1439 640 1491 graviter
673 1441 802 1488 errat,
852 1453 950 1480 111οΧ
983 1441 1254 1493 apertissime
1289 1442 1437 1481 contra
1470 1440 1586 1480 illam
1619 1443 1793 1481 senten—

192 1510 299 1550 tiam
332 1523 525 1562 pugnare
559 1511 800 1551 ostendam.
864 1511 952 1552 Nec
986 1525 1036 1552 ea
1077 1512 1157 1552 hoc
1197 1512 1289 1552 loco
1330 1511 1537 1561 refellam,
1588 1524 1683 1563 quae
1723 1511 1793 1552 alii

193 1581 472 1633 scripserunt,
524 1582 632 1622 miro
666 1594 809 1622 errore
845 1582 1033 1623 colonias
1066 1583 1255 1631 Latinas,
1306 1595 1402 1634 quae
1435 1582 1477 1622 in
1509 1581 1610 1622 belli
1643 1581 1793 1622 Punici

193 1651 372 1692 secundi
414 1651 593 1693 historia
637 1656 1033 1693 commemorantur
1072 1653 1190 1706 apud
1230 1653 1397 1693 Livium
1432 1652 1615 1705 (XXVII,
1650 1652 1688 1703 9,
1726 1653 1791 1701 10,

193 1723 344 1773 XXIX,
382 1723 465 1775 15),
500 1727 576 1764 aut
608 1736 758 1764 omnes
792 1727 867 1764 aut
900 1727 1014 1765 certe
1047 1724 1285 1765 octodecim
1318 1737 1396 1776 pro
1429 1724 1584 1764 civium
1618 1724 1792 1765 coloniis

193 1794 407 1835 habentes
442 1799 484 1834 et
517 1808 569 1835 ex
602 1808 653 1835 eo
687 1798 944 1847 argumenta
978 1795 1197 1844 ducentes,
1248 1795 1300 1835 de
1341 1807 1426 1847 qua
1466 1808 1511 1835 re
1544 1797 1696 1847 postea
1729 1795 1792 1835 di—

195 1865 379 1906 cendum
413 1867 505 1906 erit.
569 1865 677 1906 Illud
711 1866 894 1907 fortasse
926 1879 1013 1907 non
1047 1866 1235 1907 alienum
1276 1867 1356 1907 erit
1398 1865 1629 1916 monuisse,
1679 1866 1794 1918 quod

194 1937 341 1989 populi
374 1950 533 1977 nomen
567 1937 619 1978 de
653 1937 817 1978 civibus
859 1937 1124 1978 coloniarum
1167 1937 1301 1978 semel
1343 1940 1386 1977 et
1426 1937 1579 1978 iterum
1620 1938 1794 1990 ponitur

194 2008 330 2059 (velut
363 2008 479 2060 apud
513 2007 681 2049 Livium
714 2008 882 2058 XXVII,
917 2008 985 2058 38,
1021 2008 1209 2058 XXXVI,
1252 2008 1277 2048 3
1311 2008 1363 2048 de
1396 2009 1636 2058 maritimis,
1686 2021 1792 2060 quas

194 2091 344 2119 omnes
379 2078 532 2119 civium
570 2079 699 2120 fuisse
731 2077 930 2132 patebit),
979 2092 1065 2120 non
1098 2079 1341 2132 significari,
1392 2092 1464 2120 eos
1507 2080 1610 2120 iuris
1644 2080 1792 2120 discri-

194 2149 310 2189 mine
343 2150 398 2189 311
432 2150 632 2191 universo
665 2151 826 2203 populo
867 2150 1074 2191 discretos
1113 2150 1257 2199 fuisse,
1308 2150 1384 2190 sed
1424 2155 1593 2191 tantum
1633 2153 1793 2191 coetum

196 2220 412 2271 quendam
462 2222 685 2273 proprium
734 2223 776 2262 et
829 2221 1036 2274 oppidum
1094 2222 1320 2270 habuisse3
1376 2234 1512 2274 eoque
1566 2221 1696 2262 modo
1750 2221 1794 2261 id

193 2304 353 2331 nomen
388 2292 518 2331 etiarn
562 2292 613 2332 de
657 2292 900 2344 municipiis
945 2293 1099 2333 dicitur
1140 2293 1183 2333 in
1223 2293 1433 2333 similibus
1473 2292 1589 2342 locis,
1638 2292 1681 2332 id
1714 2294 1791 2342 est,

194 2361 269 2401 ubi
302 2362 354 2402 de
388 2375 473 2402 uno
507 2376 657 2403 eorum
691 2368 901 2415 tanquam
934 2363 987 2403 de
1020 2367 1143 2415 parte
1178 2364 1322 2416 aliqua
1355 2377 1380 2404 a
1413 2364 1567 2404 ceteris
1599 2364 1793 2404 seiuncta

193 2432 354 2484 agitur3
394 2433 511 2473 velut
550 2433 812 2474 Tusculanus
837 2435 1020 2487 populus
1060 2435 1307 2476 nominatur
1339 2435 1455 2487 apud
1488 2435 1652 2475 Livium
1686 2434 1790 2483 VIII,

233 2628 261 2673 ¹)
287 2631 404 2665 Minus
432 2635 526 2665 recte
552 2633 749 2674 Trekellus,
778 2634 839 2677 qui
866 2637 990 2667 tamen
1016 2634 1089 2667 iam
1115 2644 1239 2667 veram
1266 2634 1445 2668 rationem
1467 2633 1594 2677 attigit,
1630 2637 1665 2667 et
1686 2633 1792 2667 Gara-

290 2690 411 2724 tonius
445 2691 503 2733 (ad
538 2691 607 2725 Cic.
641 2703 705 2735 pro
738 2693 839 2726 Balb.
866 2691 909 2724 ‘21
945 2704 979 2736 p.
1006 2691 1089 2735 200)
1122 2696 1252 2736 putant
1284 2692 1434 2736 intelligi
1468 2704 1583 2737 posse,
1622 2692 1792 2726 omnibus

291 2749 473 2783 civitatem
502 2761 584 2783 cum
617 2751 788 2794 suffragio
821 2752 955 2793 datam,
995 2752 1056 2785 sed
1092 2755 1132 2786 ut
1165 2752 1235 2785 alia
1268 2751 1400 2795 oppida
1432 2751 1630 2796 municipia
1661 2754 1791 2791 essent,

291 2808 373 2849 alia,
401 2809 467 2842 etsi
493 2809 602 2842 nullis
629 2809 792 2843 deductis
819 2810 965 2851 colonis,
993 2811 1153 2851 coloniae,
1188 2810 1294 2854 quale
1322 2810 1515 2844 discrimen
1540 2810 1689 2844 ludendi
1716 2813 1791 2844 tan-

293 2870 370 2901 tum
397 2878 506 2901 causa
533 2867 735 2911 excogitare
761 2869 879 2903 Caesar
904 2872 1057 2913 poterat.
