1915 3235
127 493 177 519 123

131 1629 182 1655 124

941 138 1026 180 498

202 271 364 321 „Avem
397 282 443 311 se
476 267 717 310 ostendisse
755 267 874 321 (dass
907 267 984 310 der
1015 267 1146 321 Vogel
1187 268 1278 308 sich
1317 266 1480 320 gezeigt
1517 266 1669 321 hatte),
1712 281 1791 309 au-

197 342 379 394 spicium
413 341 563 381 esset.“

314 412 372 452 At
412 411 549 452 multo
591 410 716 463 plura
758 410 957 463 exempla
999 410 1126 451 huius
1169 408 1316 450 aoristi
1357 408 1523 450 habent
1564 409 1635 459 illi,
1684 422 1791 461 quos

197 482 552 532 commemoravi,
606 480 877 534 grammatici
933 483 975 522 et
1020 481 1292 534 interpretes.
1370 480 1604 521 Videamus
1651 479 1791 532 igitur,

197 553 342 608 qualia
373 554 471 594 sint.
519 552 713 593 Primum
735 551 1032 605 Heusingerus
1066 565 1118 593 ex
1146 550 1332 593 Cornelii
1352 548 1577 604 Nepotis1)
1600 551 1793 592 Eumene

197 638 232 666 c.
258 625 298 675 9,
332 624 359 665 2
392 624 537 665 affert:
570 622 679 678 quod
710 622 855 664 (liebus
886 623 1066 678 quinque
1097 622 1226 663 hostis
1257 623 1459 664 transisse
1483 626 1635 676 posset,
1669 622 1792 662 cuius

197 698 263 737 est
294 695 432 736 simile
464 694 582 747 apud
620 694 788 735 Livium
820 694 1027 744 XXXVII,
1072 694 1145 735 19:
1195 693 1304 749 quod
1342 691 1539 746 (bellum)
1571 706 1794 747 possumus

197 789 253 796 —
287 771 382 807 ante
419 765 607 818 hiemem,
657 764 724 805 dis
762 764 998 818 volentibus,
1040 764 1280 819 perfecisse.
1343 765 1538 817 Utroque
1569 763 1663 805 loco
1694 776 1794 816 per-

197 837 359 879 fectum
390 837 567 890 propria
605 835 915 889 significatione
962 836 1152 889 positum
1201 838 1266 877 est
1314 836 1370 877 ad
1416 834 1694 877 indicandam
1733 833 1795 874 rei

197 908 535 959 absolutionem,
592 907 745 949 eodem
799 907 949 958 modo,
1005 920 1089 960 quo
1137 907 1255 960 apud
1302 907 1555 948 Sallustium
1600 904 1793 958 Iugurtli.

199 993 233 1021 c.
270 979 373 1021 106:
421 979 572 1020 milites
610 983 773 1019 cenatos
813 992 895 1019 esse
926 978 1047 1028 iubet,
1097 980 1140 1019 et
1173 978 1291 1032 apud
1323 977 1526 1019 Ovidium
1559 976 1690 1017 Trist.
1725 975 1792 1026 IV,

199 1052 239 1102 2,
273 1051 319 1092 2:
369 1049 466 1091 Iam
518 1049 637 1090 Victa
670 1054 789 1103 potes
828 1049 934 1102 flexo
968 1049 1240 1104 procubuisse
1280 1063 1390 1103 qemi
1432 1047 1531 1102 (hoc
1575 1049 1658 1089 est:
1707 1047 1795 1087 iam

199 1123 343 1175 potest
374 1120 552 1162 victoria
589 1121 790 1163 absoluta
833 1118 959 1173 esse),
1009 1123 1051 1162 et
1093 1120 1363 1162 coniunctivo
1405 1119 1535 1161 modo
1579 1118 1696 1172 apud
1727 1117 1797 1158 Li-

199 1194 317 1234 vium
356 1192 542 1242 XXVHI,
586 1192 653 1242 14,
695 1192 741 1233 7:
796 1191 1014 1233 Tessercim
1060 1191 1188 1245 (ledit,
1236 1196 1281 1232 ut
1329 1195 1423 1232 (wite
1471 1191 1601 1231 lucem
1639 1189 1798 1243 pransi

201 1260 388 1316 essent.‘²)
451 1263 601 1315 Neque
639 1262 763 1304 aliter
802 1263 909 1304 dixit
940 1263 1075 1304 Varro
1108 1263 1154 1304 L.
1188 1263 1234 1304 L.
1267 1262 1326 1304 IX
1357 1276 1399 1315 p.
1436 1261 1518 1303 133
1542 1260 1637 1314 Bip.
1671 1258 1716 1312 [ξ
1742 1259 1798 1300 32

200 1334 387 1388 Muell.]:
440 1334 542 1385 Quis
584 1334 693 1375 enim
726 1338 861 1387 potest
905 1347 986 1375 non
1026 1348 1114 1375 una
1158 1333 1257 1387 (hoc
1301 1330 1570 1386 corruptum)
1604 1329 1798 1372 animad-

200 1407 381 1459 vertisse,
428 1406 475 1446 in
506 1405 619 1446 omni
651 1406 838 1446 oratione
871 1404 981 1447 cet?
1040 1404 1163 1459 (Wer
1198 1406 1315 1446 kann
1355 1417 1401 1446 es
1433 1403 1694 1445 unbemerkt
1725 1414 1798 1455 ge-

199 1478 345 1520 lassen
375 1474 567 1529 habenP)

319 1548 483 1589 Praeter
514 1547 608 1588 haec
639 1560 775 1588 unum
809 1548 1056 1601 exemplum
1088 1547 1396 1601 Heusingerus,
1431 1547 1616 1588 alterum
1639 1545 1799 1587 Rams-

200 1619 378 1662 hornius
412 1632 463 1660 ex
497 1618 579 1660 alio
612 1631 768 1671 genere
807 1619 997 1671 protulit,
1046 1619 1162 1671 quod
1199 1618 1235 1660 si
1276 1620 1417 1659 totum
1456 1618 1674 1670 cognitum
1706 1616 1799 1666 erit,

201 1691 325 1733 facile
358 1690 631 1743 intelligetur,
681 1691 736 1731 ab
779 1690 850 1732 illa
883 1689 1030 1731 aoristi
1063 1689 1199 1731 Graeci
1231 1689 1402 1743 poetica
1434 1688 1673 1730 imitatione
1704 1687 1799 1728 lon-

201 1762 375 1816 gissime
418 1761 656 1802 diiunctum
701 1774 809 1802 esse.
886 1761 945 1802 Ut
987 1760 1101 1802 enim
1143 1760 1237 1802 haec
1278 1773 1428 1801 recens
1472 1761 1557 1810 est,
1605 1759 1666 1800 ita
1711 1758 1797 1808 illa,

202 1833 256 1874 de
304 1832 460 1885 quibus
508 1832 664 1883 dicam,
712 1833 768 1874 ad
815 1832 1157 1874 vetustissimum
1203 1844 1449 1873 sermonem
1496 1830 1714 1883 pertinent
1759 1830 1802 1870 et

202 1904 464 1957 procedente
496 1908 692 1956 tempore
725 1917 777 1944 ex
809 1917 890 1945 353
922 1904 1096 1945 sublata
1128 1905 1243 1945 sunt.
1305 1901 1484 1955 Antiqui
1517 1901 1632 1942 enim
1660 1899 1801 1942 Latini

202 1976 349 2025 verbo,
391 1974 507 2028 quod
539 1977 605 2016 est
640 1975 736 2026 volo,
777 1975 1014 2028 saepissime
1048 1974 1092 2015 in
1124 1973 1326 2024 vetando,
1375 1974 1419 2014 in
1450 1972 1626 2026 publica
1656 1971 1800 2025 legum

241 2149 271 2194 ¹)
297 2151 504 2185 Cornelium
531 2150 628 2185 enim
655 2151 752 2185 hunc
777 2162 867 2193 esse,
906 2151 995 2185 mihi
1027 2161 1100 2185 non
1132 2150 1292 2194 eripitur,
1332 2149 1369 2184 in
1403 2160 1475 2194 quo
1509 2145 1575 2182 nec
1601 2147 1717 2182 ullum
1743 2158 1802 2182 ve·

300 2210 445 2255 stigium
472 2209 650 2244 inferioris
677 2210 792 2244 aetatis
824 2221 947 2244 rerum
979 2213 1042 2244 aut
1073 2209 1254 2254 cogitandi
1285 2208 1435 2243 rationis
1469 2207 1702 2251 deprehendo
1735 2217 1802 2240 nec

299 2270 412 2304 ullam
439 2272 565 2303 notam
595 2269 773 2304 sermonis
805 2273 1012 2314 temporum
1038 2268 1385 2310 Theodosianorum,
1424 2267 1460 2301 in
1493 2277 1650 2310 quorum
1683 2265 1802 2310 cogni-

300 2329 436 2363 tionem
463 2329 571 2372 paulo
598 2329 803 2373 diligentius
829 2329 960 2363 vellem
994 2339 1032 2363 se
1057 2328 1314 2369 insinuassent,
1354 2327 1415 2371 qui
1448 2325 1657 2370 nuperrime
1690 2324 1801 2359 etiam

302 2388 345 2422 de
371 2388 488 2422 Probo
515 2391 704 2432 tantopere
730 2391 1002 2425 asseverarunt3
1035 2390 1114 2422 tum
1141 2389 1264 2421 autem
1291 2386 1446 2421 Cornelii
1471 2384 1741 2429 simplicitatem
1767 2387 1803 2419 et

303 2447 423 2481 minus
449 2447 648 2490 expolitum
674 2447 817 2481 dicendi
842 2458 955 2491 genus
982 2449 1017 2480 et
1043 2446 1313 2490 quodammodo
1334 2444 1544 2490 quotidiano
1563 2443 1710 2488 propius
1729 2454 1802 2477 non

302 2517 385 2540 cum
413 2505 593 2540 Ciceronis
619 2506 762 2541 exculta
788 2506 967 2551 elegantia
992 2508 1275 2550 comparassent,
1307 2503 1370 2539 sed
1403 2515 1487 2538 cum
1512 2504 1555 2538 iis
1580 2503 1675 2538 notis
1701 2502 1803 2537 fami-

302 2564 399 2599 liaris
426 2568 461 2598 et
487 2564 687 2608 quotidiani
713 2565 854 2609 generis
872 2564 1060 2606 sermonis,
1088 2575 1167 2608 quae
1195 2566 1339 2598 exstant
1357 2563 1454 2607 apud
1473 2563 1663 2606 Caesarem,
1689 2573 1802 2606 quan-

303 2634 414 2668 quam
440 2622 515 2667 ipse
542 2624 657 2658 multo
683 2623 881 2668 elegantior
907 2626 972 2666 est,
999 2626 1033 2658 et
1051 2623 1147 2668 apud
1167 2623 1368 2657 Varronem
1386 2622 1423 2656 in
1441 2633 1563 2656 rerum
1582 2621 1801 2656 rusticarum

303 2682 414 2724 libris,
442 2685 622 2726 quatenus
648 2682 895 2727 antiquarium
921 2693 994 2717 non
1020 2682 1103 2726 agit.

248 2740 276 2786 ²)
301 2741 480 2777 Advocari
495 2741 604 2775 etiam
619 2741 780 2776 Sallustii
794 2741 898 2775 video
912 2741 1024 2776 verba
1038 2752 1081 2776 ex
1095 2741 1257 2785 Iugurth.
1271 2740 1334 2774 31:
1350 2751 1458 2784 neque
1472 2751 1532 2783 890
1546 2750 1617 2783 vos,
1636 2739 1802 2781 Quirites,

304 2803 439 2845 hortor,
474 2806 511 2835 ut
543 2802 677 2834 malitis
703 2802 792 2834 cives
816 2806 950 2835 vestros
968 2811 1164 2844 perperam
1190 2811 1298 2844 quam
1323 2804 1413 2833 recte
1436 2799 1561 2842 fecisse
1587 2800 1664 2839 cet„
1697 2796 1803 2831 valde

304 2871 474 2904 perversa
499 2858 695 2897 sententia;
728 2870 801 2893 non
827 2859 945 2904 agitur
971 2859 1015 2894 de
1040 2870 1093 2901 eo,
1128 2859 1225 2903 quod
1250 2858 1345 2892 cives
1371 2857 1516 2899 faciant,
1549 2856 1612 2891 sed
1638 2855 1682 2890 de
1708 2865 1804 2899 quae·

307 2919 434 2961 stione,
461 2918 547 2962 quid
574 2917 734 2952 fecerint.
786 2918 920 2962 Optare
946 2918 1053 2953 debet
1077 2918 1245 2962 populus,
1272 2920 1312 2953 ut
1337 2919 1434 2951 recte
1458 2917 1583 2959 fecisse
1608 2914 1644 2949 in
1670 2912 1802 2949 iudicio

307 2977 587 3022 comperiantur,
613 2987 686 3011 non
712 2976 949 3021 quaestionem
976 2976 1169 3012 remittere.
