1915 3235
839 144 920 184 221

87 274 198 315 Nam
232 273 535 315 commercium
568 274 657 314 sive
690 273 873 314 facultas
904 284 1016 312 nexa
1047 272 1138 312 iure
1163 270 1391 321 Quiritium
1417 269 1601 310 faciendi
1632 269 1678 309 in

87 344 280 397 personis
313 344 521 393 haerebat,
555 357 641 384 non
673 344 716 384 in
747 343 870 391 locis,
914 355 994 383 nec
1026 342 1110 394 qui,
1144 344 1191 382 ut
1222 341 1304 382 hoc
1336 340 1532 393 exemplo
1565 342 1677 388 utar,

87 415 212 456 heres
245 414 346 455 civis
370 414 557 455 Romani
588 414 751 455 institui
783 415 995 466 potuerat.
1030 411 1237 465 quamdiu
1258 412 1412 452 Romae
1435 410 1677 459 habitabat,

88 485 229 525 minus
269 487 453 537 poterat,
503 497 635 537 quum
676 484 937 525 domicilium
977 483 1078 524 alibi
1117 485 1334 535 posuerat.
1399 481 1484 522 Sed
1515 481 1680 522 nullam

88 555 332 596 huiusmodi
366 555 528 596 Latinis
562 555 709 596 datam
742 555 873 595 fuisse
900 554 1082 595 civitatis
1107 553 1318 594 Romanae
1344 552 1677 605 possessionem,

89 628 137 666 ut
166 626 469 667 tantummodo
501 639 604 666 usus
637 625 727 666 eius
762 624 1008 666 condicione
1048 624 1193 675 aliqua
1233 625 1359 664 certae
1399 622 1680 663 habitationis

90 695 439 748 adstringeretur,
489 696 592 736 satis
630 697 750 748 patet
790 707 842 735 ex
885 707 948 742 eo,
999 694 1113 746 quod
1152 707 1189 734 a.
1226 694 1306 734 187
1349 693 1489 734 Latini
1519 692 1681 745 populi,

91 766 246 820 quibus
280 766 557 807 decrescente
591 766 746 807 civium
779 764 1052 806 multitudine
1085 764 1189 804 nihil
1213 763 1515 805 remittebatur
1539 776 1592 804 ex
1615 763 1682 812 iis,

95 851 191 890 quae
238 850 289 878 ex
337 837 522 878 formula
560 836 778 877 foedereve
816 835 1064 888 praestanda
1105 840 1240 880 erant,
1289 847 1388 875 suos
1436 834 1562 882 cives,
1612 833 1685 886 qui

93 908 245 949 Romae
277 921 354 960 per
387 907 585 948 fraudem
617 908 660 947 in
694 919 868 947 censum
909 907 1183 958 irrepserant.
1232 905 1497 957 repetierunt
1535 907 1588 953 et,
1637 906 1686 945 ut

94 978 294 1027 redirent,
335 978 613 1019 obtinuerunt
647 977 752 1029 (Liv.
785 977 977 1022 XXXIX,
1011 975 1068 1028 3),
1109 979 1345 1028 posteaque
1386 976 1543 1028 saepius
1582 975 1685 1016 socii

96 1051 137 1090 et
168 1049 307 1089 Latini
338 1048 481 1090 Roma
514 1049 628 1089 exire
660 1048 763 1089 iussi
796 1052 895 1088 sunt
929 1046 1031 1099 (Cic.
1059 1060 1137 1099 pro
1170 1046 1278 1087 Sest.
1308 1046 1374 1095 13,
1409 1045 1477 1094 30,
1512 1044 1604 1086 coll.
1631 1044 1685 1085 de

95 1119 217 1161 Offic.
250 1119 316 1168 III,
354 1121 419 1168 11,
460 1118 547 1171 47),
597 1124 651 1167 et,
701 1118 772 1171 qui
806 1131 857 1159 ex
889 1119 939 1159 iis
972 1131 1049 1170 pro
1083 1118 1246 1158 civibus
1279 1130 1325 1158 se
1357 1118 1594 1169 gesserant,
1642 1115 1687 1155 in

95 1203 196 1231 suas
236 1190 430 1231 civitates
470 1189 632 1230 redacti
672 1191 784 1237 sunt.v
833 1189 950 1229 velut
995 1189 1219 1229 notissima
1266 1187 1337 1228 illa
1384 1187 1476 1240 lege
1524 1186 1686 1227 Licinia

94 1261 233 1302 Mucia
267 1260 323 1313 (a.
357 1259 444 1312 95),
479 1273 564 1313 qua
599 1260 649 1300 T.
683 1259 920 1307 Matrinius,
955 1272 1082 1311 quem
1117 1272 1168 1300 ex
1201 1258 1366 1300 colonia
1401 1257 1552 1298 Latina
1577 1257 1686 1309 Spo-

96 1331 194 1372 letio
243 1332 415 1372 civitate
459 1331 503 1372 C.
537 1330 696 1371 Marius
737 1330 932 1378 donarat,
982 1332 1208 1371 accusatus
1258 1332 1334 1377 est,
1385 1341 1516 1380 quum
1565 1326 1687 1368 Marii

95 1401 350 1443 beneficium
385 1402 428 1442 in
462 1401 641 1442 dubium
682 1405 881 1441 vocatum
924 1403 1049 1441 esset.
1112 1400 1255 1453 Atque
1295 1401 1401 1447 haec,
1452 1411 1548 1451 quae
1588 1399 1688 1438 sunt

94 1472 330 1521 notissima,
364 1485 450 1513 non
484 1484 746 1524 opponerem
780 1472 1028 1520 Niebuhrio,
1063 1471 1143 1512 nisi
1168 1472 1202 1512 is
1227 1483 1364 1523 usque
1389 1469 1445 1510 ad
1470 1468 1686 1509 civitatem

95 1543 186 1596 lege
228 1543 334 1584 Iulia
368 1542 424 1595 (a.
458 1541 531 1594 90)
576 1542 737 1583 Latinis
781 1542 927 1583 datam
972 1542 1043 1582 illa
1086 1542 1181 1582 iura
1222 1541 1432 1582 mansisse
1474 1541 1685 1592 putasset.
1708 1555 1760 1580 273

95 1613 235 1655 Facile
279 1616 425 1654 autem
472 1616 605 1666 patet,
656 1614 727 1666 qui
774 1612 927 1653 fraude
975 1612 1193 1653 civitatem
1239 1614 1449 1664 peterent,
1498 1610 1686 1651 Romam

95 1686 316 1737 migrasse,
350 1687 409 1734 ut,
455 1684 582 1737 quod,
627 1685 661 1725 si
694 1685 737 1725 in
769 1696 847 1724 sua
881 1683 1045 1724 colonia
1078 1683 1351 1731 mansissent,
1396 1681 1538 1722 facere
1569 1680 1687 1721 nullo

95 1755 224 1797 modo
256 1759 445 1808 possent,
485 1755 529 1795 id
561 1755 713 1796 Romae
744 1754 788 1795 in
819 1754 949 1795 turba
981 1753 1185 1800 facerent,
1227 1758 1370 1794 vetere
1405 1765 1557 1793 census
1591 1751 1686 1792 dili-

96 1827 239 1879 gentia
271 1826 314 1867 in
345 1828 436 1867 tam
469 1839 628 1878 magna
667 1825 837 1866 civitate
878 1824 964 1865 iam
1005 1826 1269 1865 senescente.
1332 1824 1482 1876 Itaque
1514 1825 1684 1864 tantum

96 1897 236 1949 legum
286 1896 557 1949 quarundam
605 1896 814 1936 beneficio
862 1895 964 1936 data
1003 1898 1095 1936 erat
1134 1895 1295 1935 Latinis
1337 1897 1453 1935 certa
1495 1893 1688 1935 condicio

96 1979 182 2008 non
229 1967 377 2008 utendi
425 1967 567 2020 aliqua
615 1969 738 2020 parte
786 1966 988 2015 civitatis,
1039 1965 1115 2006 sed
1161 1965 1334 2018 plenam
1383 1963 1686 2017 consequendi.

96 2037 222 2078 Velut
269 2051 320 2078 ex
366 2038 430 2087 iis,
479 2051 574 2091 quae
615 2051 653 2078 a.
690 2037 769 2077 177
820 2039 916 2077 acta
965 2049 989 2076 a
1037 2036 1154 2077 Livio
1202 2038 1433 2076 narrantur
1473 2034 1594 2087 (XLI,
1630 2032 1687 2086 8),

96 2110 235 2160 patet.
291 2107 370 2149 illis
418 2108 685 2161 temporibus
734 2107 891 2160 (neque
940 2107 1052 2147 enim
1100 2109 1356 2159 perpetuam
1406 2119 1501 2147 eam
1549 2105 1687 2158 legem

96 2178 227 2220 fuisse
261 2181 426 2220 certum
460 2178 541 2231 est)
575 2179 749 2220 Latinos
784 2179 896 2219 cives
920 2178 1143 2219 Romanos
1175 2177 1267 2218 fieri
1292 2177 1495 2229 potuisse,
1529 2176 1563 2217 si
1589 2176 1687 2216 stir-

96 2262 196 2302 pem
229 2262 281 2290 ex
313 2262 358 2290 se
393 2250 508 2291 domi
541 2250 831 2302 reliquissent3
874 2249 918 2289 in
950 2261 1035 2301 qua
1068 2261 1114 2289 re
1147 2261 1280 2301 quum
1312 2248 1430 2288 fraus
1463 2247 1689 2299 multiplex

96 2322 354 2369 versaretur,
404 2323 452 2362 ut
490 2321 622 2373 stirpe
660 2320 778 2361 nulla
817 2320 965 2360 relicta
1005 2319 1222 2360 civitatem
1261 2320 1492 2367 mutarent,
1541 2317 1689 2370 populi

96 2390 235 2431 Latini
269 2403 293 2431 a
325 2396 479 2432 senatu
510 2391 783 2444 postularunt
817 2389 1121 2442 consecutique
1154 2392 1266 2438 sunt,
1315 2391 1363 2429 ut
1400 2388 1481 2429 illis
1521 2387 1687 2428 artibus

97 2459 268 2502 obviam
301 2462 447 2502 iretur.
517 2462 717 2502 Pluribus
759 2460 924 2513 legibus
966 2461 1193 2513 praemium
1236 2459 1398 2501 Latinis
1440 2458 1689 2500 hominibus

99 2531 313 2572 civitatem
355 2532 631 2573 constitutam
670 2531 815 2579 fuisse,
866 2544 917 2571 ex
965 2530 1178 2572 Ciceronis
1226 2531 1368 2571 verbis
1417 2532 1599 2583 apparet
1645 2530 1689 2570 in

98 2604 205 2643 orat.
238 2615 315 2655 pro
347 2602 469 2644 Balb.
504 2602 572 2651 24,
615 2602 690 2650 54;
740 2614 791 2642 ex
832 2602 987 2654 quibus
1020 2614 1108 2642 una
1141 2604 1233 2642 erat
1265 2600 1445 2642 Servilia
1477 2600 1530 2640 de
1562 2613 1687 2653 repe-

97 2672 255 2722 tundis,
304 2673 392 2714 lata
424 2672 626 2716 Marianis
659 2672 925 2724 temporibus
959 2674 1058 2712 ante
1091 2685 1129 2712 a.
1167 2671 1261 2720 100,
1313 2684 1398 2724 qua
1430 2672 1582 2713 Latino
1616 2684 1689 2712 ac—

99 2743 297 2792 cusatori,
346 2743 418 2795 qui
464 2756 586 2783 reum
636 2742 899 2791 damnasset,
949 2743 1097 2783 civitas
1146 2742 1332 2783 dabatur
1380 2741 1482 2795 (Cic.
1515 2739 1688 2794 ibd.).1)

138 2900 166 2947 ¹)
190 2905 242 2939 Ex
267 2905 477 2950 fragmentis
502 2906 589 2950 legis
616 2905 774 2940 Serviliae
801 2903 873 2948 [vel
904 2905 1023 2950 potius
1056 2904 1206 2948 Aciliae],
1239 2917 1319 2949 quae
1352 2909 1546 2950 supersunt
1579 2903 1692 2947 (edita

193 2975 356 2999 seorsum
390 2976 411 2999 a
442 2965 586 2999 Klenzio
618 2964 777 2999 Berolini
809 2975 840 2998 a.
874 2963 990 3006 1825),
1022 2964 1068 3005 id,
1109 2965 1205 3008 quod
1231 2965 1276 2998 ad
1308 2965 1403 2999 hanc
1428 2975 1505 2998 rem
1536 2966 1690 3007 spectat,
