1915 3235
823 111 908 152 543

188 242 398 294 Deinceps
441 241 556 281 locos
600 241 762 293 aliquot
793 240 1017 293 attingam,
1064 239 1108 280 in
1150 239 1306 293 quibus
1349 254 1376 281 a
1418 253 1520 282 vera
1561 254 1658 282 Ver-

70 313 225 354 borum
265 311 573 363 significatione
621 313 664 351 et
710 311 1023 351 sententiarum
1071 312 1370 352 consecutione
1409 312 1658 353 aberratum
1679 323 1732 347 1⁷9

71 386 148 424 est.
212 382 402 432 Quorum
436 381 601 433 primus
634 382 700 430 sit,
742 381 814 433 qui
852 381 896 421 in
928 381 1114 433 septima
1146 381 1278 422 satira
1317 382 1471 435 legitur
1502 382 1602 423 inde
1634 396 1660 423 a

70 466 198 494 versu
251 452 344 500 106,
393 451 467 491 ubi
515 454 645 503 poeta
692 454 910 492 oratorum
959 453 1139 504 praemia
1184 464 1271 492 non
1318 452 1459 494 minus
1507 453 1661 507 exigua
1702 453 1709 462 '

71 536 164 564 esse
198 522 312 571 dicit,
361 535 492 574 quam
533 534 628 573 quae
669 522 798 562 ceteri
838 524 1168 574 consequantur,
1217 522 1289 574 qui
1321 523 1487 564 artibus
1519 527 1562 565 et
1592 524 1661 564 lit-

69 594 171 635 teris
204 606 382 646 operam
419 593 541 633 dent:

311 699 387 739 Dic
419 697 558 750 igitur,
595 697 698 749 quid
731 697 955 738 causidicis
989 698 1127 739 civilia
1158 701 1366 751 praestent

313 768 465 810 Officia
499 770 541 808 et
572 781 729 820 magno
763 768 940 808 comites
973 769 1016 808 in
1049 769 1165 810 fasce
1197 770 1341 811 libelli.

314 839 399 892 Ipsi
430 852 589 891 magna
621 841 789 889 sonant,
823 839 900 880 sed
931 842 1045 889 tunc,
1080 853 1212 892 quum
1246 840 1430 881 creditor
1461 840 1594 890 audit,

312 910 549 962 Praecipue,
582 909 651 949 vel
683 910 718 950 si
750 910 888 962 tetigit
920 912 1032 951 latus
1066 911 1203 951 acrior
1234 911 1318 961 illo,

312 980 393 1030 Qui
426 981 542 1020 venit
574 979 629 1020 ad
663 980 841 1021 dubium
873 994 1031 1034 magno
1065 994 1161 1021 cum
1196 982 1340 1022 codice
1372 995 1544 1024 nomen.

312 1051 435 1092 Tunc
468 1050 680 1091 immensa
714 1051 807 1091 cavi
839 1052 1005 1103 spirant
1036 1052 1262 1092 mendacia
1296 1052 1417 1094 folles

312 1121 657 1174 Conspuiturque
689 1121 820 1161 sinus.
883 1122 1041 1162 Veram
1074 1122 1341 1174 deprendere
1374 1137 1558 1165 messem

313 1193 356 1234 Si
388 1192 505 1242 libet,
539 1192 638 1232 hinc
672 1194 843 1232 centum
877 1193 1138 1244 patrimonia
1172 1194 1498 1245 causidicorum,

310 1264 440 1304 Parte
473 1262 557 1303 alia.
590 1262 726 1303 solum
762 1263 919 1303 russati
951 1276 1064 1315 pone
1097 1264 1313 1305 Lacernae.

70 1371 117 1412 In
162 1371 244 1412 hoc
289 1370 383 1410 loco
432 1368 547 1421 quod
593 1367 761 1408 initium
810 1371 903 1408 erat
948 1371 1077 1409 rectae
1124 1369 1508 1422 interpretationis,
1557 1371 1662 1412 Hei-

69 1441 245 1482 neckius
277 1440 397 1480 vidit.
446 1438 589 1489 Quum
623 1438 736 1478 enim
769 1438 896 1490 vulgo
928 1439 1063 1480 verba
1097 1439 1188 1493 Ipsi
1218 1454 1375 1495 Δηῑαφια
1406 1446 1555 1481 sonant
1580 1444 1660 1482 cet.

71 1513 124 1553 de
157 1511 383 1552 causidicis
418 1511 461 1551 in
493 1510 586 1550 foro
625 1508 867 1550 dicentibus
905 1509 1204 1562 intelligerent,
1253 1511 1309 1551 ad
1353 1525 1484 1563 quam
1528 1512 1661 1553 inter-

69 1583 356 1636 pretationem
397 1579 673 1630 Schmidtius,
722 1579 957 1620 Heineckio
996 1582 1272 1633 reprehenso,
1322 1583 1448 1623 rediit
1490 1585 1532 1624 et
1564 1596 1660 1624 eam

70 1653 280 1694 varietate
314 1651 457 1703 aliqua
490 1649 725 1699 exornavit,
759 1649 1020 1691 Heineckius
1053 1651 1170 1693 Vidit.
1212 1653 1327 1704 quod
1360 1656 1402 1694 et
1434 1667 1486 1694 ex
1517 1654 1660 1695 verbis

69 1723 172 1776 ipsis
204 1722 455 1774 intelligitur
488 1720 661 1775 (mayna
692 1719 858 1771 sonant)
900 1726 939 1761 et
981 1734 1033 1761 ex
1074 1735 1223 1763 versus
1266 1724 1348 1764 112
1386 1725 1505 1766 initio
1538 1723 1662 1777 (Con-

69 1795 312 1848 spuitur-que
334 1793 463 1840 sinus,
498 1805 594 1844 quae
616 1790 750 1831 verba
773 1793 896 1831 vetus
929 1792 1181 1833 scholiastes
1214 1797 1328 1835 recte
1353 1783 1673 1848 interpretatus

70 1863 151 1917 est)
200 1867 242 1905 et
290 1876 341 1904 ex
389 1861 801 1903 commemoratione
849 1861 1070 1903 creditoris
1118 1866 1160 1904 et
1202 1864 1377 1907 alterius
1416 1866 1539 1915 illius,
1589 1867 1662 1919 qui

70 1937 210 1977 acrius
241 1935 354 1975 latus
386 1932 536 1985 tangit,
575 1934 796 1984 postremo
829 1934 974 1972 autem
1007 1935 1233 1987 perspicue
1267 1948 1318 1976 ex
1349 1936 1415 1977 his
1449 1936 1662 1978 contrarie

69 2005 237 2047 relatis:
288 2003 399 2058 Ipsi
437 2016 593 2057 magma
637 2006 787 2042 sonant
826 2004 868 2043 et
909 2002 1061 2043 Veram
1109 2005 1364 2058 deprendere
1409 2021 1579 2048 messem
1624 2008 1662 2048 si

69 2077 165 2117 libet
197 2078 290 2125 cet.,
326 2074 574 2115 Iuvenalem
605 2073 795 2125 primum
828 2074 1142 2116 causidicorum
1175 2090 1276 2118 suas
1308 2079 1530 2119 mercedes
1562 2091 1659 2119 ver-

68 2148 134 2188 bis
168 2144 521 2199 exaggerantium
559 2143 787 2184 mendacia
829 2145 872 2184 et
913 2145 1151 2187 vanitatem
1184 2147 1336 2189 ridere.
1399 2149 1446 2189 In
1484 2149 1660 2202 singulis

68 2219 265 2272 partibus
297 2215 491 2257 nonnihil
522 2214 670 2266 lapsus
703 2217 781 2255 est.
837 2214 943 2256 Haec
975 2218 1040 2257 est
1071 2217 1210 2269 igitur,
1251 2221 1310 2269 ut,
1351 2221 1512 2261 omissa
1542 2220 1659 2260 refu-

68 2289 254 2338 tatione,
313 2286 482 2327 veriora
538 2297 828 2337 exponamUS,
887 2287 1199 2329 sententiarum
1251 2290 1514 2343 progressio:
1574 2291 1660 2344 Ipsi

70 2360 244 2413 quidem
276 2358 423 2399 omnia
454 2368 613 2408 magna
651 2355 898 2407 loquuntur,
947 2370 1127 2410 magnas
1170 2360 1251 2400 sibi
1293 2361 1513 2402 mercedes
1553 2362 1659 2403 solvi

69 2431 206 2473 solere
247 2429 394 2470 dicunt
436 2425 609 2480 (magum
650 2424 836 2478 soncmt);
884 2427 960 2467 sed
1008 2429 1181 2480 quando
1223 2431 1303 2472 hoc
1346 2432 1519 2474 dicunt?
1565 2435 1658 2473 tum

69 2500 298 2555 praecipue,
347 2510 480 2551 quum
519 2497 547 2536 ii
579 2495 773 2545 audiunt,
823 2510 929 2548 quos
973 2499 1288 2542 causidicorum
1329 2503 1507 2545 interest
1548 2505 1659 2545 bene

71 2573 122 2613 de
154 2571 324 2613 illorum
367 2568 576 2610 reditibus
619 2566 777 2607 sentire
820 2569 862 2608 et
903 2581 1083 2622 magnas
1127 2571 1207 2613 illis
1249 2575 1470 2616 mercedes
1511 2575 1658 2615 venire
1678 2581 1732 2606 180

164 2747 302 2781 venalis
327 2747 405 2780 loco
432 2741 660 2778 Heinrichius
686 2742 828 2777 diducis
854 2748 985 2787 tuetur,
1011 2761 1171 2793 praesens
1197 2762 1280 2785 cum
1306 2751 1428 2786 futuro
1454 2755 1550 2785 recte
1576 2761 1657 2785 con·

163 2807 263 2851 iungi
288 2806 490 2843 affirmans;
518 2804 580 2839 sed
606 2803 726 2846 ipsum
750 2812 815 2844 per
841 2815 878 2838 se
903 2818 1062 2850 praesens
1088 2810 1236 2845 omnino
1257 2811 1469 2845 excluditur.
1508 2810 1657 2852 Deinde,

164 2869 205 2900 ut
230 2867 301 2901 duo
327 2867 492 2912 supplicii
519 2878 649 2911 genera
675 2868 820 2909 efficiat,
849 2880 912 2913 pro
940 2874 970 2903 et
995 2870 1118 2904 scribit
1144 2875 1217 2904 (out.
1269 2868 1387 2913 1842]
