1915 3235
816 100 898 140 317

62 229 244 271 Orellius
291 228 450 269 mutari
495 228 609 278 velit,
659 241 792 281 quum
831 229 923 282 ipse
962 228 1227 280 reliquorum
1267 229 1462 270 codicum
1501 229 1653 270 turbas

61 299 316 341 intellexerit
347 301 463 340 ortas
496 312 590 340 esse
623 312 674 340 ea
705 299 997 352 interpolandi
1029 299 1271 349 sedulitate,
1321 313 1418 353 quae
1457 300 1501 340 in
1531 299 1653 340 Pari-

61 371 190 411 siensi
237 383 407 422 quoque
456 369 613 419 codice,
663 383 796 422 quum
844 369 985 422 prima
1031 383 1187 410 manus
1234 370 1348 410 hanc
1395 370 1653 422 scripturam

63 441 282 489 tenuisset,
331 440 541 493 corrigere
582 441 779 481 tentavit.
844 440 970 491 Quod
1008 443 1155 481 autem
1195 441 1456 482 Lambinum
1488 440 1651 487 laudat,

62 512 134 565 qui
180 512 362 552 senserit
408 511 580 564 proprie
626 511 786 563 requiri
835 516 956 566 atque
1003 511 1202 566 hodieque
1249 510 1347 563 (hoc
1396 514 1478 560 est,
1533 511 1655 551 hodie

60 580 245 637 quoque),
294 581 497 622 nimirum
539 582 701 622 rariore
741 584 783 622 et
816 582 1090 634 elegantiore,
1139 595 1271 634 quam
1302 583 1500 635 putabat,
1548 594 1653 623 voce

61 653 311 694 Ciceronem
342 653 473 693 beare
506 652 653 699 voluit,
688 653 759 704 qui
792 655 962 693 tantum
996 652 1121 693 abest
1151 654 1200 693 ut
1222 666 1319 694 eam
1343 653 1571 702 desideret,
1605 655 1651 693 ut

60 737 200 776 neque
242 723 333 776 ipse
374 737 514 776 neque
552 723 695 764 Livius
738 735 879 775 neque
912 724 1141 776 quisquam
1190 724 1405 776 antiquior
1452 736 1503 764 ea
1550 736 1654 764 usus

60 794 314 847 reperiatur.
330 791 362 846 1)

180 864 224 906 C.
257 865 297 914 4,
334 866 388 906 10
429 865 569 906 editur
606 866 693 906 iam
734 865 833 906 inde
875 878 900 906 a
939 865 1086 906 Iunta:
1137 865 1194 905 ad
1233 879 1348 920 quem
1389 863 1654 917 (Catilinam)

60 937 96 976 si
129 937 296 976 accessit
328 940 400 976 aut
431 936 468 975 si
501 949 526 975 a
558 949 620 975 me
653 935 839 976 discessit
879 949 1065 990 unquam
1105 934 1363 991 (quanquam
1402 935 1522 975 ntulti
1562 935 1655 975 boni

62 1006 334 1047 adolescentes
367 1007 429 1047 illi
461 1006 619 1046 homini
650 1020 826 1061 nequam
866 1011 987 1061 atque
1019 1006 1203 1060 improbo
1241 1004 1520 1058 studuerunt),
1569 1010 1652 1046 tune

62 1078 316 1118 eoez'stimetw·
351 1077 503 1118 Ccelius
538 1076 732 1117 Catilz'noe
764 1078 941 1118 nimium
971 1077 1211 1130 familiaris
1241 1077 1387 1130 fuisse,
1432 1090 1565 1129 quum
1599 1076 1654 1117 ad

61 1148 319 1189 sententiam
352 1148 478 1193 male,
519 1172 573 1175 —
612 1161 714 1188 nam
747 1148 807 1188 sic
840 1147 943 1188 illud
977 1162 1215 1202 quanquam
1251 1147 1543 1200 superioribus
1578 1160 1654 1187 an-

61 1220 257 1268 nectitur,
306 1220 348 1259 in
391 1219 546 1272 quibus
588 1218 692 1259 nihil
735 1221 813 1268 est,
863 1218 920 1259 ad
964 1218 1080 1271 quod
1123 1218 1348 1267 referatur,
1398 1221 1440 1259 et
1471 1218 1531 1258 ita
1563 1219 1656 1258 haec

62 1290 273 1339 dicuntur,
320 1293 530 1342 tanquam
572 1290 761 1342 postulet
806 1289 954 1330 Cicero
997 1302 1201 1341 magnam
1247 1289 1436 1340 aliquam
1469 1290 1512 1329 et
1543 1288 1655 1329 diffi-

63 1360 184 1401 cilem
217 1361 278 1401 rei
317 1361 631 1413 probationem,
681 1373 812 1412 quum
861 1362 954 1400 tota
1002 1359 1139 1400 oratio
1187 1360 1241 1400 sit
1286 1359 1574 1411 permittentis
1614 1361 1657 1399 et

62 1431 348 1479 concedentis,
382 1432 417 1472 si
450 1431 516 1472 vel
548 1431 767 1472 levissima
792 1430 949 1471 indicia
976 1430 1266 1483 proferantur,
1303 1453 1358 1458 -
1390 1432 1483 1470 tum
1507 1432 1656 1470 contra

61 1515 188 1542 usum
221 1502 437 1554 loquendi,
486 1502 590 1543 illud
632 1507 718 1542 tum
749 1504 848 1554 post
881 1502 919 1541 se?
951 1501 995 1541 in
1027 1501 1204 1553 apodosi
1238 1503 1529 1553 respuentem,
1579 1501 1657 1541 etsi

63 1572 217 1613 dicitur
248 1577 331 1613 tum
367 1573 545 1625 demum,
579 1573 627 1621 si,
669 1575 711 1613 et
744 1575 894 1613 contra
927 1572 1095 1612 codices
1126 1571 1277 1620 bonos,
1318 1571 1455 1612 malos
1489 1570 1655 1623 (Paris,

62 1643 238 1698 Bernn.,
282 1643 382 1693 ΕΓῘΪἼ
432 1642 560 1695 Oxx.)
603 1646 645 1684 et
688 1643 897 1684 editiones
945 1645 1127 1683 Veteres.
1190 1642 1405 1694 Apodosis
1444 1641 1593 1694 incipit
1631 1655 1657 1682 a

63 1728 314 1769 quanquam,
348 1715 407 1755 ita
442 1714 727 1764 conformata,
777 1716 823 1755 ut
856 1716 1001 1755 orator
1033 1713 1246 1762 ostendat,
1295 1726 1341 1753 se
1374 1713 1469 1765 plus
1503 1713 1657 1753 adver-

63 1784 175 1826 sario
209 1786 456 1835 concedere,
502 1799 631 1838 quam
665 1798 842 1826 necesse
875 1786 941 1825 sit.
1004 1785 1154 1836 ltaque
1186 1784 1388 1824 scribitur
1419 1783 1657 1824 rectissime

64 1856 105 1896 in
138 1856 282 1897 codd.:
323 1870 561 1911 qvscznquam
596 1880 648 1884 —
682 1856 944 1904 stzuluerunt,
985 1860 1121 1895 tamen
1156 1857 1234 1895 cet.
1297 1854 1433 1894 Multa
1466 1853 1657 1905 conquiri

64 1929 264 1979 poterant
307 1927 505 1979 exempla
547 1927 748 1979 apodosis
791 1926 851 1967 ita
895 1926 1099 1966 dilatatae.
1176 1925 1312 1965 Paulo
1355 1927 1453 1977 post
1496 1924 1657 1965 frustra

65 1997 308 2038 defenditur
342 1998 411 2038 illa
444 1999 706 2039 coniunctio:
757 1997 928 2038 Secutus
969 2001 1026 2037 est
1059 2010 1218 2036 annus:
1261 2009 1432 2036 eausam
1469 1995 1656 2035 Catilina

65 2067 184 2117 (lixa,
234 2082 330 2120 quae
372 2081 458 2110 non
500 2069 629 2109 modo
673 2068 875 2109 duritiam
914 2067 1048 2108 habet
1081 2066 1396 2108 intolerabilem
1429 2067 1472 2106 in
1504 2079 1656 2106 narra-

64 2139 178 2180 tione
227 2139 555 2191 simplicissima,
603 2139 678 2180 sed
726 2139 961 2180 absurdam
1011 2137 1318 2185 elocutione-nn
1366 2151 1469 2178 nam
1517 2150 1656 2178 annus

66 2223 227 2250 annum
260 2223 431 2263 semper
463 2210 670 2262 sequitur.

103 2394 131 2439 ²)
156 2398 252 2432 Dixit
277 2398 345 2432 hoc
371 2402 455 2433 ante
481 2398 615 2432 multos
648 2408 762 2432 annos
788 2396 987 2440 Scioppius,
1026 2395 1083 2429 cui
1116 2394 1385 2439 imperitissime
1417 2394 1590 2429 Cellarius
1623 2399 1658 2428 et

159 2457 377 2498 Borrichius,
409 2458 554 2492 Dukero
580 2467 725 2501 quoque
751 2459 786 2490 et
812 2454 1106 2489 Drakenborchio
1137 2453 1199 2495 (ad
1225 2453 1298 2487 Liv.
1327 2454 1366 2495 V,
1394 2452 1450 2494 27,
1477 2451 1512 2495 1)
1539 2463 1658 2487 assen-

160 2516 344 2557 tientibus,
370 2519 619 2561 opposuerunt
638 2516 706 2550 Cic.
735 2515 778 2548 de
801 2514 897 2548 Orat.
920 2514 945 2555 I,
972 2512 1028 2554 22,
1056 2513 1154 2547 Verr.
1181 2513 1222 2553 V,
1248 2511 1294 2546 25
1320 2512 1504 2556 (poterant
1530 2512 1658 2546 eodem

161 2575 237 2609 iure
263 2576 360 2609 hunc
386 2575 550 2609 Caelianae
575 2575 695 2608 locum
722 2578 757 2608 et
784 2572 886 2615 alios)
905 2576 941 2606 et
958 2572 1035 2606 Liv.
1052 2572 1078 2613 I,
1106 2571 1149 2604 17
1168 2574 1204 2605 et
1220 2572 1261 2612 V,
1288 2570 1321 2611 4,
1348 2571 1452 2615 quasi
1470 2571 1658 2614 Scioppius

160 2635 327 2678 hodieque
352 2634 389 2668 in
415 2634 666 2678 coniungendo
699 2631 744 2674 (et
769 2631 884 2674 hodie)
916 2632 985 2665 dici
1018 2634 1194 2675 negasset.
1243 2630 1382 2664 Deinde
1408 2629 1433 2664 Ι.
1460 2629 1497 2663 F.
1525 2629 1659 2663 Grono-

162 2692 241 2727 vius
265 2693 429 2737 pluribus
455 2693 546 2727 Livii
561 2693 658 2726 ‘locis
683 2692 816 2726 inferre
848 2691 884 2725 id
909 2690 1128 2724 vocabulum
1154 2688 1279 2723 voluit.
1330 2688 1418 2731 Quae
1444 2687 1553 2732 paulo
1578 2690 1659 2731 post

162 2763 205 2786 ex
232 2751 416 2786 Garatonii
449 2752 543 2786 notis
576 2751 730 2786 Orellius
764 2751 808 2784 de
841 2749 1049 2784 Puteolanis
1083 2748 1261 2792 excerpsit
1293 2750 1328 2781 et
1359 2748 1404 2781 de
1435 2746 1658 2791 praefecturis

163 2810 270 2845 huius
295 2811 467 2855 temporis
493 2811 641 2853 addidit,
679 2821 753 2844 non
788 2812 885 2843 recta
918 2820 1006 2849 esse,
1047 2807 1133 2842 satis
1165 2806 1412 2841 demonstravi
1437 2807 1474 2839 in
1501 2805 1658 2849 disputa-

162 2869 259 2903 tione
297 2870 341 2903 de
379 2869 527 2903 coloniis
563 2869 749 2903 Romanis.
813 2868 882 2902 Sed
923 2869 1113 2902 Puteolani
1155 2866 1267 2900 nihilo
1310 2865 1432 2900 minus
1477 2865 1547 2898 huc
1586 2874 1658 2897 non

162 2927 353 2971 pertinent.

1673 664 1686 687 3
1691 664 1722 688 231

1677 2153 1729 2178 392
