1915 3235
843 160 924 202 601

94 290 172 331 sed
204 302 268 339 ea,
303 302 399 341 quae
432 289 664 330 constituta
695 292 939 340 narrantur,
975 290 1118 342 capita
1140 289 1273 331 fuisse
1295 291 1435 343 legum
1471 291 1524 333 de
1559 293 1682 333 amb-

95 361 157 401 itu
200 362 243 400 et
286 360 339 401 de
382 360 435 400 vi.
497 359 546 400 Id
577 373 728 400 verum
772 373 878 411 esse,
927 360 1154 401 ostendere
1194 360 1364 402 videtur
1394 361 1607 403 Asconius
1640 363 1682 403 in

95 432 350 484 argumento
382 429 587 471 orationis
620 430 864 472 Milonianae
896 445 938 484 p.
975 430 1070 480 145,
1113 430 1221 472 duas
1253 433 1424 472 tantum
1457 432 1537 474 has
1570 433 1684 486 leges

94 510 120 542 a
150 501 357 554 Pompeio
389 501 684 553 promulgatas
719 514 1064 542 commemorans
1098 503 1140 541 et
1172 502 1214 542 in
1246 501 1296 542 iis
1330 515 1381 543 ea
1409 503 1461 543 de
1488 503 1684 545 breviore

92 571 346 612 iudiciorum
379 571 519 612 forma
551 573 702 612 sancta
734 585 828 613 esse
858 585 1056 621 narrans,
1098 585 1195 624 quae
1228 572 1298 613 alii
1329 572 1373 614 in
1406 575 1599 627 generali
1632 575 1684 616 de

93 641 258 683 iudiciis
290 642 383 695 lege
414 641 556 694 posita
588 642 721 684 fuisse
753 644 921 696 putant.
985 642 1071 683 Sed
1102 644 1150 683 ut
1181 644 1263 684 hoc
1294 657 1471 696 prorsus
1505 646 1564 686 ita
1591 659 1685 687 esse

94 712 304 762 existimo,
353 712 516 753 nullam
556 714 647 753 tum
688 726 715 754 a
746 713 951 766 Pompeio
985 713 1219 765 separatim
1252 713 1383 755 latam
1420 728 1515 756 esse
1548 716 1684 769 legem

93 782 145 823 de
178 781 355 832 iudiciis,
389 782 462 833 ita,
495 783 531 824 si
562 783 644 824 hoc
676 784 918 833 statuimus,
959 783 1063 824 illud
1096 784 1381 825 certissimum
1415 787 1492 835 est,
1532 786 1683 839 legem,

93 865 190 905 quae
223 852 276 893 de
308 852 476 894 ambitu
514 854 603 895 lata
647 856 724 903 est,
776 854 903 895 simul
942 867 1100 895 novam
1144 854 1328 896 formam
1369 857 1685 910 praescripsisse

93 923 293 964 omnibus
333 923 643 976 quaestionibus
684 926 726 965 et
765 925 943 974 iudiciis,
993 927 1040 965 ut
1087 938 1139 965 ex
1186 926 1373 978 generali
1423 930 1465 968 et
1511 928 1686 980 speciali

92 994 227 1034 mixta
270 993 410 1043 fuerit,
459 995 575 1047 quod
617 996 661 1036 in
702 995 774 1036 illa
815 995 1141 1049 perturbatione
1184 1009 1328 1037 rerum
1372 1002 1413 1038 et
1455 997 1687 1039 festinandi

92 1063 350 1105 necessitate
381 1077 469 1106 non
500 1064 658 1106 mirum
704 1068 768 1107 est
809 1068 852 1107 et
892 1066 1028 1107 multo
1072 1067 1214 1107 minus
1255 1067 1461 1108 abhorret
1501 1082 1527 1109 a
1566 1082 1687 1110 more

92 1135 404 1185 Romanorum,
439 1135 519 1176 etsi
551 1136 768 1186 abhorret,
803 1150 934 1189 quam
963 1137 1111 1177 consul
1144 1138 1236 1178 sine
1262 1138 1423 1191 collega
1454 1136 1686 1191 creatus.1)

93 1206 217 1259 Legis
261 1206 375 1247 enim
417 1206 636 1259 Pompeiae
679 1208 765 1248 vim
808 1207 851 1247 in
891 1207 1145 1248 iudiciorum
1187 1208 1326 1250 forma
1357 1210 1569 1251 mutanda
1601 1223 1687 1252 non

93 1276 232 1318 solum
275 1277 472 1318 universe
514 1277 756 1330 significant
796 1277 1047 1330 scriptores,
1096 1278 1244 1320 Cicero
1286 1280 1329 1320 in
1371 1280 1503 1321 Bruto
1548 1294 1582 1321 c.
1616 1281 1686 1330 94,

93 1347 179 1388 324
211 1346 313 1402 (leqe
344 1346 565 1402 Pompeia)
606 1350 648 1389 et
687 1347 834 1401 (quem
873 1348 1015 1389 locum
1055 1348 1251 1391 Baiterus
1293 1364 1379 1392 non
1412 1353 1686 1393 animadver-

91 1416 160 1470 tit)
204 1418 256 1458 de
287 1418 379 1459 Fin.
412 1418 467 1458 IV
500 1431 534 1459 c.
572 1419 608 1469 1,
655 1420 675 1459 1
723 1418 819 1472 (hac
860 1433 967 1460 nora
1010 1418 1111 1474 ἔρρε)
1155 1422 1198 1461 et
1241 1424 1392 1462 auctor
1435 1422 1591 1476 dialogi
1634 1423 1687 1464 de

93 1488 336 1530 oratoribus
370 1501 404 1530 c.
439 1488 508 1538 38,
552 1489 629 1530 sed
672 1489 953 1542 apertissimis
987 1490 1129 1532 verbis
1163 1491 1218 1541 id,
1261 1493 1377 1544 quod
1410 1493 1546 1545 posui,
1588 1494 1688 1534 dicit

93 1559 172 1600 Dio
205 1559 378 1600 Cassius
410 1559 497 1609 XL,
538 1559 607 1610 52,
650 1561 735 1612 qui,
778 1560 995 1613 expositis,
1038 1574 1134 1613 quae
1167 1561 1400 1615 Pompeius
1432 1563 1602 1604 tulisset
1635 1564 1687 1604 de

92 1632 287 1682 tempore
320 1629 588 1680 iudiciorum,
639 1631 691 1671 de
731 1633 1013 1684 patronorum
1046 1622 1240 1681 numero}
1290 1633 1342 1673 de
1375 1634 1686 1684 laudatoribus,

94 1700 233 1742 addit:
273 1707 347 1739 Καὶ
380 1709 490 1739 ταῦτα
523 1707 591 1752 μὲν
623 1706 711 1738 ἄλλα
743 1709 777 1739 τὲ
806 1718 883 1739 τινα
916 1704 1020 1738 κατά
1054 1703 1229 1739 πάντων
1262 1705 1423 1752 ὁμοίως
1450 1712 1535 1741 τῶν
1560 1709 1688 1742 δικα-

94 1781 282 1821 στηρίων
313 1775 489 1823 ἐτάχθη·
524 1779 592 1815 τοῖς
624 1778 661 1810 δὲ
696 1775 742 1818 (Γή
777 1775 841 1814 πὶς
866 1775 981 1822 (ἷρχιὶς
1008 1774 1192 1816 δεκάζουσι
1219 1790 1248 1810 κ.
1277 1791 1302 1811 r.
1330 1779 1440 1823 ἕτερα.
1491 1776 1687 1829 Sequun-

94 1846 177 1894 tur,
227 1858 323 1897 quae
366 1845 422 1886 ad
465 1845 676 1886 ambitum
719 1844 948 1896 pertinent.
1011 1843 1160 1896 ltaque
1204 1846 1286 1886 hac
1318 1846 1410 1898 lege
1442 1847 1484 1887 id
1518 1860 1688 1900 quoque

93 1914 300 1968 Pompeio
333 1916 483 1956 datum
518 1917 594 1965 est,
635 1918 683 1956 ut
714 1915 818 1967 ipse,
859 1914 973 1967 quod
1006 1918 1165 1966 praetor
1198 1917 1390 1958 urbanus
1423 1918 1591 1959 solebat
1623 1918 1688 1959 fa-

95 1998 202 2035 cere,
251 1986 414 2041 iudices
453 1982 672 2039 legeret.‘·')
736 1986 972 2026 Trecentos
1011 1986 1235 2038 sexaginta
1273 1990 1364 2028 tum
1408 1988 1540 2030 lectos
1580 2001 1686 2039 esse,

132 2159 159 2204 ¹)
185 2163 311 2196 Altera
335 2163 403 2204 lex,
437 2163 480 2196 de
512 2163 558 2203 vi,
591 2161 802 2196 certioribus
835 2162 998 2196 terminis
1026 2162 1291 2204 continebatur,
1331 2174 1412 2207 quae
1439 2163 1550 2198 etiam
1577 2165 1688 2198 nomi-

153 2254 157 2259 ,
188 2221 302 2255 natim
329 2222 400 2256 duo
427 2222 588 2256 facinora
619 2221 954 2265 comprehenderet,
993 2221 1143 2254 domum
1177 2222 1302 2266 Lepidi
1333 2222 1523 2267 interregis
1557 2234 1689 2267 oppug-

188 2283 313 2314 natam
340 2284 373 2314 et
400 2281 537 2315 caedem
563 2280 687 2315 Clodii.
729 2279 926 2323 Scriptores
953 2279 1111 2313 ambitus
1138 2281 1253 2324 legem
1280 2284 1315 2315 et
1341 2281 1475 2315 iudicia
1501 2293 1625 2316 severe
1652 2285 1687 2316 et

188 2338 397 2383 frequenter
423 2351 466 2374 ex
492 2351 535 2373 ea
560 2339 655 2373 facta
681 2338 862 2383 praecipue
889 2342 1188 2380 commemorant,
1215 2339 1337 2374 Cicero
1364 2340 1409 2374 ad
1438 2340 1510 2374 Att.
1538 2341 1579 2381 X,
1606 2340 1639 2381 4,
1668 2340 1689 2373 8

188 2395 266 2441 (qui
295 2399 366 2441 Zeqe
400 2400 568 2442 Pompeia
603 2400 826 2432 condemnati
856 2396 994 2440 essent),
1027 2397 1146 2431 Caesar
1171 2398 1210 2432 B.
1238 2398 1275 2432 C.
1302 2399 1367 2439 ΙΙΙ,
1402 2398 1439 2440 1,
1474 2399 1689 2433 Plutarchus

188 2456 313 2501 Pomp.
341 2468 369 2491 c.
397 2456 442 2489 55
480 2454 649 2499 (”Επειπι
690 2455 732 2488 δὲ
770 2457 843 2492 ταῖς
876 2456 996 2492 δίκαις
1027 2458 1097 2487 τῶν
1133 2456 1372 2499 δωροδοκιῶν
1404 2457 1463 2489 καὶ
1499 2458 1691 2501 δεκασμῶν

191 2512 335 2551 ἒπιστὰς
360 2515 419 2547 καὶ
446 2512 612 2559 νόμους
637 2512 832 2558 γράψας,
864 2512 963 2547 καθ’
988 2512 1062 2550 οὓς
1095 2515 1138 2546 αἱ
1163 2518 1330 2559 κρίσεις
1355 2515 1574 2559 ἐγίνοντο,
1603 2527 1633 2547 κ.
1662 2527 1686 2547 r.

188 2571 314 2616 ἕτερα),
353 2574 541 2618 Appianus
576 2574 648 2608 Civ.
675 2574 718 2615 ΙΙ,
750 2573 806 2614 23,
840 2574 1070 2617 maximeque
1098 2573 1162 2608 Dio
1195 2574 1348 2609 Cassius.
1409 2576 1535 2619 Itaque
1569 2575 1689 2610 Cicero

188 2631 344 2666 formam
382 2633 585 2667 breviorem
624 2632 840 2667 iudiciorum
878 2643 951 2666 non
989 2633 1035 2666 ad
1074 2634 1164 2676 {eyes
1189 2632 1362 2677 Pompeii,
1402 2634 1465 2668 sed
1504 2634 1549 2667 ad
1584 2635 1691 2677 leyem

188 2690 313 2725 refert.

131 2745 160 2791 2)
186 2749 256 2783 Cic.
283 2761 348 2794 pro
374 2750 444 2784 Mil.
479 2753 640 2784 extrema
672 2749 834 2784 oratione
865 2748 923 2793 (is,
957 2751 1020 2794 qm·
1050 2752 1088 2784 in.
1122 2751 1300 2784 iudicibus
1331 2752 1486 2794 legendis
1520 2752 1688 2793 optimum

189 2813 220 2842 et
245 2811 548 2852 sapientissimum
574 2814 604 2843 et
628 2810 867 2851 fortissimum
893 2799 1062 2852 Quemque
1087 2809 1237 2852 deleqz't),
1264 2810 1308 2843 ad
1327 2809 1426 2843 Fam.
1446 2808 1570 2850 Vns?
1596 2807 1691 2851 (con-

188 2872 248 2901 tra
285 2873 407 2901 tantas
444 2878 526 2911 opes
563 2869 648 2908 eius,
688 2878 711 2900 a
747 2878 814 2910 quo
851 2869 924 2910 ipsi
959 2868 1038 2901 lecti
1073 2869 1206 2902 iudices
1237 2866 1365 2908 erant),
1404 2867 1469 2901 Dio
1496 2868 1592 2901 Cass.
1619 2868 1640 2901 l.
1668 2868 1689 2901 l.

189 2922 337 2962 Πάντας
354 2937 389 2958 τε
407 2923 478 2968 γάρ
497 2923 577 2961 τούς
594 2923 745 2968 ἄνδρας,
775 2924 815 2961 ἐξ
842 2917 898 2957 ὧν
914 2922 1011 2962 τούς
1029 2923 1304 2962 δικάσοντας
1321 2923 1690 2968 (ἷποκληροῡσθαι

189 2981 335 3016 ἐδόκει
361 2984 486 3028 (immo
518 2984 619 3026 ἔδει),
653 2981 758 3021 αὐτὸς
790 2983 978 3027 ἐπελέγετο.
1039 2985 1150 3019 Recte
1184 2985 1243 3019 hic
1273 2985 1340 3019 Dio
1372 2984 1506 3018 iudices
1541 2984 1690 3018 selectos

1706 868 1757 892 247
