1915 3235
809 100 890 140 351

177 231 221 271 C.
254 231 316 280 11,
350 229 418 278 25,
452 229 526 270 ubi
559 229 790 270 edebatur:
812 228 869 289 ‘liz'
901 227 1074 280 (rectius
1099 228 1311 269 scribetur
1334 227 1381 281 ii)
1414 242 1496 269 nou
1527 229 1646 269 modo

60 300 260 355 ueyaudo,
293 299 365 341 sed
396 300 520 340 etiam
554 299 770 340 irridendo
803 299 1106 352 amplissimimi
1128 313 1323 354 quemque
1351 299 1464 340 illius
1485 299 1647 340 ordinis

59 370 390 425 insequebantur,
426 370 650 411 commode
674 369 903 410 Bernensis
937 369 1092 410 codicis
1117 368 1374 417 auctoritati,
1407 381 1645 421 pronomen
1666 382 1717 406 453

59 441 103 481 hi
144 440 340 490 delentis,
390 441 457 481 cui
499 440 681 481 Orellius
723 440 953 481 obsecutus
993 442 1071 488 est,
1121 439 1255 480 codex
1287 439 1539 480 Parisiensis
1578 452 1646 479 re-

58 514 242 564 pugnat;
274 524 415 564 neque
448 512 561 552 enim
593 511 637 551 in
668 511 750 552 hac
783 511 1104 563 comparatione
1138 509 1242 559 eius,
1277 509 1391 562 quod
1424 509 1494 550 alii
1525 509 1646 562 flagi-

58 582 201 631 tarint,
251 585 293 623 et
331 583 433 631 eius,
484 581 599 634 quod
630 581 657 622 ii
690 582 771 634 ipsi
804 582 994 630 fecerint,
1037 593 1277 633 pronomen
1308 579 1426 621 initio
1459 581 1646 632 positum

58 654 211 694 abesse
244 653 329 693 ullo
361 652 490 693 modo
523 654 678 705 potest.

177 723 222 765 C.
259 723 326 775 11,
360 723 413 763 26
447 724 562 763 recte
596 722 683 763 fere
718 722 880 763 editum
915 724 980 762 est
1012 721 1067 762 ab
1100 720 1278 762 Orellio:
1337 720 1429 772 Vos,
1462 733 1543 772 vos,
1586 720 1646 760 iu-

58 808 195 848 quam,
237 794 388 848 equites
420 793 615 845 Romani,
656 798 691 833 et
722 806 859 833 omnes
899 792 993 832 boni
1025 796 1128 832 veste
1160 796 1322 832 mutata
1355 804 1422 831 vos
1446 804 1529 844 pro
1561 803 1647 830 meo

58 864 191 918 eapite
224 864 281 904 acl
304 863 434 917 pedes
465 864 623 904 lenonis
654 864 933 917 impurissimi
966 862 1189 910 abiecistis;
1222 875 1325 902 nam
1349 861 1464 914 quod
1487 862 1530 901 in
1554 861 1645 902 cod.

57 935 192 975 Paris.
227 937 310 975 est:
358 947 426 974 ios
458 932 634 989 'inquam
668 948 751 987 pro
782 948 881 983 meo,
929 933 1188 975 vocabulum
1231 932 1274 973 in
1317 932 1552 985 archetypo
1597 944 1648 972 ex

58 1005 349 1058 superioribus
382 1005 494 1045 male
527 1005 756 1057 repetitum
790 1005 881 1054 fuit,
923 1007 966 1045 et
998 1017 1050 1044 ex
1083 1016 1132 1044 eo
1166 1005 1307 1044 ortum
1341 1005 1418 1051 est,
1459 1002 1574 1055 quod
1605 1002 1647 1042 in

58 1075 263 1116 Bernensi
297 1078 360 1116 est
395 1089 549 1130 vosque,
589 1088 640 1115 ex
673 1088 757 1127 quo
790 1075 832 1115 in
865 1074 1113 1127 vulgaribus
1147 1073 1271 1114 codd.
1304 1086 1416 1114 nova
1448 1074 1552 1113 nata
1584 1075 1649 1113 est

58 1146 351 1199 interpolatio:
386 1150 527 1186 ¹restem
562 1146 753 1186 mutastis
788 1158 943 1199 rosque.
999 1145 1083 1186 Sed
1116 1145 1235 1185 initio
1269 1144 1492 1184 sententiae
1526 1142 1647 1184 Orel-

58 1217 150 1267 lius,
185 1217 442 1258 Lambinum
477 1218 662 1265 secutus,
696 1229 765 1257 vos
797 1216 861 1257 bis
888 1216 1044 1268 posuit,
1079 1215 1230 1256 eodem
1261 1227 1416 1263 errore,
1451 1215 1494 1254 in
1519 1226 1648 1266 quem

58 1288 283 1341 aliquoties
315 1288 359 1328 in
392 1287 577 1328 editione
609 1287 772 1327 maiore
806 1286 967 1336 incidit,
1002 1288 1049 1327 ut
1072 1288 1171 1326 ante
1196 1286 1366 1340 inquam
1389 1284 1647 1325 vocabulum

58 1359 193 1412 repeti
226 1358 366 1408 vellet,
401 1371 533 1410 quum
566 1359 711 1398 tamen
747 1358 918 1412 iuquam
939 1370 1027 1398 non
1050 1357 1105 1397 ad
1128 1355 1326 1397 vocabuli
1348 1354 1648 1407 repetitionem

58 1430 303 1482 pertineret,
352 1429 429 1469 sed
462 1429 517 1469 ad
556 1428 828 1477 sententiam,
878 1440 987 1479 quae,
1037 1427 1123 1467 iam
1157 1429 1256 1467 ante
1289 1426 1488 1466 universe
1520 1424 1648 1477 signi-

57 1500 198 1549 ficata,
247 1499 436 1552 apertius
479 1501 520 1540 et
560 1499 878 1540 asseverantius
910 1500 1156 1550 poneretur.
1221 1496 1331 1549 (Vid.
1365 1509 1498 1548 supra
1532 1508 1650 1536 com—

57 1572 189 1611 ment.
246 1572 355 1611 nost.
412 1570 465 1610 de
519 1569 735 1610 emendat.
793 1569 922 1621 aliqu.
970 1569 1049 1609 loc.
1098 1570 1224 1609 oratt.
1274 1567 1406 1608 Cicer.
1456 1580 1496 1618 p.
1535 1565 1649 1618 157.)

58 1641 219 1682 Eodem
253 1653 395 1681 errore
428 1640 539 1681 infra
571 1653 605 1680 c.
640 1640 708 1689 54,
753 1640 833 1680 116
876 1638 1039 1692 (Semel,
1080 1640 1265 1694 inquam,
1306 1651 1347 1678 se
1388 1636 1500 1677 ludis
1532 1636 1649 1685 homo

49 1712 273 1766 popularis
305 1711 505 1751 commisit
537 1711 715 1760 omniuo,
765 1724 861 1762 quae
905 1710 1118 1751 sententia
1160 1710 1299 1750 inerat
1341 1707 1428 1748 iam
1466 1708 1508 1748 in
1548 1707 1648 1748 illis:

58 1796 128 1823 nec
159 1782 264 1823 ullos
286 1783 390 1823 alios
412 1781 530 1822 ludos
553 1780 743 1834 adspexit
776 1782 858 1821 nisi
891 1794 967 1831 eos,
1002 1795 1028 1820 α
1061 1779 1207 1835 quibus
1240 1780 1308 1819 rix
1340 1779 1456 1818 vivus
1489 1777 1649 1832 effuyit)

57 1854 178 1894 semel
211 1852 517 1905 duplicandum
550 1852 751 1904 opinatur
785 1856 825 1892 et
860 1850 902 1891 in
926 1851 1045 1891 Brut.
1073 1850 1141 1899 33,
1178 1849 1259 1890 126
1294 1848 1353 1901 (in
1379 1849 1479 1890 edit.
1514 1847 1648 1900 min),

58 1924 130 1964 ubi
164 1924 310 1965 Cicero
344 1923 499 1975 colligit
532 1925 573 1964 et
605 1922 761 1975 repetit
793 1934 1008 1962 summam
1034 1920 1176 1961 iudicii
1201 1920 1266 1960 sui
1292 1919 1344 1959 de
1371 1919 1415 1960 C.
1441 1919 1648 1962 Graccho.

59 1994 292 2049 Leyendus.
355 1994 535 2035 Prorsus
567 2006 773 2046 perversa
807 1995 872 2033 est
910 1992 982 2032 illa
1015 1991 1247 2031 vehemens
1281 1991 1559 2038 exclamatio;
1600 2004 1650 2031 ac

57 2065 200 2114 miror,
234 2065 372 2105 virum
407 2065 594 2113 doctum,
631 2065 755 2104 toties
788 2076 912 2116 paene
942 2063 997 2103 ab
1022 2063 1114 2115 ipso
1138 2061 1341 2103 Cicerone
1364 2061 1648 2110 admonitum,

56 2149 143 2177 non
175 2135 406 2188 aliquando
439 2135 647 2175 abiecisse
680 2147 884 2175 errorem.
938 2133 1120 2174 Prorsus
1154 2132 1290 2172 simile
1322 2132 1530 2172 mendum
1554 2145 1649 2184 pes-

57 2207 152 2247 simi
184 2205 665 2257 recentissimarumque
699 2205 1042 2246 coniecturarum
1074 2202 1311 2255 plenissimi
1335 2202 1492 2243 codicis
1514 2202 1649 2244 Fran-

59 2277 167 2318 ciani
198 2289 521 2329 paucorumque
555 2268 750 2316 eiusdem*
782 2275 1000 2327 dignitatis
1033 2274 1214 2315 aliorum
1254 2273 1297 2313 in
1339 2273 1533 2314 oratione
1572 2287 1649 2326 pro

56 2347 202 2388 Planc.
235 2348 304 2394 41,
348 2347 431 2388 100
463 2346 735 2387 VVunderum
778 2348 975 2386 secutum
1010 2357 1116 2394 esse,
1165 2343 1290 2385 valde
1323 2344 1467 2392 miror,
1517 2357 1650 2396 quum

57 2418 324 2471 reduplicata
356 2417 427 2458 illa
459 2416 656 2470 repetitio
690 2417 729 2456 vi
760 2430 836 2469 me,
876 2417 916 2456 υἱ
948 2429 1010 2456 me
1041 2415 1158 2456 nullo
1200 2415 1374 2455 omnino
1407 2414 1499 2455 loco
1532 2417 1649 2455 recta

57 2489 123 2530 sit.
185 2489 280 2530 Hoc
313 2491 458 2529 autem
491 2488 701 2528 Sestianae
734 2487 826 2528 loco
859 2488 1032 2541 inquam
1071 2498 1120 2526 eo
1160 2485 1358 2538 pertinet,
1409 2485 1524 2536 quod
1562 2485 1648 2525 iam

56 2560 99 2600 in
132 2559 424 2612 superioribus
456 2558 735 2607 indicaverat,
779 2570 1030 2610 quanquam
1062 2556 1192 2609 paulo
1225 2555 1462 2605 obscurius,
1511 2555 1571 2596 ita
1603 2558 1649 2596 ut

57 2630 311 2682 interpretes
344 2643 389 2670 se
420 2642 507 2671 non
532 2628 775 2681 expediant,
810 2628 998 2680 primum
1023 2626 1246 2668 consilium
1270 2627 1402 2667 vestis
1427 2626 1649 2667 mutandae

58 2703 178 2741 extra
225 2702 424 2741 senatum
471 2702 611 2741 ortum
661 2712 754 2740 esse
802 2697 857 2738 ab
906 2698 1094 2750 equestri
1134 2697 1282 2738 ordine
1325 2695 1444 2749 (nam
1485 2696 1649 2749 equites

57 2770 270 2823 principes
309 2773 432 2811 erant
474 2770 584 2810 illius
627 2770 670 2809 in
713 2768 970 2820 Capitolium
1016 2771 1285 2821 congregatae
1330 2766 1646 2818 multitudinis).

59 2840 308 2893 delatasque
356 2841 410 2882 ad
459 2843 658 2881 senatum
708 2842 750 2879 et
793 2838 1038 2886 Gabinium,
1088 2840 1159 2892 qui
1207 2840 1405 2879 senatum
1453 2838 1646 2878 haberet.

57 2924 219 2964 preces,
268 2914 312 2952 ut
361 2911 404 2952 id
451 2911 624 2964 publica
672 2910 928 2951 auctoritate
978 2909 1325 2965 confirmaretur,
1375 2921 1482 2960 quas
1530 2907 1645 2947 illum

1670 2430 1721 2454 454
