1915 3235
943 123 996 162 VI

181 258 412 310 separatim
448 254 648 307 explicari
688 252 911 293 commode
955 253 1143 304 possent,
1193 250 1390 303 explicati
1432 253 1577 291 autem
1624 251 1760 291 lucem

182 340 369 392 aliquam
417 338 546 379 rebus
594 335 763 388 cognitu
811 334 947 386 dignis
995 333 1166 374 allaturi
1213 334 1376 382 essent,
1434 333 1762 386 pertractandos

181 422 357 474 sumpsi,
391 423 434 461 et
466 433 516 461 ex
549 418 692 459 critico
725 421 766 457 et
798 415 1079 468 grammatico
1111 428 1279 468 genere,
1319 428 1414 467 quae
1447 415 1503 456 ad
1534 415 1763 468 scriptores

182 506 347 544 veteres
380 499 724 554 interpretandos
758 501 799 539 et
821 497 1113 539 emendandos
1136 498 1412 550 pertinerent,
1446 497 1583 537 multa
1615 496 1762 549 dispu-

182 586 282 627 tavi.
345 585 411 625 Ad
445 584 598 625 Latina
630 584 776 623 autem
819 581 1088 633 potissimum
1131 581 1384 633 argumenta
1424 579 1649 631 deligenda
1688 579 1763 620 de-

182 667 383 708 ducebar.
425 666 539 719 quod
578 678 629 705 ea
668 664 710 704 in
751 663 943 704 docendo
983 662 1172 715 quotidie
1211 662 1468 703 tractabam.
1531 661 1587 702 Hi
1620 661 1762 711 libelli,

181 763 313 803 quum
352 750 535 802 primum
577 747 829 795 edebantur,
879 750 926 786 ut
963 745 1023 795 fit,
1072 745 1115 785 in
1154 757 1390 797 paucorum
1429 757 1583 785 manus
1624 757 1675 785 ex
1714 744 1763 786 iis

181 833 402 879 venerunt,
452 843 634 883 quorum
673 828 815 870 studia
855 828 1137 881 attingebant,
1185 840 1255 868 me
1294 840 1347 867 ne
1380 828 1558 868 eatenus
1590 827 1763 878 quidem

181 927 328 955 eorum
376 912 674 966 propagationi
722 910 1020 964 prospiciente,
1068 911 1116 950 ut
1161 909 1307 950 titulos
1353 909 1507 950 saltem
1553 908 1765 950 indicibus

180 996 469 1037 nundinarum
510 995 815 1035 litterariarum
855 1005 1026 1045 semper
1072 991 1322 1033 inserendos
1371 1003 1579 1032 curarem.
1642 991 1765 1032 Nunc

180 1079 273 1119 haec
320 1079 363 1119 in
410 1091 544 1119 unum
585 1077 722 1130 colligi
769 1078 811 1117 et
852 1075 1044 1128 pluribus
1093 1075 1148 1116 ad
1195 1074 1423 1127 legendum
1472 1073 1765 1115 commendari

181 1161 359 1214 placuit3
407 1162 467 1202 sic
507 1160 619 1202 enim
658 1159 810 1200 melius
853 1158 1078 1200 coniuncta
1119 1158 1441 1210 cognoscentur.
1504 1157 1551 1197 In
1583 1158 1765 1209 utroque

182 1243 429 1296 disputandi
462 1256 617 1296 genere
651 1255 746 1283 eam
790 1255 884 1282 sum
925 1242 1097 1282 secutus
1137 1240 1357 1293 quaerendi
1394 1239 1620 1289 rationem,
1669 1252 1766 1292 quae

182 1328 298 1367 certa
332 1327 399 1367 via
432 1326 488 1367 ad
519 1339 610 1367 rem
643 1324 953 1366 conficiendam
986 1323 1184 1377 progredi
1215 1323 1445 1373 videretur,
1480 1335 1629 1375 eaque,
1671 1335 1767 1375 quae

183 1421 232 1450 eo
265 1409 542 1461 pertinerent,
591 1408 814 1461 diligenter
856 1406 1000 1447 omnia
1041 1405 1398 1459 circumspiceret,
1447 1405 1620 1446 exclusa
1652 1404 1768 1446 omni

183 1494 224 1532 et
251 1491 424 1532 levitate
458 1493 500 1532 et
531 1490 833 1544 superstitione
866 1491 908 1530 et
939 1489 1277 1542 perturbatione.
1328 1489 1388 1529 De
1421 1501 1505 1541 quo
1537 1500 1606 1528 me
1638 1487 1768 1540 paulo

182 1574 306 1627 plura
338 1576 419 1615 hoc
463 1574 555 1615 loco
597 1573 738 1614 dicere
780 1573 1037 1626 cupientem,
1086 1585 1220 1625 quum
1264 1572 1503 1624 praesertim
1548 1570 1685 1611 multa
1726 1570 1768 1610 in

182 1657 263 1698 hoc
294 1657 533 1698 studiorum
566 1669 721 1709 genere
753 1657 796 1697 in
829 1656 1073 1706 Germania,
1114 1654 1333 1708 praecipua
1372 1653 1463 1695 sine
1505 1653 1636 1694 dubio
1676 1652 1767 1693 eius

183 1740 296 1788 sede,
334 1753 421 1781 non
453 1740 784 1793 prudentissime
817 1738 921 1780 mihi
953 1738 1020 1791 agi
1054 1737 1188 1779 videri
1219 1736 1492 1789 significarim
1525 1736 1769 1789 multosque

184 1823 364 1864 fortasse
404 1823 671 1871 offenderim,
719 1824 893 1862 revocat
938 1821 1035 1862 libri
1083 1820 1449 1873 exspectationem
1491 1832 1770 1872 supergressa

184 1906 434 1959 magnitudo
467 1917 650 1957 eamque
684 1903 924 1956 praescribit
953 1903 1165 1956 praefandi
1204 1902 1475 1953 brevitatem,
1516 1902 1559 1943 in
1597 1915 1695 1954 qua,
1735 1901 1769 1942 si

183 1989 254 2030 illa
286 1989 508 2042 attingam,
550 1988 713 2029 facilius
746 1987 800 2028 sit
832 1986 1036 2027 invidiam
1069 1999 1341 2027 commovere
1374 1998 1505 2037 quam
1539 1984 1767 2038 quicquam

185 2072 410 2124 explicare.
473 2071 616 2112 Multis
650 2073 795 2111 tamen
828 2069 1091 2122 singularum
1133 2068 1543 2109 commentationum
1583 2067 1685 2108 locis
1726 2067 1770 2108 id

184 2154 324 2206 ipsum
358 2154 435 2206 egi,
475 2156 521 2194 ut
562 2156 693 2203 recta,
734 2166 829 2205 quae
869 2152 971 2192 mihi
1004 2151 1233 2199 videretur,
1274 2149 1335 2190 rei
1367 2149 1665 2202 aggrediendae
1698 2150 1767 2190 via

185 2236 565 2285 demonstraretur,
600 2235 916 2288 aberrandique
949 2249 1045 2288 quae
1068 2235 1212 2275 essent
1233 2246 1373 2274 causae
1406 2232 1659 2285 aperiretur.
1708 2232 1769 2273 De

184 2318 373 2360 historiae
418 2319 590 2371 quidem
633 2318 844 2359 Romanae
888 2320 930 2358 et
968 2317 1235 2369 antiquitatis
1274 2314 1635 2368 pervestigatione
1667 2297 1770 2367 quid

185 2401 381 2450 sentiam,
426 2401 467 2442 in
508 2401 795 2454 disputatione
837 2401 889 2441 de
929 2400 1103 2441 coloniis
1135 2398 1342 2440 Romanis
1375 2398 1555 2447 ostendi,
1599 2398 1665 2439 cui
1698 2411 1770 2439 eos

187 2484 312 2524 velim
352 2484 573 2536 obtingere
612 2483 805 2533 lectores,
845 2483 916 2535 qui
954 2481 1217 2535 pedetentim
1257 2481 1602 2534 progredientem
1643 2493 1770 2533 argu—

186 2566 494 2607 mentationem
528 2566 860 2617 subsequantur,
895 2565 1086 2617 Liviique
1119 2567 1161 2605 et
1187 2563 1377 2617 Dionysii
1410 2563 1694 2616 cognitionem
1728 2565 1771 2603 et

187 2653 324 2689 artem
357 2648 517 2701 scripta
552 2650 745 2689 veterum
778 2648 1089 2700 interpretandi
1122 2648 1318 2696 afferant,
1353 2648 1395 2686 et
1427 2645 1499 2698 qui
1530 2646 1574 2686 in
1606 2659 1692 2686 una
1723 2658 1769 2686 re

187 2731 422 2783 quaerenda
453 2733 642 2772 mentem
676 2731 898 2783 aequaliter
938 2730 993 2771 ad
1026 2743 1174 2771 omnes
1206 2731 1351 2782 partes
1384 2729 1519 2781 perite
1552 2728 1770 2781 dispositae

187 2813 383 2866 imaginis
416 2813 475 2853 rei
509 2827 550 2866 p.
583 2813 793 2854 Romanae
831 2813 923 2853 sine
961 2812 1209 2853 confusione
1244 2811 1559 2853 circumferant.
1621 2810 1771 2863 Singu-

189 2896 324 2937 lorum
371 2896 557 2936 locorum
602 2898 643 2937 et
682 2896 992 2937 sententiarum
1034 2898 1157 2936 caute
1196 2893 1616 2946 interpretandarum
1657 2892 1771 2944 leges
