1915 3235
972 122 1055 164 50ss

218 250 341 303 probi
376 250 543 292 codices
576 254 821 304 supersunt,
869 265 948 293 nec
988 265 1217 305 possumus
1251 264 1423 305 semper
1455 253 1515 293 sic
1547 251 1811 305 singulorum

218 322 390 374 apicum
422 323 690 363 mutatorum
722 323 933 364 rationem
966 324 1162 365 reddere.
1226 325 1278 365 Et
1309 326 1457 364 tamen
1490 324 1628 365 omnis
1664 336 1811 365 emen-

218 392 335 433 datio
368 392 580 445 proficisci
612 393 681 434 hic
715 406 885 446 quoque
919 394 1049 435 debet
1081 395 1136 436 ab
1175 394 1503 448 investigatione
1547 394 1638 435 eius
1678 395 1812 447 scrip-

216 466 338 514 turae,
373 477 470 516 quae
502 463 546 504 in
578 477 629 505 eo
662 464 792 505 fuerit
824 464 982 515 codice,
1025 478 1076 506 ex
1109 479 1194 518 quo
1226 467 1362 508 nostri
1394 465 1554 506 sensim
1587 465 1814 518 propagati

216 536 329 575 sunt.
378 534 425 575 In
459 547 507 575 ea
541 534 872 587 investigatione
906 536 1121 577 tollendus
1155 540 1219 578 est
1251 537 1357 579 mihi
1389 541 1490 578 ante
1523 535 1669 578 omnia
1697 548 1814 576 error

216 605 500 646 recentissimi
534 605 721 655 editoris,
755 606 813 647 10.
848 606 893 648 C.
928 606 1085 656 Orellii,
1119 607 1168 649 V.
1203 608 1278 658 CL,
1313 608 1393 657 cui,
1427 620 1562 660 quum
1594 607 1726 648 libros
1759 606 1812 647 de

217 675 382 729 legibus
430 678 527 729 post
576 676 846 718 Goerenzium
896 680 938 718 et
984 678 1202 720 Moserum
1257 680 1603 732 recognosceret,
1661 677 1815 718 accidit

216 748 373 799 partim
409 747 591 788 aliorum
624 748 781 800 partim
816 762 895 789 sua
928 749 1066 802 culpa,
1100 751 1160 800 ut,
1195 750 1267 803 qui
1300 750 1386 791 duo
1415 749 1582 791 codices
1607 749 1813 798 omnium,

218 819 289 870 qui
322 819 452 871 paulo
486 818 730 872 diligentius
764 819 906 860 collati
928 823 1040 870 sunt,
1073 820 1159 862 fide
1182 821 1420 874 dignissimi
1443 821 1556 867 sunt,
1590 832 1676 861 non
1700 818 1815 872 quod

217 889 297 941 ipsi
328 902 416 930 non
447 890 544 940 sint,
578 892 626 931 ut
659 891 802 940 ceteri,
836 891 1166 941 mendosissimi,
1207 891 1284 932 sed
1317 891 1433 944 quod
1463 890 1631 931 fidelius
1664 889 1708 931 id
1741 902 1814 931 ex-

218 960 422 1013 emplum,
458 974 510 1001 ex
543 974 627 1014 quo
661 974 812 1002 omnes
846 962 928 1003 orti
961 965 1073 1003 sunt,
1115 963 1374 1015 exprimunt,
1415 964 1463 1003 ut
1495 975 1580 1012 eOS,
1622 962 1813 1014 inquam,

217 1032 391 1073 omnino
438 1032 614 1073 testium
668 1045 849 1074 numero
899 1033 1164 1084 excluderet,
1221 1046 1354 1086 quum
1402 1035 1551 1074 tamen
1598 1045 1676 1086 ego
1722 1044 1814 1073 rem

216 1102 459 1155 suspicione
502 1103 755 1156 attigissem,
805 1103 882 1144 sed
928 1116 1007 1143 nec
1055 1104 1281 1156 perspicue
1330 1104 1697 1145 demonstrassem
1736 1116 1815 1144 nec

218 1187 320 1215 usus
354 1187 405 1215 ea
438 1174 675 1215 admodum
709 1188 863 1216 essem.
927 1175 1036 1215 Nam
1071 1175 1278 1225 Moserus,
1329 1175 1401 1227 qui
1440 1175 1605 1228 primus
1645 1174 1814 1215 illorum

217 1245 413 1286 codicum
446 1246 684 1298 scripturas
718 1245 863 1296 edidit,
897 1245 1002 1286 nihil
1034 1248 1244 1286 senserat.
1293 1246 1324 1286 11
1358 1245 1524 1287 codices
1560 1247 1660 1287 sunt
1692 1245 1814 1286 Hau-

216 1316 374 1357 niensis
409 1318 450 1357 et
483 1329 613 1369 quem
647 1316 871 1357 brevitatis
905 1329 1036 1357 causa
1068 1316 1362 1358 Victorianum
1395 1316 1645 1366 nominabo,
1687 1328 1816 1369 quem

216 1388 407 1429 Moserus
441 1388 663 1441 copiarum
685 1388 1031 1429 Victorianarum
1054 1387 1290 1429 alterarum
1313 1386 1376 1440 (b)
1399 1388 1573 1428 nomine
1605 1387 1814 1440 designat.

216 1459 262 1499 In
309 1459 464 1512 priore,
513 1459 556 1499 id
604 1461 682 1509 est,
729 1460 772 1500 in
821 1449 1145 1512 diligentissima
1194 1458 1420 1500 collatione
1462 1458 1618 1500 codicis
1658 1458 1816 1500 vetusti

216 1529 425 1579 Vossiani,
459 1543 587 1580 nunc,
622 1532 668 1571 ut
701 1530 865 1583 opinor,
907 1530 1140 1581 LeidensiS,
1190 1542 1287 1582 quae
1321 1518 1476 1570 erroris
1511 1542 1642 1570 causa
1673 1529 1814 1579 fuerit,

146 1609 197 1634 133
218 1601 321 1642 alibi
353 1597 500 1653 dixi.1)
563 1601 675 1642 Nam
709 1601 782 1654 qui
813 1601 970 1643 Moseri
1003 1614 1135 1642 causa
1167 1601 1402 1653 scripturas
1437 1601 1663 1653 excerpsit,
1707 1600 1815 1642 duas

217 1674 448 1713 annotatas
482 1672 751 1714 coniecturas
786 1685 810 1713 a
854 1672 1010 1713 codicis
1053 1672 1276 1725 scripturis
1318 1684 1406 1713 non
1448 1671 1647 1712 seiunxit.
1709 1671 1814 1713 Pro-

216 1743 329 1784 cedit
361 1743 532 1784 collatio
565 1743 621 1785 ad
653 1743 727 1784 lib.
751 1743 787 1784 ΙΙ
820 1756 854 1784 c.
879 1744 904 1785 8
938 1743 1074 1792 med.;
1109 1745 1304 1784 extrema
1337 1744 1571 1784 annotatur
1603 1742 1815 1795 scriptura

209 1814 472 1867 subridendo
505 1827 583 1867 pro
613 1813 858 1868 providento
890 1813 913 1866 ἓ
947 1814 1016 1855 20.
1072 1814 1168 1867 Ipse
1203 1814 1337 1855 codex
1369 1813 1550 1866 plurane
1584 1813 1813 1863 contineat,

217 1885 333 1938 quod
364 1886 436 1926 vix
469 1884 610 1933 credo,
658 1884 817 1925 Bakius
858 1898 936 1926 nos
977 1881 1210 1937 docebit.²)
1274 1885 1336 1926 De
1369 1884 1615 1925 Victoriano
1654 1884 1714 1925 sic
1746 1897 1814 1925 res

216 1956 363 1997 habet.
412 1956 606 1997 Moserus
640 1955 831 2008 duplices
866 1957 1012 2009 copias
1044 1956 1313 1998 Victorianas
1347 1955 1425 2009 (sic
1459 1954 1573 1996 enim
1606 1953 1813 2008 appellat)

218 2026 382 2076 habuit,
431 2026 643 2067 Monacho
684 2026 1048 2068 subministratas.
1119 2027 1280 2068 Earum
1318 2026 1496 2080 priores,
1532 2039 1639 2078 quas
1672 2026 1813 2067 littera

216 2097 254 2138 A
286 2097 465 2147 notavit,
500 2099 700 2138 constant
733 2110 784 2138 ex
815 2097 1167 2139 annotationibus
1204 2098 1338 2151 ipsius
1361 2096 1547 2147 Victorii,
1582 2097 1738 2149 quibus
1772 2099 1814 2138 et

217 2168 399 2209 aliarum
449 2168 685 2209 editionum
733 2169 958 2221 scripturae
1007 2171 1049 2210 et
1096 2169 1315 2210 interdum
1363 2168 1558 2210 codicum
1608 2166 1673 2221 (ut
1705 2167 1753 2218 II,
1787 2167 1812 2208 9

216 2237 325 2291 init.)
360 2238 633 2280 continentur
665 2241 707 2279 et
741 2239 996 2280 coniecturae
1030 2239 1212 2280 aliorum
1247 2242 1289 2280 et
1320 2239 1453 2292 ipsius
1478 2238 1665 2287 Victorii,
1698 2238 1813 2280 loco-

254 2412 281 2456 ¹)
309 2414 419 2458 Epist.
446 2415 522 2449 crit.
550 2415 594 2448 ad
623 2415 733 2449 Orell.
760 2427 793 2459 p.
820 2415 841 2448 4
868 2418 941 2449 not.
981 2415 1104 2459 Neque
1130 2418 1265 2456 tamen,
1293 2415 1390 2459 quod
1417 2415 1465 2448 ibi
1491 2413 1628 2458 scripsi,
1655 2414 1703 2448 Io.
1731 2414 1811 2448 Alb.

310 2472 494 2506 Fabricius
520 2484 558 2507 se
585 2474 745 2507 codicem
773 2474 968 2508 contulisse
995 2474 1200 2511 annotavit;
1235 2485 1308 2508 non
1334 2474 1487 2508 Fabricii
1520 2485 1562 2508 ea
1590 2476 1644 2507 est
1670 2484 1811 2515 manus,

310 2531 371 2575 qui
398 2542 531 2565 nomen
557 2543 665 2566 suum
691 2535 816 2576 postea
841 2533 932 2567 libro
959 2533 1149 2577 inscripsit,
1176 2534 1239 2567 sed
1265 2533 1367 2574 alius,
1394 2544 1414 2567 a
1441 2544 1512 2578 quo
1539 2533 1585 2566 ad
1612 2543 1696 2566 eum
1721 2532 1812 2566 liber

310 2590 484 2634 pervenit.
536 2591 687 2625 Collatio
714 2591 809 2625 facta
835 2595 889 2626 est
921 2603 1005 2626 cum
1038 2592 1195 2627 editione
1227 2592 1442 2627 Commelini
1476 2604 1507 2626 a.
1536 2591 1637 2625 1596.
1688 2591 1749 2626 Est
1774 2591 1811 2625 in

310 2649 395 2682 bibl.
423 2649 668 2683 universitatis
694 2650 813 2684 Haun.
840 2650 929 2692 (non
956 2651 992 2685 in
1019 2650 1128 2695 regia)
1163 2651 1256 2685 inter
1288 2651 1390 2686 codd.
1417 2650 1648 2685 Fabricianos
1673 2650 1811 2684 moduli

311 2707 460 2742 minoris
487 2719 520 2741 n.
548 2707 603 2742 24.

253 2763 282 2809 ²)
308 2764 475 2809 [Collatio
502 2770 555 2800 est
592 2767 723 2801 codicis
749 2768 914 2803 Yossiani
947 2768 1188 2812 antiquissimi
1215 2780 1249 2803 n.
1276 2768 1355 2810 100,
1389 2779 1498 2812 quem
1525 2769 1658 2803 Bakius
1692 2769 1811 2803 littera

311 2825 342 2859 A
368 2825 531 2869 signavit.
582 2826 614 2859 Is
641 2826 753 2860 codex
780 2838 906 2861 omnes
932 2831 1004 2861 tres
1031 2827 1140 2861 libros
1167 2828 1338 2869 continet,
1372 2830 1412 2862 ut
1445 2838 1530 2862 casu
1557 2828 1715 2871 quodam
1742 2827 1810 2862 Gu-

312 2884 411 2918 dium
438 2884 474 2918 in
501 2884 620 2918 media
647 2895 756 2928 opera
782 2885 985 2920 substitisse
1011 2884 1212 2930 appareat]
