1915 3235
835 145 919 186 709

82 276 231 330 nequit
262 276 508 328 frustraque
542 275 782 316 advocatur
804 288 856 316 ex
878 274 1048 316 Electra
1069 287 1218 315 versus
1241 274 1323 315 641
1348 272 1541 314 omnium
1564 271 1675 313 iudi-

84 348 147 389 cio
181 349 421 400 corruptus.
482 345 597 386 Usus
631 347 724 386 erat
754 345 980 398 Euripides
1021 344 1246 386 notissima
1278 342 1482 385 orationis
1515 342 1674 384 forma:

366 450 557 494 Προξένων
584 447 621 482 δ’
647 448 686 482 ἐν
712 451 775 481 τοῦ
800 451 984 493 κατέσχες;

82 550 130 587 ut
162 545 268 586 dixit
299 544 401 586 alibi
433 548 471 581 ἐν
496 546 627 592 ἀνδρὸς
653 545 898 592 εὕσεβεστάτου
925 550 1129 593 τραιιῆναις
1164 543 1363 585 librarius
1397 555 1544 584 casum
1577 555 1678 595 pro-

82 615 267 658 nominis
317 615 373 656 ad
419 615 769 668 praepositionem
817 614 1178 664 accommodavit,
1225 627 1313 655 non
1357 616 1462 663 tam,
1513 613 1678 666 opinor,

82 685 326 739 ignorantia
358 685 471 726 illius
504 687 732 727 structurae
772 698 903 737 quam
943 685 1173 726 oscitantia
1213 684 1403 738 quadam
1441 697 1521 725 nec
1560 682 1679 736 quic-

84 769 216 810 quam
249 755 454 809 cogitans,
488 768 575 797 non
606 758 697 796 tam
729 755 854 796 facile
886 755 1072 797 fortasse
1094 756 1387 805 aberraturus,
1421 755 1455 795 si
1479 753 1679 795 substan-

82 827 158 868 tivi
191 826 402 880 genitivus
436 826 614 868 clariore
646 826 833 879 imagine
866 825 1061 867 animum
1094 826 1317 878 tetigisset.
1366 825 1534 867 Similes
1562 837 1679 866 erro-

84 911 151 939 res
211 897 379 939 notavit
432 896 675 938 Schaeferus
730 897 786 938 ad
842 896 1018 950 Gregor.
1067 896 1257 938 Corinth.
1300 910 1343 949 p.
1377 896 1452 947 86,
1515 895 1679 948 Appar.

84 968 307 1010 Demosth.
340 967 357 1007 Ι
388 980 431 1020 p.
466 967 565 1008 386.

203 1084 239 1137 c)
272 1084 364 1125 Ibd.
399 1084 496 1133 750,
532 1084 630 1125 751.
694 1083 856 1125 Creusa
890 1084 1066 1126 chorum
1101 1084 1352 1138 alloquitur:

370 1185 553 1233 Σημήντιτ’
571 1199 578 1205 ·
628 1188 660 1221 εἷ
682 1186 754 1232 γάρ
779 1185 906 1232 ἀγαθά
932 1200 997 1233 μοι
1021 1186 1204 1233 μηνύσετε,

371 1244 434 1279 οὔκ
461 1247 509 1283 εἷς
533 1244 702 1283 (insomne
728 1245 900 1284 δεσπότας
924 1247 1046 1290 βαλεῖς
1065 1245 1196 1292 χαράν.

85 1343 192 1384 Haec
224 1342 259 1384 si
291 1355 394 1383 vera
426 1345 540 1392 sunt,
581 1342 795 1383 sententia
827 1345 913 1384 est:
955 1343 990 1383 si
1021 1343 1121 1384 laeta
1153 1342 1257 1384 mihi
1288 1341 1556 1391 nuntiabitis,
1595 1354 1683 1382 non

87 1413 261 1455 credere
291 1413 487 1454 nolentes
521 1412 718 1453 dominos
762 1412 849 1465 (me
890 1412 1129 1465 dominam)
1167 1412 1316 1454 laetitia
1355 1412 1550 1454 afficietis
1588 1410 1683 1465 (sed

84 1484 217 1525 fidem
248 1483 412 1525 habere
451 1482 695 1535 paratam);
734 1497 875 1536 neque
908 1486 1056 1525 ἄπιστος
1088 1484 1149 1525 sic
1177 1483 1313 1536 accipi
1335 1495 1463 1536 posse
1495 1495 1682 1535 negave-

85 1555 179 1604 rim,
229 1554 433 1607 quoniam
478 1553 608 1594 etiam
653 1553 929 1608 Thucydides
969 1555 1044 1604 IV,
1091 1554 1141 1594 17
1186 1556 1436 1595 ἅπιστοτάτους
1473 1555 1684 1602 εὐπραγίαις

87 1625 205 1675 dixit,
255 1625 327 1677 qui
370 1624 544 1666 fortuna
583 1637 670 1665 non
710 1625 995 1674 confiderent3
1034 1625 1111 1666 sed
1149 1638 1277 1666 nemo
1310 1638 1502 1677 unquam
1535 1624 1683 1666 Graeee

87 1696 194 1737 dixit
234 1697 379 1742 βάλλειν
400 1697 524 1743 χαράν
555 1700 589 1736 ἔς
620 1712 718 1745 τινα,
767 1698 814 1736 ut
860 1699 975 1737 esset
1016 1697 1206 1736 laetitiam
1247 1697 1437 1749 iniicere,
1480 1697 1682 1746 ἐμβάλλειν,

86 1779 173 1808 non
205 1767 343 1819 magis
377 1779 505 1819 quam
541 1767 668 1814 φόβον,
694 1767 821 1814 ὁρμήν,
857 1766 954 1807 alia.
1018 1766 1198 1819 Scripsit
1228 1767 1475 1820 Euripides:

375 1868 445 1903 Οὔκ
471 1871 520 1908 εἷς
545 1869 737 1903 ἄπιστον
763 1867 931 1906 δεσπότας
955 1869 1074 1911 βαλεῖς
1093 1868 1226 1916 χαράν,

87 1978 173 2007 non
205 1965 249 2006 in
281 1965 457 2006 incertae
488 1966 589 2007 fidei
620 1966 825 2019 gaudium
860 1965 1080 2007 dominam
1107 1966 1317 2007 coniicies.
1366 1966 1528 2007 Eodem
1554 1966 1683 2008 modo

88 2040 123 2078 ἐς
148 2038 263 2085 φόβον
286 2039 431 2083 βάλλειν
463 2037 568 2079 dixit
600 2037 760 2078 Troad.
797 2037 922 2077 1051.
971 2037 1059 2077 Nec
1091 2037 1147 2078 ad
1179 2038 1436 2078 sententiam
1469 2037 1549 2079 loci
1579 2037 1685 2078 nihil

88 2107 281 2149 interest.
329 2108 466 2150 Multo
491 2108 604 2149 enim
627 2108 763 2160 magis
798 2107 854 2148 ad
885 2120 977 2148 rem
1009 2108 1091 2148 hoc
1122 2108 1320 2160 pertinet,
1355 2109 1534 2149 chorum
1565 2108 1684 2160 nihil,

90 2178 157 2219 cui
188 2191 274 2220 non
308 2179 425 2219 credi
457 2181 551 2220 tuto
583 2178 733 2231 possit,
769 2177 997 2227 dicturum,
1039 2177 1225 2219 dominae
1257 2178 1511 2231 praesertim,
1552 2191 1684 2231 quam

91 2248 297 2290 Creusam
341 2249 481 2302 ipsam
525 2248 581 2290 ad
625 2248 889 2289 credendum
933 2250 1133 2301 paratam
1177 2261 1285 2290 esse.
1347 2248 1536 2290 Proximi
1580 2249 1684 2289 sub-

91 2320 266 2361 stantivi
301 2333 425 2361 casus
459 2319 733 2368 adiectivum,
766 2320 815 2359 ut
847 2318 949 2359 alibi
980 2331 1067 2359 non
1099 2331 1210 2370 raro,
1249 2320 1381 2360 traxit
1412 2319 1579 2372 sibique
1611 2331 1684 2360 ac-

92 2390 395 2432 commodavit.

210 2506 255 2559 d)
287 2507 416 2549 Herc.
450 2508 548 2548 Fur.
585 2507 696 2548 1318
730 2520 822 2560 sqq.
857 2506 1063 2560 (loquitur
1095 2505 1341 2559 Hercules):

377 2609 608 2655 Ἑσκεψάμην
634 2610 684 2650 δέ,
713 2614 839 2653 καίπερ
866 2609 903 2642 ἕν
928 2611 1090 2642 κακοῖσιν
1115 2608 1176 2650 ὤν,

376 2668 426 2715 μή
457 2670 596 2703 δειλίαν
621 2667 720 2713 ὄφλω
738 2667 814 2708 τίν’,
843 2666 1000 2702 ἐκλιπών
1017 2666 1118 2712 φάος.

380 2727 451 2765 Τάς
476 2726 664 2773 συμφορᾶς
688 2725 761 2771 γάρ
787 2724 878 2764 ὅστις
903 2724 967 2759 οὔκ
992 2726 1183 2768 ἐπίσταται,

376 2785 505 2828 θνητὸς
530 2784 708 2830 πεφυκώς,
734 2784 775 2818 ὃν
799 2783 930 2830 τρόπον
951 2783 1083 2830 χρεών,
1112 2789 1245 2831 φέρειν,

377 2843 458 2879 οὐδ’
483 2843 614 2889 (ἷνδρός
639 2844 686 2877 (ἲν
711 2842 860 2877 δύναιθ’
887 2842 1078 2884 ὑποστῆναι
1102 2845 1213 2888 βέλος.

377 2902 644 2948 Ἑγκαρτερήσω
670 2901 832 2936 θάνατον
849 2914 856 2920 ·
882 2902 955 2947 εῗμι
983 2903 1056 2940 δ’ἕς
1080 2902 1184 2936 πόλιν

376 2961 441 3003 τήν
465 2961 541 3003 σήν,
564 2960 678 3008 χάριν
702 2973 736 2995 τε
759 2966 899 3007 μυρίων
927 2960 1058 3007 δώρων
1083 2962 1162 3007 ἔχω.
