1915 3235
814 154 898 196 619

62 287 106 324 et
127 282 350 324 exornavit
378 282 601 333 eiusmodi,
635 297 731 337 quae
753 284 917 325 nullam
945 296 1120 336 prorsus
1144 284 1337 325 habeant
1361 285 1651 337 persuadendi

61 353 147 394 vim
195 355 270 394 aut
315 354 631 395 necessitatem.
694 354 753 395 Ut
783 352 806 406 ἓ
842 354 896 395 15
938 367 1071 406 quum
1113 353 1156 395 in
1198 355 1291 396 cod.
1333 355 1449 408 regio
1490 358 1533 396 et
1564 356 1650 396 Erf.

62 423 269 476 scriptum
311 424 366 465 sit
408 437 458 466 eo
501 424 664 475 ordine,
713 424 786 477 qui
828 424 945 478 apud
989 423 1240 466 Ciceronem
1282 425 1548 478 frequentior
1588 429 1652 467 est

62 492 164 547 (vid.
209 493 570 548 Stuerenburgius
613 495 670 536 ad
708 497 815 536 orat.
849 508 928 548 pro
971 494 1101 535 Arch.
1144 508 1186 547 p.
1220 495 1276 536 20
1318 495 1445 549 sqq.),
1495 500 1652 551 quanta

61 577 264 619 quamque
294 565 348 605 sit
378 565 491 605 iusta
522 579 792 621 unaquaeque,
825 565 861 607 is
895 579 947 607 ex
979 565 1072 607 aliis
1105 566 1228 607 codd.
1263 566 1416 608 edidit:
1451 580 1653 621 quamque

59 635 172 675 iusta
213 635 278 685 sit,
327 637 370 675 et
412 635 464 676 de
507 648 557 677 eo
600 636 726 678 valde
768 640 992 678 asseverat
1033 635 1094 688 (in
1132 650 1232 678 ann.
1265 637 1322 678 ad
1354 637 1454 678 Lael.
1487 651 1528 690 p.
1563 637 1651 689 90),

61 704 178 757 quod
223 705 408 746 multum
454 706 584 747 situm
631 707 686 748 sit
731 707 776 749 in
822 706 1032 749 adiectivo
1079 708 1204 748 iusta.
1287 707 1497 760 Equidem
1545 707 1653 748 scire

61 775 202 825 velim,
235 776 280 817 in
311 789 441 828 quem
473 776 612 818 locum
646 777 691 818 id
721 790 809 819 non
841 777 981 827 cadat,
1014 777 1089 818 ubi
1122 790 1174 819 ea
1194 778 1405 830 particula
1427 778 1498 819 illo
1523 778 1652 819 modo

61 845 271 888 adiectivo
303 849 595 900 praeponatur,
644 850 692 888 ut
730 847 813 889 ista
855 847 1031 900 quidem
1062 848 1229 890 ratione
1261 848 1422 901 ubique
1454 849 1515 890 sic
1546 849 1651 889 scri-

61 917 253 959 bendum
286 918 359 967 sit;
402 918 479 959 sed
510 918 625 959 hunc
658 918 956 960 animadverto
988 919 1224 960 multorum
1257 932 1459 968 errorem,
1495 932 1519 960 a
1552 919 1652 960 Goe—

63 988 218 1038 renzio,
266 988 301 1029 si
340 1001 425 1030 non
466 990 621 1038 ortum,
670 991 715 1030 at
756 991 1058 1042 propagatum,
1107 991 1166 1039 ut,
1215 989 1290 1030 ubi
1322 989 1374 1030 de
1408 990 1500 1031 loco
1532 989 1653 1030 verbi

62 1058 321 1101 substantivi
345 1059 636 1101 controversia
660 1059 727 1109 sit,
760 1060 816 1110 id,
851 1073 936 1112 quo
960 1060 1015 1101 sit
1037 1059 1156 1101 initio
1181 1060 1371 1113 propius,
1406 1073 1456 1102 eo
1481 1060 1652 1113 gravius

61 1129 244 1182 proferri
284 1132 459 1183 putent3
507 1130 623 1182 quod
667 1132 732 1171 est
773 1130 899 1183 longe
941 1143 1080 1171 secus.
1157 1130 1360 1172 Subiecta
1404 1131 1516 1172 enirn
1560 1131 1653 1172 haec

61 1199 187 1242 unius
235 1200 412 1254 syllabae
460 1214 543 1242 vox
590 1201 895 1254 interrogativo
938 1204 1148 1253 tanquam
1188 1201 1383 1242 enclitica
1428 1201 1651 1251 delitescit,

61 1270 361 1324 extolliturque
401 1271 457 1321 id,
507 1272 622 1324 quod
653 1273 780 1313 tertio
812 1272 905 1313 loco
939 1269 1061 1323 est.¹)
1124 1271 1297 1321 Dubito,
1345 1285 1449 1313 num
1482 1275 1653 1313 tantum

60 1341 261 1394 Krarupii
292 1341 377 1383 mei
408 1342 576 1384 silentio
608 1343 811 1393 tribuam,
860 1347 908 1384 ut
946 1343 990 1384 in
1031 1343 1113 1384 hoc
1152 1355 1307 1395 genere
1340 1343 1650 1395 scripturarum

59 1412 115 1453 ob
148 1412 339 1454 codicem
371 1414 535 1466 regium
567 1416 835 1455 retentarum
867 1427 1041 1467 ponam,
1076 1413 1191 1466 quod
1223 1412 1324 1465 §25
1347 1416 1431 1454 est:
1466 1427 1536 1454 nec
1558 1427 1650 1454 vero

60 1482 217 1524 dubitet
249 1484 448 1538 ayricola.
511 1483 597 1525 Sed
628 1484 716 1526 sive
754 1485 798 1525 id
836 1484 880 1525 in
918 1484 1063 1525 codice
1104 1484 1175 1525 illo
1208 1483 1418 1536 scriptum
1452 1487 1517 1525 est
1548 1484 1649 1532 sive,

60 1555 108 1594 ut
140 1553 229 1595 fere
261 1554 304 1595 in
337 1555 502 1605 ceteris,
547 1555 722 1605 dubitat,
763 1555 1012 1596 retinendus
1048 1554 1342 1596 coniunctivus
1378 1556 1463 1603 est3
1510 1568 1651 1607 neque

61 1624 188 1674 enim,
221 1624 325 1678 quid
355 1626 647 1679 respondeant
679 1626 890 1679 agricolae,
931 1626 1038 1667 Cato
1071 1625 1185 1674 dicit,
1229 1625 1305 1666 sed
1337 1625 1440 1677 quid
1472 1625 1648 1678 possint,

60 1695 95 1735 si
128 1696 222 1747 quis
254 1699 433 1748 quaerat,
477 1697 751 1750 respondere.
815 1696 879 1737 Ita
911 1699 1058 1737 autem
1091 1696 1282 1737 codicem
1315 1696 1480 1749 regium
1512 1696 1650 1748 primo

59 1764 152 1807 loco
184 1766 332 1817 habui,
365 1770 413 1808 ut
446 1768 484 1809 ei
516 1781 585 1809 me
617 1781 671 1809 ne
694 1767 1002 1820 manciparem,
1036 1780 1061 1808 a
1085 1780 1170 1819 quo
1192 1767 1413 1808 retrahere
1437 1766 1505 1807 vel
1527 1766 1651 1807 Nonii

60 1836 293 1878 auctoritas
330 1841 514 1890 poterat,
563 1839 817 1891 plerumque
857 1850 961 1878 sane
1002 1836 1136 1890 (velut
1168 1836 1191 1889 ξ
1225 1837 1281 1878 52
1321 1838 1433 1877 acini
1465 1836 1650 1888 vinaceo)

61 1918 156 1947 cum
191 1907 336 1949 codice
368 1909 497 1962 regio,
546 1909 623 1950 sed
661 1912 807 1950 tamen
848 1908 1063 1949 Interdum
1106 1920 1203 1948 cum
1244 1908 1336 1948 aliis
1369 1910 1519 1948 contra
1552 1920 1651 1948 eum

60 1979 343 2029 consentiens,
392 1982 440 2020 ut
485 1978 597 2031 §45
644 1979 687 2020 in
733 1979 971 2021 omittendo
1018 1979 1162 2019 nostri.
1225 1978 1375 2030 Itaque
1420 1990 1508 2018 non
1554 1990 1650 2018 sum

59 2049 220 2090 veritus
262 2048 285 2102 ξ
317 2050 372 2091 41
418 2062 470 2090 ex
512 2049 599 2090 Erf.
643 2052 685 2090 et
728 2050 893 2091 Trevir.
939 2049 1119 2102 aliisque
1161 2048 1345 2090 retinere
1387 2049 1651 2103 lonqinquior

59 2132 138 2172 pro
170 2120 343 2175 lonyior,
392 2133 471 2161 nec
503 2119 526 2172 ἓ
559 2120 584 2161 3
617 2120 829 2162 Aristonis
868 2120 1019 2173 patriae
1052 2132 1210 2160 nomen
1244 2119 1394 2169 delevi,
1443 2119 1520 2160 sed
1553 2132 1649 2159 cum

59 2188 224 2231 Klotzio
266 2203 289 2232 e
328 2191 451 2233 codd.
491 2191 799 2232 Dresdensiurn
840 2191 969 2231 trium
1013 2192 1056 2231 et
1096 2190 1338 2231 Haeneliani
1383 2190 1650 2243 aliorumque

59 2261 248 2314 vestigiis
292 2260 590 2315 (Aristoeheus,
639 2262 872 2303 Aristoteus
915 2259 1013 2313 cet.)
1064 2260 1168 2301 Ceus
1209 2261 1380 2313 scripsi,
1427 2260 1649 2313 Peripate3

59 2331 192 2372 ticum
225 2332 339 2373 enim
370 2332 560 2386 intelligi,
594 2334 665 2386 qui
699 2333 808 2374 Ceus
842 2332 934 2381 suit,
967 2345 1054 2372 non
1083 2334 1148 2372 est
1171 2331 1310 2384 longae
1333 2330 1649 2383 disputationis.

59 2403 171 2444 Nam
203 2417 291 2445 non
321 2404 460 2445 solum
492 2403 710 2444 Panaetius
751 2406 794 2444 et
825 2403 1061 2444 Sosicrates
1101 2402 1218 2454 apud
1250 2401 1484 2454 Diogenem
1516 2403 1648 2442 Laer-

59 2473 168 2515 tium
207 2474 313 2524 Chii,
363 2474 506 2523 Stoici,
554 2476 715 2526 negant
753 2474 984 2526 quicquam
1025 2475 1193 2514 exstare
1233 2475 1392 2526 praeter
1431 2472 1648 2525 epistolas,

0 2579 1 2598 1
60 2546 204 2586 cetera
235 2544 308 2586 Cei
340 2558 447 2595 esse,
491 2544 568 2586 sed
606 2544 697 2597 ipse
730 2544 877 2585 Cicero
909 2544 1004 2585 libr.
1036 2544 1072 2584 V
1105 2543 1157 2585 de
1191 2543 1280 2584 Fin.
1314 2542 1337 2595 ἓ
1372 2543 1424 2584 13
1459 2543 1650 2584 Aristoni

0 2599 1 2608 ἵ
59 2613 360 2667 Peripatetico,
402 2628 490 2657 non
522 2615 677 2665 Stoico,
722 2617 769 2655 ut
800 2615 908 2656 miro
942 2627 1085 2655 errore
1120 2614 1312 2656 Graevius
1345 2614 1527 2667 scripsit,
1578 2613 1649 2654 alii

60 2687 275 2737 repetunt,
323 2686 483 2739 scripta
521 2685 659 2726 multa
699 2687 741 2726 et
772 2685 918 2738 polita,
967 2685 1044 2726 sed
1076 2686 1287 2738 gravitate
1319 2688 1361 2726 et
1393 2684 1648 2726 auctoritate

62 2756 252 2797 carentia
289 2756 451 2805 tribuit,
499 2756 626 2809 quale
667 2755 749 2797 hoc
787 2755 868 2796 suit
906 2755 959 2796 de
998 2757 1239 2804 senectute3
1287 2757 1438 2808 estque
1476 2755 1648 2796 omnino

98 2905 128 2945 ¹)
153 2906 238 2951 [Cfr.
266 2919 346 2952 quae
371 2908 544 2942 annotavi
571 2908 615 2942 ad
642 2907 711 2942 Cic.
740 2908 785 2942 de
809 2907 884 2941 Fin.
911 2908 926 2941 Ι
951 2906 972 2950 ἓ
997 2906 1042 2940 43
1068 2919 1101 2952 p.
1129 2907 1184 2941 91.
1236 2905 1353 2949 1842]

1672 437 1723 463 269

1669 2412 1720 2437 270
