1915 3235
842 146 925 186 195

83 276 155 328 qui
186 281 338 328 postea
370 276 624 328 aequissimis
662 275 828 328 legibus
866 275 1025 327 populo
1057 274 1258 316 Romano
1297 274 1523 327 parebant,
1571 274 1670 314 reli-

83 347 194 398 quiae
226 345 425 398 quaedam
465 345 650 386 fuerunt.
714 345 801 386 Nec
849 344 914 398 (ut
961 358 1011 386 eo
1058 344 1248 386 redeam.
1301 345 1414 385 unde
1453 344 1669 397 digressus

82 414 195 468 sum)
243 416 446 457 Caeritum
489 416 746 468 exemplum,
796 429 880 468 quo
922 416 1115 468 plerique
1156 418 1348 464 utuntur,
1398 417 1444 455 ut
1488 415 1668 455 civitatis

81 486 172 527 sine
204 487 406 539 suffragio
439 486 732 527 condicionem
765 486 999 538 optabilem
1034 486 1166 527 fuisse
1201 486 1444 534 ostendant,
1494 488 1539 526 ut
1573 499 1668 537 quae

79 557 160 597 illis
192 557 341 609 gratiae
372 557 609 598 referendae
649 569 780 597 causa
825 556 926 597 data
969 557 1035 597 sit.
1085 557 1218 597 ullam
1263 557 1396 597 habet
1439 556 1538 596 vim.
1601 556 1670 596 Ad

79 627 163 667 alia
203 628 315 667 enim
355 627 478 680 longe
517 629 715 680 tempora
748 640 879 679 quam
918 627 1151 679 hospitium
1193 626 1294 679 (vid.
1334 640 1450 679 supr.
1491 641 1531 679 p.
1567 627 1668 679 220)

80 710 177 738 cum
210 697 435 738 Caeritibus
467 700 565 751 post
596 698 841 738 incendium
874 698 992 738 urbis
1033 698 1240 738 Gallicum
1281 698 1444 739 factum
1482 699 1669 750 pertinet

80 768 228 808 civitas
267 769 359 809 sine
405 769 608 821 suffragio
654 768 704 808 iis
753 768 867 810 data.
915 768 996 809 hoc
1044 772 1119 817 est,
1169 769 1359 809 subactis
1406 765 1666 821 in1posita.¹)

78 838 174 878 Una
205 841 416 890 praeterea
448 838 550 880 urbs
585 838 902 891 Campanorum
939 839 1252 880 dubitationem
1297 840 1451 880 afferre
1484 839 1665 880 videtur.

77 911 167 949 tam
200 909 403 961 opulenta
434 912 610 962 tamque
643 910 858 950 obstinate
899 910 1011 950 bello
1040 910 1202 950 Punico
1235 909 1425 950 secundo
1459 909 1666 950 adversus

76 979 298 1021 Romanos
331 993 540 1033 pugnans.
589 981 675 1021 Sed
706 981 909 1033 splendor
940 981 1009 1021 ille
1043 983 1085 1021 et
1117 993 1220 1032 opes
1253 982 1423 1020 tantum
1458 993 1554 1020 eam
1580 979 1662 1020 vim

76 1049 311 1099 habebant,
347 1053 392 1091 ut
424 1052 566 1092 minus
597 1052 776 1092 ferenda
808 1051 1024 1092 videretur
1060 1051 1142 1091 ista
1176 1050 1349 1103 publica
1382 1051 1586 1096 condicio.
1625 1054 1666 1091 et

76 1121 168 1161 haec
206 1122 300 1174 ipsa
340 1121 423 1163 odii
464 1135 596 1162 causa
637 1122 728 1162 fuit.
793 1122 958 1175 (Itaque
998 1122 1084 1162 iam
1129 1124 1228 1162 ante
1267 1124 1469 1174 suspecta
1508 1122 1665 1174 saepius

74 1191 282 1232 Romanis
316 1193 464 1245 Capua
497 1192 588 1241 fuit,
621 1195 669 1233 ut
701 1206 739 1233 a.
769 1193 874 1241 314;
907 1193 996 1233 LiV.
1025 1193 1093 1234 IX.
1129 1192 1216 1244 26.)
1279 1192 1404 1242 Quod
1437 1192 1665 1245 magistra-

74 1264 142 1301 tus
183 1265 467 1315 senatumque
517 1277 643 1304 suum
682 1263 852 1312 habuit,
909 1264 980 1315 qui
1034 1264 1076 1303 in
1130 1262 1309 1303 historia
1364 1263 1465 1304 belli
1517 1263 1665 1304 Punici
1685 1271 1735 1296 241

74 1333 251 1373 secundi
289 1335 445 1386 saepius
485 1337 890 1375 commemorantur.
940 1347 992 1373 ne
1034 1334 1077 1373 id
1110 1333 1284 1386 quidem
1320 1335 1477 1374 mirum
1510 1347 1587 1386 per
1619 1348 1664 1375 se

74 1405 151 1443 est.
165 1399 198 1455 2)
245 1404 403 1445 Verum
437 1407 530 1446 erat
561 1418 665 1445 sane
699 1405 914 1457 singulare
948 1404 1108 1457 aliquid
1141 1404 1183 1445 in
1217 1418 1268 1445 ea
1293 1405 1413 1451 urbe,
1449 1405 1524 1445 sed
1550 1406 1665 1458 quod

73 1486 159 1514 non
190 1474 246 1514 ad
277 1477 469 1516 nostram
503 1475 837 1528 disputationem
863 1475 1200 1523 convellendam,
1235 1476 1311 1516 sed
1345 1476 1400 1516 ad
1433 1489 1529 1516 eam
1563 1489 1663 1518 con-

71 1543 328 1586 firmandam
362 1547 517 1587 valeat.
580 1547 689 1587 Nam
731 1547 843 1599 parti
884 1546 1008 1587 alicui
1041 1529 1363 1598 Campanorum
1401 1547 1493 1588 sine
1533 1547 1663 1588 dubio

71 1614 198 1667 plena
246 1617 394 1657 civitas
438 1618 539 1658 data
579 1621 683 1658 erat.
748 1617 979 1670 Campanis
1028 1618 1142 1658 enim
1192 1617 1409 1669 equitibus
1458 1618 1572 1659 mille
1622 1621 1663 1659 et

163 1781 238 1824 agri
263 1782 397 1825 publici
422 1793 656 1826 possessores,
684 1782 719 1816 in
746 1783 873 1816 urbem
901 1782 1170 1822 convenientes,
1199 1786 1239 1816 ut
1266 1783 1310 1816 de
1340 1783 1378 1816 T.
1407 1783 1559 1817 Gracchi
1584 1784 1661 1827 lege

163 1840 303 1883 agraria
327 1843 544 1885 suffragsimn
570 1842 715 1881 ferrent.
743 1846 1014 1875 commemorat.
1068 1840 1186 1884 1834]

106 1894 136 1938 ¹)
161 1898 330 1933 Ceterum
362 1901 537 1934 eodemne
568 1904 744 1944 tempore.
783 1912 854 1944 quo
887 1901 1008 1934 Livius
1035 1902 1108 1941 VII,
1148 1901 1193 1934 20
1230 1901 1272 1935 iis
1310 1901 1475 1935 inducias
1514 1904 1659 1936 centum

163 1968 342 1992 annorum
374 1959 476 1993 datas
509 1962 632 1993 narrat
663 1958 707 2001 (a.
735 1959 830 1999 3533,
871 1959 964 1993 cives
997 1960 1081 1994 facti
1115 1960 1197 2001 sint,
1236 1960 1418 1994 incertum
1452 1964 1515 1994 est.
1567 1961 1657 1995 Add.

162 2017 228 2050 Dio
255 2017 350 2052 Cass.
376 2019 502 2062 fragm.
532 2017 608 2059 142,
636 2017 696 2061 [33
722 2030 755 2062 p.
783 2018 827 2051 27
852 2019 975 2059 Bekk.‚
1002 2019 1120 2053 Strab.
1148 2019 1189 2058 V,
1216 2018 1249 2059 2,
1282 2018 1303 2051 3
1330 2030 1363 2062 p.
1392 2018 1460 2052 220
1487 2018 1551 2061 C.].
1591 2020 1659 2054 Me-

162 2076 315 2110 moriam
347 2077 431 2111 alibi
464 2078 694 2111 obscuratam
734 2078 959 2111 conservavit
993 2078 1102 2111 etiam
1135 2078 1316 2111 scholiast.
1352 2078 1581 2121 Cruquianus
1613 2080 1656 2112 ad

161 2135 284 2170 Horat.
310 2137 420 2180 Epist.
447 2138 472 2173 Ι.
500 2137 531 2177 6,
559 2137 620 2170 62ε
649 2157 691 2160 ἢ
719 2149 797 2181 qzcoe
822 2136 951 2177 (sacra)
983 2149 1093 2180 quum
1118 2142 1317 2170 sere-assent
1346 2139 1497 2180 intem-a,
1523 2149 1595 2181 pro
1621 2149 1658 2172 eo

161 2195 321 2237 beneficio
357 2197 502 2231 Caerites
534 2199 672 2230 civitate
703 2197 828 2230 donati
860 2201 944 2229 sunt
983 2198 1243 2239 mamsseipesqcce
1272 2197 1371 2238 faeti.
1437 2198 1486 2230 At
1517 2202 1659 2240 postea-

161 2267 269 2298 quam
293 2261 376 2289 sunt
402 2258 484 2290 ausi
508 2257 681 2289 Romanis·
701 2256 880 2296 rebellare,
906 2256 956 2288 eis
976 2257 1119 2288 dez-ictis·
1142 2257 1337 2298 iterumque
1357 2257 1496 2289 civitate
1517 2258 1659 2290 donatis

162 2315 217 2347 lus
242 2316 501 2358 suffrayiormn
527 2316 730 2357 ademptzmz
756 2319 805 2347 est
831 2312 912 2355 (hoc
939 2324 1011 2347 non
1038 2317 1204 2347 accurate
1227 2313 1403 2357 scriptum
1423 2314 1492 2356 est)
1518 2327 1658 2349 census-

159 2384 224 2416 que
250 2384 371 2407 eorum
396 2376 431 2407 in
459 2374 602 2407 tabulas
626 2374 732 2406 relate·
757 2377 787 2406 et
813 2385 835 2405 α
857 2378 1052 2406 ceterorum
1073 2373 1233 2406 censibus
1252 2375 1379 2407 remoti
1399 2380 1492 2407 sunt.
1532 2375 1657 2418 Itaque

159 2432 256 2466 Caere
282 2433 496 2476 praefectura
522 2432 589 2466 fuit
622 2430 706 2473 (vid.
734 2431 826 2465 Fest.
854 2442 880 2465 s.
907 2442 939 2465 v.
960 2430 1209 2474 praefectura).
1262 2431 1496 2465 Confusionis
1522 2432 1656 2467 Gellius

159 2494 284 2524 auctor
310 2495 363 2525 est
393 2491 497 2533 (XVI,
526 2489 594 2533 13).

102 2545 130 2590 ²)
156 2549 224 2583 Cfr.
251 2561 284 2594 p.
311 2549 379 2583 235
405 2554 478 2584 not.
538 2550 729 2593 Dionysius
763 2549 941 2592 (Excerpt.
974 2549 1091 2583 Ursin.
1119 2562 1152 2594 p.
1181 2549 1249 2583 242
1277 2562 1354 2595 sqq.
1385 2552 1532 2592 Tauch„
1566 2550 1654 2594 [ΧΥ7

158 2607 180 2641 5
206 2608 373 2652 Kiessl.])‚
413 2621 468 2644 res
501 2621 531 2643 a.
558 2608 626 2642 327
658 2612 776 2652 gestas
809 2619 1109 2649 commem01·aDS‚
1149 2609 1354 2653 Campanos
1383 2607 1557 2650 ὑπηκόους
1583 2611 1656 2641 τῶν

156 2663 341 2711 Ῥωμαίων
366 2669 534 2713 appellat.
585 2668 789 2711 Campanos
815 2666 958 2706 milites,
985 2667 1046 2710 qui
1072 2668 1209 2711 Rhegio
1237 2668 1283 2710 (a.
1310 2667 1393 2710 281)
1429 2669 1532 2713 potiti
1558 2673 1653 2707 sunt,

158 2727 321 2761 Valerius
358 2728 450 2761 Max.
476 2728 525 2767 II,
567 2727 603 2767 7,
643 2726 686 2759 15
725 2728 814 2758 cives
850 2726 1031 2759 Romano-<5
1069 2727 1244 2770 appellat,
1284 2731 1319 2761 et
1356 2728 1528 2771 Polybius
1562 2728 1593 2767 I,
1635 2728 1653 2760 7

156 2782 358 2829 (Ρσῃααῐους,
386 2798 427 2821 eo
454 2787 626 2820 nimirum
653 2796 763 2825 more,
791 2796 862 2828 quo
888 2784 1009 2818 Livius
1028 2785 1241 2827 Acerranos,
1269 2786 1347 2820 sine
1367 2787 1539 2830 suffragio
1558 2787 1652 2820 cives

158 2843 241 2885 (vid.
268 2846 375 2889 paulo
402 2849 486 2879 ante
511 2857 545 2889 p.
572 2844 641 2878 238
666 2842 765 2885 not.).
818 2842 985 2886 [Cumani
1012 2855 1168 2888 quoque,
1196 2845 1292 2879 haud
1329 2845 1429 2879 dubii
1463 2846 1558 2879 cives
1584 2846 1652 2879 Ro-

157 2905 255 2938 mani
281 2904 371 2946 (Liv.
398 2905 523 2944 XXIII,
550 2902 620 2945 31),
659 2907 827 2937 senatum
859 2914 966 2936 suum
998 2903 1183 2937 habebant
1216 2907 1251 2937 et
1286 2904 1408 2947 aliquo
1435 2905 1542 2938 modo
1569 2915 1651 2938 cum

156 2963 303 3007 reliquis
329 2963 534 3007 Campaniae
560 2963 685 2996 incolis
711 2962 941 2996 cohaerebant
966 2959 1051 3003 (ibd.
1078 2960 1165 3004 35).]

1306 3020 1368 3054 13*
