1915 3235
811 116 921 156 ·31

276 243 414 294 Quem
447 244 600 285 deceat
632 244 734 285 clari
765 244 1041 297 praestantior
1073 244 1178 285 ordo
1210 244 1384 293 tribuni,

277 313 483 364 Quisnam
516 314 741 367 frenigerae
773 315 942 367 signum
975 314 1078 355 dare
1113 314 1278 367 dignior
1310 315 1404 355 alae.

99 408 306 450 Ascendit
338 408 500 450 Statius
544 422 571 450 a
609 410 865 459 centuriatu,
914 422 1043 461 quem
1085 412 1178 451 tum
1222 412 1467 462 equestrem
1509 409 1692 462 gradum

99 479 231 521 fuisse
262 482 396 532 patet,
441 493 518 533 per
548 480 853 533 praefecturam
887 480 1074 520 cohortis
1115 481 1170 521 ad
1203 480 1472 521 tribunatum
1505 484 1547 520 et
1579 493 1692 532 prae-

99 549 309 591 fecturam
349 550 430 591 alae
470 551 688 603 equitum3
736 563 985 602 quanquam
1018 563 1058 590 v,
1093 550 1148 591 95
1189 553 1415 603 corruptus
1456 552 1534 591 est.
1549 546 1582 602 1)
1645 550 1693 591 111

98 621 373 673 inscriptione
407 621 592 674 denique
625 621 813 674 quadam
857 619 1003 673 (Orell.
1037 620 1251 673 Inscriptt.
1285 622 1377 662 Lat.
1411 635 1452 662 n.
1489 619 1590 673 125)
1622 621 1692 662 hic

99 693 164 733 est
194 691 299 733 ordo
338 704 566 732 munerum
606 692 855 732 militarium
890 689 1018 743 [Fra]
1038 691 1092 744 ef.
1128 690 1257 731 Fabr.
1300 691 1451 744 Proef.
1493 691 1691 732 Cohorz‘.

100 761 332 802 German.
366 760 495 814 [Pa-a]
514 762 568 815 ef.
603 762 744 817 Equett.
784 761 899 802 Trib.
935 761 1028 802 Mil.
1063 761 1260 816 Leyz'om's
1301 762 1348 815 V,
1392 762 1436 802 id
1468 766 1545 812 est,
1583 761 1691 802 Sue-

97 833 311 874 tonianus.
374 833 464 873 Iam
497 835 629 885 patet,
664 833 828 885 opinor,
868 832 912 873 id
949 845 975 873 a
1007 832 1207 874 Iuvenale
1241 833 1323 874 dici
1355 846 1527 883 munus,
1577 833 1693 885 quod

98 903 256 944 nebulo
299 902 452 955 aliquis
496 904 706 944 senatoris
748 903 860 944 filius
910 902 1029 956 (nam
1073 904 1229 945 horum
1273 917 1445 956 quoque
1490 908 1694 958 equestres

99 979 221 1016 erant
243 973 438 1026 militiae),
473 974 708 1026 dilapidato
731 975 1003 1026 patrimonio,
1037 977 1185 1027 petere
1216 977 1417 1027 potuerit,
1450 978 1499 1016 ut
1530 976 1693 1015 victum

99 1045 293 1094 haberet,
343 1046 431 1086 sive
465 1045 704 1094 etiamtum,
747 1050 794 1086 ut
836 1058 861 1086 a
900 1045 1092 1094 Claudio,
1142 1047 1176 1086 is
1209 1046 1373 1098 primus
1407 1046 1565 1099 gradus
1600 1046 1694 1086 dari

100 1116 249 1158 solitus
267 1116 333 1165 sit,
368 1116 457 1157 sive
480 1116 563 1156 hoc
587 1128 757 1168 quoque
782 1115 839 1156 ad
860 1116 1174 1168 impudentiam
1201 1117 1438 1158 notandam
1463 1117 1692 1169 pertineat,

99 1187 214 1239 quod
245 1200 331 1228 non
364 1187 664 1235 centuriatum,
699 1187 771 1238 qui
804 1200 829 1227 a
853 1186 991 1227 Statio
1023 1188 1188 1239 primus
1221 1188 1408 1240 ponitur,
1442 1188 1521 1228 sed
1545 1188 1693 1228 statim

100 1271 247 1299 curam
281 1258 466 1299 cohortis
498 1260 647 1310 petere
680 1257 859 1298 dicatur.
923 1257 1008 1298 Sed
1041 1258 1109 1298 vel
1140 1258 1222 1299 hoc
1254 1272 1412 1300 munus
1453 1271 1517 1308 ea,
1561 1271 1693 1310 quam

99 1329 198 1378 djxi,
233 1341 364 1369 causa
396 1329 483 1381 peti
515 1329 719 1381 potuisse,
754 1328 858 1368 satis
891 1328 1093 1378 ostendit,
1128 1329 1243 1381 quod
1276 1330 1318 1369 in
1344 1332 1424 1370 sat.
1450 1328 1544 1369 XIV
1568 1333 1694 1381 pater

99 1412 254 1440 avarus
295 1399 381 1440 filio
424 1399 590 1448 suadet,
639 1401 686 1439 ut
733 1399 1019 1439 centuriatum
1067 1402 1188 1451 petat
1236 1402 1277 1440 et
1325 1400 1381 1440 ad
1428 1398 1695 1451 primipilare

98 1483 254 1511 munus
288 1467 538 1522 enitaturfl)

215 1540 351 1581 Paulo
383 1540 577 1592 pluribus
609 1540 752 1581 verbis
785 1540 841 1581 ab
883 1540 963 1581 hoc
1007 1540 1098 1581 loco
1142 1540 1326 1593 obliquae
1370 1540 1694 1593 significationis

98 1612 387 1664 suspicionem
420 1611 475 1652 ab
508 1611 816 1663 interpretibus
849 1615 998 1652 contra
1030 1614 1221 1653 mentem
1254 1614 1394 1664 poetae
1426 1611 1594 1652 illatam
1626 1623 1694 1651 re-

98 1683 231 1732 movi,
291 1683 407 1735 quod
458 1695 570 1722 unus
617 1681 735 1723 locus
782 1682 970 1734 plurium
1019 1683 1190 1723 errandi
1238 1696 1445 1735 generum
1493 1681 1695 1734 exempla

98 1753 260 1794 habere
292 1752 534 1793 videbatur.
596 1753 715 1793 Idem
748 1753 884 1794 multo
923 1753 1090 1794 facilius
1130 1757 1171 1794 et
1203 1754 1376 1794 brevius
1417 1754 1509 1794 fieri
1547 1754 1695 1805 potest

98 1825 142 1865 in
173 1824 337 1876 aliquot
368 1824 484 1873 locis,
519 1837 625 1876 quos
658 1824 755 1865 ideo
788 1837 914 1876 pono,
957 1837 1011 1865 ne
1050 1825 1141 1865 sine
1175 1838 1305 1865 001150
1338 1826 1417 1865 1100
1451 1837 1586 1877 genus
1608 1832 1694 1864 ‘ac-

100 1908 273 1936 cusasse
328 1895 490 1936 videar.
574 1895 701 1935 Velut
754 1895 870 1947 quod
916 1894 1079 1936 XVeber
1125 1895 1373 1936 Iuvenalem
1413 1896 1452 1945 I,
1502 1896 1556 1935 66
1599 1907 1693 1946 sqq.

98 1969 210 2007 tecte
258 1967 300 2006 in
332 1966 387 2007 M.
420 1965 654 2018 Regulum,
703 1970 853 2006 notum
902 1978 954 2006 ex
1000 1966 1125 2006 Plinii
1173 1966 1364 2019 epistolis
1413 1969 1455 2006 et
1504 1965 1694 2014 aliunde,

137 2117 166 2161 ¹)
191 2119 337 2160 Iniuria,
377 2122 417 2152 ut
442 2129 486 2152 ex
517 2117 739 2161 reliquorum
773 2117 989 2161 scriptorum
1022 2119 1109 2153 locis
1136 2130 1232 2153 nunc
1258 2122 1368 2163 patet,
1408 2118 1612 2153 Gronovius
1640 2129 1696 2151 su-

193 2179 353 2223 periores
389 2177 602 2221 interpretes
636 2176 883 2220 reprehendit,
923 2178 1167 2213 centuriatum
1199 2178 1349 2222 intelligi
1380 2181 1563 2222 putantes,
1604 2188 1697 2221 quos

193 2248 321 2272 verum
348 2236 480 2270 vidisse
505 2236 561 2270 vel
587 2235 766 2279 manipuli
798 2246 868 2269 vox
902 2236 1069 2278 ostendit,
1109 2249 1175 2272 nec
1206 2238 1282 2281 ipse
1315 2237 1582 2277 animadvertit,
1625 2247 1696 2279 quo

193 2298 330 2340 spectet
364 2294 494 2338 equitis
534 2305 668 2328 nomen
707 2294 880 2335 (Romani
910 2296 958 2328 ad
997 2296 1124 2330 milites
1156 2298 1328 2340 reyendos
1359 2302 1390 2330 et
1423 2298 1471 2330 ad
1502 2300 1697 2340 equestrem

193 2356 353 2399 aliquam
385 2354 551 2387 militiam
584 2352 770 2397 mittendi),
809 2365 892 2388 cum
931 2354 1107 2389 Salmasio
1142 2355 1281 2399 equites
1318 2355 1533 2399 legionarios
1575 2354 1696 2389 nescio

194 2425 283 2458 quos
310 2414 355 2447 ab
381 2413 439 2447 ala
465 2413 624 2447 diversos
656 2413 814 2447 inferens
847 2417 882 2447 et
913 2415 1031 2447 totum
1058 2414 1223 2448 ordinem
1248 2418 1469 2458 pervertens.
1522 2414 1592 2448 Sed
1620 2424 1697 2447 cen-

193 2479 269 2507 tum
299 2473 478 2516 maniplos
511 2476 634 2516 aperte
660 2472 878 2506 mendosum
905 2475 975 2513 est;
1014 2472 1083 2516 legi
1121 2473 1228 2507 debet
1266 2473 1452 2507 lenissima
1490 2472 1697 2507 mutatione

195 2533 362 2576 maniplo,
396 2534 436 2565 ut
462 2531 517 2572 sit,
552 2533 633 2574 quis
660 2533 816 2575 maniplo
844 2533 1080 2575 intermissus,
1113 2537 1251 2566 centum
1284 2543 1402 2575 reyere
1427 2534 1563 2576 possim
1604 2531 1697 2566 ludit

194 2590 417 2625 versificator
455 2590 492 2624 in
529 2590 747 2635 etymologia
780 2590 937 2624 nominis
970 2590 1141 2625 centuriae
1179 2594 1224 2632 et,
1263 2591 1522 2625 obscuritatem
1563 2590 1695 2631 vitans,

194 2649 346 2694 manipli
382 2660 516 2683 nomen
549 2650 734 2691 admiscet,
773 2660 815 2683 ex
854 2649 984 2693 equitis
1022 2650 1132 2684 etiam
1171 2653 1206 2684 et
1243 2649 1393 2694 manipli
1431 2649 1696 2694 compositione

194 2709 356 2753 leporem
380 2719 530 2742 venans.

137 2765 168 2810 ²)
193 2766 298 2811 [Quae
322 2767 381 2801 hic
407 2767 451 2800 de
476 2766 689 2801 muneribus
714 2766 930 2801 militaribus
949 2767 1231 2811 disputaveram,
1259 2767 1473 2801 confirmata
1491 2770 1526 2800 et
1548 2765 1697 2800 uberius

195 2824 374 2869 explicata
404 2825 602 2869 limataque
635 2829 720 2859 sunt
750 2825 788 2859 in
820 2826 1125 2861 commentatione
1157 2838 1188 2860 a.
1223 2826 1313 2859 1864
1346 2825 1443 2860 edita
1474 2829 1510 2859 et
1542 2824 1697 2868 repetita

194 2883 232 2917 in
269 2883 376 2925 libro,
416 2884 478 2928 qui
514 2884 721 2918 inscribitur
758 2885 884 2918 Kleine
913 2886 1169 2929 philoloyische
1209 2886 1400 2928 Schriften.
1458 2884 1536 2918 Vid.
1577 2883 1627 2917 ibi
1661 2894 1695 2927 p.

197 2941 264 2976 539
291 2940 396 2987 sqq.].

1711 258 1744 284 39

1715 1695 1749 1721 40
