1915 3235
836 134 911 173 191

83 266 232 308 stratio
270 265 405 305 libera
445 266 549 304 erat.
611 263 836 304 Postremo
884 275 909 303 a
956 275 1045 303 suae
1093 262 1230 315 gentis
1277 263 1460 315 populis,
1510 263 1583 315 qui
1629 264 1673 303 in

84 337 267 377 eandem
316 334 609 376 condicionem
656 332 819 373 redacti
866 345 952 373 non
1000 336 1142 382 erant,
1198 334 1315 374 omni
1370 334 1671 374 communione

84 407 268 455 sublata,
311 403 567 446 commercio
608 403 920 456 connubioque,
963 403 1078 456 quod
1111 403 1274 444 civibus
1309 417 1406 444 cum
1437 405 1673 458 peregrinis

83 490 170 519 non
203 479 307 526 erat,
341 474 580 523 interdicto,
615 474 927 515 avellebantur.
941 471 974 526 ¹)
1022 474 1172 526 Itaque
1204 474 1413 515 hactenus
1446 475 1539 516 haec
1573 489 1673 516 con-

85 547 208 596 dicio,
258 546 336 587 etsi
368 558 455 586 non
487 544 680 586 omnium
718 545 846 597 plane
885 545 1039 585 eadem
1078 545 1170 594 fuit,
1219 558 1369 586 eorum
1411 546 1672 594 condicione,

85 630 268 670 quorum
300 618 452 669 postea
485 617 605 656 extra
636 615 805 656 Italiam
840 615 1031 656 civitates
1065 615 1107 655 in
1139 616 1456 668 provinciarum
1489 616 1675 657 formam

85 688 272 730 redactae
319 689 433 735 sunt,
483 686 725 739 quibusque
773 686 827 726 ob
877 686 1211 738 discrepantiam
1259 700 1429 727 morum
1476 700 1563 728 non
1609 687 1674 727 ius

85 759 332 800 Romanum
366 757 593 798 obtrusum
626 758 704 806 est,
745 756 819 797 sed
859 757 927 797 lex
965 757 1197 809 provinciae
1230 757 1345 807 data,
1386 757 1536 799 melior
1569 760 1674 807 erat,

86 829 202 882 quod
234 829 411 880 antiquo
444 828 514 869 illo
547 830 742 880 tempore
783 827 971 867 Romani
1009 827 1154 868 mitius
1194 828 1447 880 parentibus
1487 828 1675 881 impera-

84 901 210 949 bant„
256 899 496 952 praesertim
537 898 730 939 nondum
769 897 942 938 licentia
980 897 1051 938 illa
1090 899 1396 951 proconsulum
1436 902 1676 952 propraeto-

86 983 269 1023 rumque
301 972 418 1019 nata,
460 983 556 1021 quae
588 970 631 1010 in
663 969 904 1022 longinquis
927 968 1157 1021 provinciis
1182 971 1327 1019 crevit,
1362 972 1404 1010 et
1436 970 1551 1022 quod
1582 970 1677 1011 Itali

85 1042 157 1090 illi,
199 1043 391 1094 cognatae
430 1040 683 1092 plerumque
716 1039 926 1080 Romanis
959 1039 1115 1092 stirpis,
1158 1040 1280 1081 facile
1322 1053 1418 1081 cum
1451 1040 1500 1081 iis
1536 1041 1676 1081 coale-

86 1114 267 1154 scebant
297 1116 481 1164 postque
515 1110 689 1162 aliquod
721 1113 893 1162 tempus
933 1110 989 1151 ad
1028 1111 1232 1163 suffragia
1272 1107 1677 1164 admittebantur.'²)

85 1183 262 1224 Rectius
295 1183 422 1235 igitur
455 1182 507 1222 de
539 1182 620 1222 hoc
653 1181 847 1222 beneficii
880 1194 1035 1233 genere
1069 1181 1212 1222 Livius
1237 1180 1323 1233 (IX7
1356 1180 1430 1233 45)
1464 1183 1544 1223 sub
1578 1195 1676 1235 per—

86 1267 193 1295 sona
240 1253 477 1306 AEquorum
525 1252 697 1301 iudicat,
748 1265 878 1303 quam
919 1251 993 1291 ubi
1031 1252 1122 1304 ipse
1162 1265 1229 1293 res
1268 1255 1435 1302 narrat,
1484 1253 1591 1293 mire
1631 1266 1678 1294 se

85 1324 324 1377 implicans7
366 1326 424 1372 ut,
471 1337 544 1364 cur
576 1323 619 1363 id
651 1322 907 1363 beneficium
941 1322 1091 1363 datum
1124 1323 1191 1372 sit,
1226 1325 1426 1375 reperiat,
1467 1324 1677 1376 quemad-

180 1490 358 1523 danarum
396 1499 518 1522 rerum
557 1487 908 1522 administrationem
947 1498 1041 1531 saepe
1079 1487 1295 1528 retinebant,
1335 1499 1400 1521 nec
1439 1499 1541 1531 aeque
1580 1489 1679 1522 duris

180 1549 318 1592 legibus
352 1558 478 1582 omnes
511 1547 844 1590 adstringebantur3
885 1557 971 1580 nam
1005 1546 1168 1580 Hernicis
1204 1547 1292 1588 <Liv.
1319 1547 1383 1587 IX,
1422 1546 1481 1589 43)
1514 1547 1679 1581 interdic-

180 1611 257 1641 tum
286 1611 339 1641 est
365 1606 650 1650 magistratibus:
691 1609 816 1639 contra
848 1605 926 1639 aliis
958 1617 1032 1639 suae
1057 1605 1107 1639 rei
1140 1606 1292 1649 publicae
1318 1606 1454 1650 species
1481 1605 1603 1649 aliqua
1628 1617 1679 1640 re-

179 1666 263 1700 licta
290 1669 353 1700 est.
405 1665 671 1699 Veliternorum
704 1667 889 1698 senatores
920 1664 1157 1699 nominantur
1188 1664 1278 1706 (Liv.
1306 1665 1396 1704 VIII,
1425 1662 1482 1704 14)
1521 1668 1556 1698 et
1587 1664 1680 1698 Fun-

181 1725 358 1759 danorum
390 1728 471 1768 post
503 1724 686 1757 civitatem
718 1723 778 1756 illo
812 1723 921 1757 modo
955 1723 1078 1757 datam
1111 1724 1199 1765 (Liv.
1227 1724 1318 1765 VIII,
1359 1723 1426 1765 19).
1478 1723 1534 1757 Sic
1568 1723 1679 1757 etiam

181 1784 374 1828 Arpinates
399 1784 478 1817 illos
505 1783 625 1816 aediles
652 1794 696 1816 ex
722 1782 937 1826 antiquitate
964 1786 1122 1816 retentos
1147 1786 1246 1826 puto,
1273 1794 1394 1816 rerum
1413 1783 1679 1826 oppidanarum

181 1847 376 1883 curatores,
415 1853 528 1886 quum
560 1842 751 1886 praefectus
778 1841 832 1874 ius
859 1841 1003 1881 diceret,
1043 1846 1088 1881 et,
1128 1842 1211 1875 dato
1238 1842 1419 1886 suffragio,
1457 1842 1493 1875 in
1519 1842 1678 1886 praefecti

185 1903 305 1936 locum
331 1902 556 1935 successisse.
607 1901 658 1934 De
691 1900 883 1944 Campanis
915 1901 1023 1944 paulo
1062 1905 1143 1945 post
1169 1901 1317 1934 dicetur.
1373 1901 1424 1934 Ex
1456 1901 1679 1945 praefecturae

181 1961 335 2005 denique
361 1960 508 1994 nomine
535 1971 618 1993 cum
645 1960 722 2003 ipsa
754 1959 902 1992 historia
936 1959 1126 1993 deditionis
1159 1959 1357 2000 conficitur,
1396 1960 1492 2003 quod
1525 1960 1561 1993 in
1594 1964 1680 1994 nota

180 2020 344 2064 proxima
382 2019 465 2059 dixi,
507 2019 779 2052 Privernatibus
817 2018 975 2062 primum
1016 2018 1198 2052 civitatem
1231 2019 1306 2052 sine
1339 2019 1508 2062 suffragio
1544 2020 1678 2053 datam.

181 2078 318 2122 [Quum
345 2089 464 2112 meam
491 2078 707 2112 sententiam
736 2077 779 2111 de
807 2078 1102 2120 praefecturarum
1130 2077 1266 2121 origine
1290 2081 1325 2111 et
1343 2081 1439 2111 statu
1459 2081 1493 2111 et
1519 2078 1571 2118 iis,
1600 2089 1680 2121 quae

181 2139 235 2172 his
262 2138 454 2172 coniuncta
479 2140 574 2178 sunt,
601 2137 687 2170 satis
713 2140 748 2170 et
772 2137 989 2180 disputando
1009 2140 1043 2170 et
1061 2136 1276 2170 testimoniis
1295 2136 1526 2171 confirmasse
1548 2137 1680 2178 videar,

181 2208 254 2231 non
297 2201 385 2241 puto
430 2196 638 2240 singulatim
682 2195 880 2229 refellenda
925 2206 1020 2235 esse,
1072 2206 1151 2238 quae
1196 2195 1431 2236 Niebuhrius,
1479 2196 1678 2240 opinationi

182 2256 382 2299 indulgens,
422 2255 457 2289 in
491 2255 676 2289 volumine
708 2254 755 2287 III
788 2254 869 2287 hist.
903 2254 1007 2287 Rom.
1040 2265 1073 2297 p.
1100 2253 1169 2287 338
1195 2265 1271 2298 sqq.
1306 2255 1349 2288 de
1383 2265 1425 2288 ea
1456 2265 1494 2288 re
1527 2254 1678 2298 scripsit.

183 2313 301 2357 1834]

125 2371 153 2417 ¹)
180 2374 254 2407 Liv.
281 2374 340 2415 IX,
373 2373 417 2407 43
444 2373 684 2407 Hernicorum
710 2373 824 2406 tribus
851 2372 1005 2416 populis,
1045 2372 1176 2416 quibus
1202 2383 1276 2406 suae
1302 2372 1397 2416 leges
1423 2372 1567 2413 relictae,
1607 2383 1679 2405 non

183 2433 307 2467 civitas
334 2433 419 2467 data
450 2436 515 2474 est,
554 2433 767 2466 connubium
801 2434 892 2464 inter
925 2433 1030 2474 ipsos,
1069 2433 1163 2475 qnod
1194 2433 1419 2475 aliquamdiu
1451 2433 1518 2465 sola?
1548 2432 1681 2464 Herni-

183 2504 304 2526 corum
329 2493 529 2535 habuerint,
562 2493 782 2535 permissum
815 2489 948 2524 scribit.
1007 2490 1139 2524 Contra
1172 2491 1378 2533 Anaym'm’s
1411 2492 1540 2534 quique
1575 2502 1679 2523 arma

182 2553 356 2586 Romanis
384 2553 589 2594 intulerant,
629 2553 752 2584 eie-itas
785 2551 860 2583 sine
886 2550 1056 2592 sztffrayc'c'
1081 2550 1210 2583 latione
1236 2551 1333 2592 datar,
1372 2550 1523 2583 eoncilia
1549 2561 1681 2583 comm-

183 2612 308 2655 biaque
346 2612 522 2653 adempta,
561 2609 727 2643 videlicet
760 2620 840 2642 cuni
874 2608 1038 2642 Hernicis
1070 2608 1202 2642 liberis.
1252 2608 1388 2642 Eodem
1425 2608 1535 2651 igitur
1572 2608 1680 2641 niodo

183 2670 454 2714 interpretanda
479 2669 648 2703 videntur
673 2668 762 2701 Livii
789 2667 901 2701 verba
925 2667 1019 2708 VIII,
1047 2666 1090 2700 14
1117 2668 1161 2701 de
1187 2667 1340 2701 Latinis:
1378 2667 1510 2700 Ceteris
1536 2667 1682 2700 Latinis

176 2730 325 2772 populis
351 2728 526 2762 connubia
553 2729 828 2771 commerciaque
854 2732 884 2760 ez}
910 2728 1059 2760 eoncilia
1085 2729 1178 2760 inter
1209 2738 1243 2760 se
1270 2728 1488 2766 ademerunt,
1521 2728 1561 2759 ut
1587 2725 1681 2758 inter

183 2788 330 2821 Latinos
356 2787 451 2821 cives
477 2790 512 2821 et
537 2798 610 2820 non
642 2787 736 2820 cives
769 2786 992 2819 connubium
1023 2797 1096 2819 non
1128 2785 1247 2819 fuerit.
1298 2783 1566 2827 [Conferantur‚
1599 2795 1681 2827 quae

184 2847 227 2880 de
254 2846 434 2880 connubio
467 2849 501 2880 et
533 2845 749 2880 commercio
782 2845 874 2878 inter
905 2845 1117 2878 Macedones
1151 2844 1319 2878 subactos
1352 2847 1386 2878 et
1420 2843 1679 2887 quadrifariam

185 2905 316 2939 divisos
342 2905 484 2939 sublato
511 2908 704 2938 narrantur
731 2904 825 2947 apud
854 2903 995 2937 Livium
1022 2903 1125 2944 XLV,
1152 2901 1224 2945 ⁵29]

126 2960 157 3006 ²)
182 2964 221 2997 V.
248 2975 327 3008 pag.
354 2963 421 2996 234
448 2967 521 2997 not.

1694 487 1747 512 236
