1915 3235
200 1671 252 1697 340

1032 113 1115 154 276

276 241 413 293 qualis
447 241 513 291 sit,
547 242 633 282 iam
668 254 719 281 ex
752 241 890 282 Divin.
928 243 993 292 19,
1028 244 1079 283 61
1117 245 1206 284 fere
1238 242 1414 295 intelligi
1446 245 1601 295 potest,
1635 243 1711 284 ubi
1736 244 1870 284 edunt

274 324 389 352 nunc
421 324 590 353 omnes:
634 325 717 366 (390,
750 313 787 352 se?
818 314 1010 366 superior
1042 315 1185 355 ceteris
1219 313 1339 354 rebus
1371 327 1488 366 esses,
1521 313 1630 354 hanc
1662 327 1789 355 zailam
1822 313 1870 355 ob

275 396 446 423 cansam
494 387 530 423 te
578 387 859 424 accusatorem
896 384 1120 437 repudiari
1143 389 1343 438 putarem
1387 389 1594 438 oportcre;
1642 384 1719 425 sed
1750 385 1868 437 apud

275 453 546 506 Stephanum
594 455 636 493 et
682 453 725 493 in
766 454 858 495 cod.
898 455 1016 496 Leid.
1058 458 1100 496 et
1140 455 1278 496 Guelf.
1312 456 1338 496 2
1387 458 1453 497 est
1500 455 1689 497 omnibus
1735 455 1868 507 rebus,

274 524 391 577 quod
423 523 525 576 quin
556 536 707 564 verum
740 524 806 575 sit,
840 538 968 568 nemo
996 527 1243 568 admonitus
1270 526 1499 576 dubitabit,
1534 517 1607 579 qui
1639 526 1872 568 attenderit

273 595 329 636 ad
361 596 645 647 pervagatam
668 596 1036 646 consuetudinem,
1071 611 1168 650 qua,
1202 597 1276 638 ubi
1308 599 1386 639 toti
1418 610 1520 650 pars
1552 598 1612 639 ita
1634 598 1870 651 subiunga-

273 668 355 713 tur,
404 668 451 706 ut
484 678 580 706 eam
615 666 913 719 excipiendam
947 681 1039 710 esse
1072 681 1149 722 per
1181 682 1227 710 se
1260 671 1421 721 pateat,
1472 681 1523 710 ea
1556 669 1751 721 exceptio
1783 681 1869 710 non

273 736 535 790 significetur
577 737 725 779 addito
768 738 823 779 ad
866 739 921 789 id,
971 739 1086 792 quod
1129 745 1192 780 est
1233 744 1339 780 totns
1371 740 1460 781 sive
1494 753 1644 789 onmes,
1693 741 1768 781 aut
1814 739 1871 780 ad

273 808 516 849 universale
549 821 707 849 nomen
741 822 804 859 eo,
839 810 954 862 quod
987 813 1052 852 est
1082 811 1269 866 *reliquus
1290 811 1379 852 sive
1403 811 1538 860 ceteri,
1572 810 1869 851 librariorum-

273 892 356 932 que
401 880 515 920 hunc
559 879 775 920 defectum
820 881 1048 934 supplendi
1093 884 1147 932 et,
1197 882 1313 935 quod
1357 881 1466 923 falso
1512 881 1594 922 dici
1636 881 1867 932 videretur,

274 950 513 1003 corrigendi
562 950 753 991 studium
800 953 981 993 noverit.
1044 953 1139 994 Dixi
1184 954 1238 995 de
1283 966 1334 994 ea
1376 966 1422 994 re
1461 952 1504 993 in
1547 952 1793 993 Emendatt.
1826 952 1870 993 in

272 1021 358 1063 Cic.
392 1021 524 1062 libros
558 1021 800 1074 philosoph.
833 1036 874 1075 p.
912 1022 991 1064 197
1026 1026 1204 1076 propter
1236 1024 1377 1065 locum
1410 1024 1529 1065 Laelii
1563 1036 1598 1064 c.
1633 1023 1672 1074 2,
1715 1023 1753 1073 7,
1794 1023 1869 1064 ubi

273 1092 483 1134 eiusmodi
516 1092 818 1145 supplemento
841 1095 1022 1135 utuntur
1046 1095 1221 1145 librarii,
1256 1094 1517 1148 laudavique
1540 1096 1738 1135 auctores
1762 1094 1869 1135 Gro—

271 1176 369 1204 nOV.
403 1166 446 1204 et
477 1163 696 1204 Drakenb.
731 1163 786 1204 ad
818 1164 907 1204 Liv.
941 1165 1008 1215 ΙΙΙ,
1043 1165 1111 1216 25,
1144 1163 1233 1218 4.¹)
1295 1166 1385 1207 Iam
1420 1164 1558 1207 Guelt'.
1592 1165 1708 1218 prior
1739 1165 1870 1205 omni-

273 1234 346 1275 bus
370 1233 558 1284 retinuit,
592 1234 681 1283 sed,
716 1235 831 1287 quod
855 1234 1088 1277 deteriores
1111 1236 1441 1286 substituerunt,
1475 1235 1642 1277 addidit
1665 1233 1871 1288 (omnibus

272 1306 416 1346 ceteris
449 1303 599 1357 rebus).
662 1305 796 1347 Plane
829 1308 974 1347 autem
1008 1320 1105 1348 cum
1146 1307 1431 1349 deterioribus
1465 1307 1736 1349 consentiens
1769 1308 1812 1347 et
1843 1319 1870 1348 a

271 1375 471 1429 Zumptio
504 1375 714 1428 probatus
748 1376 927 1428 obstitit,
968 1379 1196 1431 quominus
1231 1381 1472 1420 ceterorum
1505 1378 1731 1419 meliorum
1765 1390 1868 1418 auc-

271 1448 445 1489 toritate
479 1447 824 1488 additamentum
857 1448 1079 1490 tolleretur
1111 1449 1514 1491 manifestissimum
1540 1462 1592 1490 ex
1615 1449 1801 1490 Divinat.
1826 1449 1868 1499 4,

275 1519 341 1568 15,
390 1518 464 1559 ubi
508 1531 636 1559 nemo
675 1531 762 1559 non
800 1519 968 1570 sentiet,
1017 1523 1115 1573 post
1147 1534 1211 1571 ea,
1261 1534 1357 1574 quae
1390 1521 1585 1573 proxime
1617 1520 1870 1573 praecedunt

272 1588 347 1643 (At
380 1590 489 1630 enim
522 1603 597 1629 cur
629 1603 656 1629 α
697 1602 767 1629 me
802 1591 1068 1643 potissimum
1112 1592 1186 1633 hoc
1219 1591 1531 1646 proesa'dium
1564 1589 1866 1645 petiverunff),

272 1663 540 1713 quantopere
572 1659 635 1701 vis
668 1660 895 1712 rhetorica,
944 1663 1086 1715 posita
1125 1663 1168 1704 in
1208 1666 1361 1717 arguta
1401 1661 1715 1704 contrariorum
1756 1661 1868 1702 rela-

270 1732 401 1781 tione,
442 1744 539 1784 quae
578 1732 674 1784 ipsa
706 1733 917 1774 brevitate
951 1733 1076 1775 feriat
1108 1747 1234 1776 aures
1269 1733 1487 1788 (petissent
1518 1746 1655 1786 necne,
1695 1746 1770 1773 cur
1794 1745 1868 1785 pe-

271 1800 443 1853 tissent),
492 1803 775 1844 imminuatur
812 1803 943 1845 trium
975 1806 1207 1846 verborum
1241 1807 1284 1847 in
1316 1807 1458 1859 priore
1490 1804 1688 1846 membro
1721 1803 1865 1845 adiec-

271 1873 387 1914 tione
421 1872 637 1927 (petissent
677 1888 703 1914 α
742 1888 805 1915 me
828 1876 1084 1928 pire-sidium
1118 1875 1271 1929 necne),
1321 1889 1417 1929 quae
1456 1875 1499 1915 in
1539 1874 1662 1916 codd.
1703 1874 1866 1927 Steph.,

269 1944 400 1994 Leid.,
436 1944 574 1986 Guelf.
609 1945 635 1986 2
676 1948 718 1987 et
756 1946 858 1987 edit.
892 1947 1044 1988 Lamb.
1078 1948 1347 1988 omittuntur.
1412 1945 1517 1999 (Cfr.
1551 1945 1752 1998 Append.
1784 1945 1867 1986 As-

269 2027 361 2056 con.
403 2029 444 2068 p.
479 2014 567 2068 32.)
642 2016 791 2069 Itaque
834 2017 940 2068 haec,
989 2031 1239 2071 quanquam
1285 2018 1407 2058 deest
1450 2016 1667 2058 Guelferb.
1714 2016 1867 2069 prioris

268 2087 516 2136 auctoritas,
550 2099 637 2128 non
669 2089 812 2129 minus
836 2088 934 2130 hinc
956 2089 1172 2139 tollentur,
1207 2102 1338 2142 quam
1363 2102 1414 2130 ea
1437 2088 1670 2129 accedente
1694 2087 1868 2128 sublata

268 2156 422 2198 similia
455 2160 555 2198 sunt
589 2157 632 2210 (a
665 2172 734 2200 me
767 2172 938 2212 quoque
971 2160 1179 2201 damnata
1210 2160 1412 2213 Append.
1445 2159 1602 2200 Ascon.
1636 2172 1678 2211 p.
1703 2156 1777 2210 33)
1811 2171 1865 2199 ex

267 2227 362 2268 Act.
397 2228 412 2267 Ι
446 2240 481 2268 c.
516 2228 555 2278 3,
592 2229 629 2278 7,
665 2242 699 2270 c.
736 2230 802 2280 15,
836 2230 905 2280 43,
941 2233 982 2272 et
1015 2244 1067 2272 ex
1099 2231 1171 2272 lib.
1204 2231 1221 2271 I
1254 2243 1288 2271 c.
1326 2231 1392 2280 12,
1427 2230 1496 2279 32,
1539 2242 1573 2271 ο.
1607 2230 1676 2280 34,
1718 2229 1770 2271 87
1806 2228 1867 2282 (in

268 2311 352 2349 quo
386 2300 579 2340 extremo
620 2300 712 2341 loco
752 2300 977 2353 Zumptius
1022 2302 1065 2343 in
1105 2301 1291 2355 append.
1336 2301 1513 2342 demum
1558 2299 1690 2341 deleri
1732 2300 1864 2351 iubet,

268 2371 519 2421 exspectato
568 2370 706 2411 Guelf.
743 2371 763 2410 1
815 2370 1063 2424 consensu),
1119 2385 1198 2413 nec
1243 2371 1579 2424 repugnabitur,
1635 2371 1864 2423 quominus

268 2439 432 2480 eisdem
467 2440 589 2481 codd.
624 2440 853 2483 obediatur
890 2443 933 2483 in
978 2443 1141 2496 aliquot
1183 2443 1449 2495 singularum
1494 2454 1649 2483 vocum
1694 2441 1864 2482 addita—

264 2510 422 2551 mentis
462 2511 675 2553 tollendis.
739 2513 895 2554 Notavi
934 2513 1151 2567 (Append.
1185 2513 1241 2555 ad
1273 2513 1432 2554 Ascon.
1466 2526 1507 2565 p.
1542 2511 1615 2565 32)
1649 2512 1789 2553 Divin.
1822 2512 1863 2562 4,

268 2581 334 2629 11,
376 2581 449 2621 ubi
483 2581 536 2622 de
570 2582 708 2624 Guelf.
742 2584 769 2623 2
801 2584 886 2625 vid.
921 2585 1091 2637 Zumpt.
1125 2584 1326 2637 append„
1377 2583 1464 2633 (lia,
1515 2586 1557 2624 et
1589 2583 1628 2633 5,
1680 2583 1733 2624 19
1763 2583 1862 2635 fuit,

304 2764 329 2810 ²)
357 2768 490 2802 Similis
529 2773 583 2803 est
621 2770 914 2814 frequentissima
950 2772 1095 2806 omissio
1128 2773 1217 2813 eius,
1256 2772 1353 2815 quod
1392 2776 1446 2805 est
1485 2773 1590 2813 alins,
1628 2782 1742 2815 quum
1781 2770 1863 2804 dici-

358 2831 417 2861 tur
449 2840 557 2871 (letzem
589 2830 702 2872 mimi,
740 2835 813 2863 tum
840 2831 882 2864 L.
916 2832 1071 2866 Crassus
1103 2835 1169 2875 (pr.
1197 2831 1337 2865 Cluent.
1364 2830 1420 2872 51,
1460 2830 1554 2872 140),
1593 2841 1703 2874 quum
1739 2831 1862 2871 multa,

358 2892 433 2920 tecm
459 2888 565 2920 etiam
590 2889 652 2921 hoc
684 2888 798 2928 (Verr.
827 2890 883 2930 IV,
917 2890 972 2927 66,
1000 2890 1093 2932 147),
1133 2902 1242 2934 (lemma
1277 2900 1378 2933 seque,
1419 2895 1493 2923 tecm
1525 2889 1738 2933 infinitaque
1772 2889 1862 2923 eius—

361 2946 469 2980 modi.
