1915 3235
831 114 914 156 707

77 243 120 282 et
152 241 371 294 augmenti
411 242 642 283 omissione
682 243 829 284 mendi
873 246 1125 296 arguuntur,
1173 246 1321 285 tamen
1363 245 1538 286 omnino
1581 245 1671 287 tolli

47 313 252 364 propter
283 312 542 353 sententiam
580 325 668 354 non
699 316 894 366 possunt.
958 313 1044 355 Sed
1082 315 1125 355 in
1162 315 1389 368 participio
1427 323 1670 366 κεραμευομέ-

75 398 154 424 ναις
191 381 418 434 perspicue
460 383 667 424 mendum
711 386 796 432 est3
843 397 984 437 neque
1027 384 1141 425 enim
1185 385 1337 439 cotylae
1378 388 1472 427 tum
1513 387 1669 439 ipsum,

75 452 179 493 dum
210 452 260 493 iis
292 452 464 494 feminae
497 454 580 495 illae
611 454 860 504 utebantur,
895 467 947 495 ex
979 455 1130 508 argilla
1150 455 1328 505 fiebant,
1362 457 1397 497 si
1418 457 1548 498 modo
1576 470 1670 499 om-

72 522 174 564 nino
207 523 448 576 argillaceae
480 523 667 565 fuerunt.
730 524 895 566 Deinde
939 525 1200 567 vocabulum
1238 526 1381 579 ipsum
1421 529 1670 577 ὑποπρεσβύτε-

73 609 134 642 ραι
165 593 225 634 sic
263 593 320 635 ab
362 593 654 647 Aristophane
691 595 841 636 fictum
881 598 947 637 est
978 609 1116 649 eaque
1147 597 1463 650 praepositionis
1494 599 1558 639 vis
1591 601 1668 650 est,

72 666 120 705 ut
152 677 202 705 eo
234 664 527 717 significentur
558 664 730 706 feminae
747 666 883 718 *paulo
906 668 1034 707 aetate
1055 667 1359 720 provectiores,
1393 682 1501 709 anus
1522 671 1669 710 autem

72 734 164 776 aliis
196 739 301 776 natu
331 735 512 776 maiores
543 742 651 783 γρᾶες
678 737 977 786 ὕποπρεσβύτεραι
1008 736 1091 778 dici
1122 740 1362 790 nequeant3
1400 739 1559 780 rustice
1590 739 1670 780 ali-

72 805 180 858 quis,
229 818 338 858 quas
380 808 681 855 ὕποπρεσβυτέρας
720 807 1035 860 Aristophanes
1078 807 1258 859 dixerat,
1306 816 1420 858 γραῐς
1456 810 1670 863 interpre-

70 878 186 918 tatus
235 878 312 918 est.
388 876 614 918 Postremo
663 879 705 918 et
757 878 926 919 numeri
981 880 1024 919 et
1077 878 1293 920 sententia
1344 879 1389 921 in
1442 880 1523 922 illis
1567 885 1671 929 ἔρωτι

69 948 282 996 βιαζόμεναι
335 947 577 989 continuari
630 949 746 988 recte
799 950 1003 1000 possunt3
1058 948 1131 990 illa
1185 950 1332 990 autem
1378 955 1532 1000 μέλανος
1568 957 1669 989 οῖνου

70 1018 243 1066 ἀκράτου,
286 1017 331 1059 in
363 1018 519 1071 quibus
550 1018 720 1059 numeri
753 1018 1058 1070 dissolvuntur,
1100 1019 1206 1060 nihil
1237 1020 1459 1061 continent
1489 1019 1571 1060 nisi
1602 1020 1667 1061 in—

68 1089 459 1140 terpretamentum
506 1089 774 1142 adscriptum
821 1089 878 1130 ad
923 1090 1058 1131 verba
1109 1096 1242 1127 Θασίου
1274 1094 1440 1139 μέλανος.
1516 1090 1668 1143 Itaque

69 1156 292 1212 (quoniam
334 1160 379 1200 in
419 1159 668 1201 huiusmodi
710 1160 962 1213 fragmentis
996 1162 1242 1213 anapaestos
1277 1161 1530 1202 continuare
1562 1161 1667 1202 scri-

68 1229 212 1271 bendo
244 1243 381 1282 usque
419 1231 476 1272 ad
517 1244 798 1272 numerorum
840 1231 1126 1272 mutationem
1168 1233 1335 1272 rectum
1377 1229 1565 1284 videtur)
1607 1230 1667 1272 sic

69 1299 299 1341 scribenda
334 1301 428 1342 haec
459 1301 680 1342 videntur:

111 1402 235 1436 ’Ἁλλαι
263 1403 300 1437 δ’
328 1402 627 1450 ὑποπρεσβύτεραι
657 1407 790 1438 Θασίου
815 1405 970 1450 μέλανος
994 1403 1123 1450 μεστὸν
1148 1408 1306 1450 κέραμον
1332 1407 1487 1449 θέμεναι
1505 1402 1668 1441 κοτύλαις

114 1460 291 1507 μεγάλαις
317 1463 340 1506 ’ξ-
366 1464 494 1508 ἔγχεον
518 1464 553 1501 ἐς
578 1467 748 1508 σφέτερον
775 1464 889 1509 δέμας
914 1462 1044 1497 οὐδένα
1071 1462 1217 1509 κόσμον,
1243 1465 1343 1509 ἔρωτι
1368 1462 1595 1508 βιαζόμεναι.

66 1558 150 1600 Pro
181 1559 390 1601 mendoso
424 1564 552 1608 ἔγχεον
576 1563 612 1601 ἐς
643 1560 878 1601 scriberem
910 1564 1072 1611 ἐνέχουν,
1106 1560 1142 1601 si
1174 1560 1314 1601 forma
1342 1561 1564 1601 contracta
1586 1571 1665 1612 pro

67 1633 206 1679 ἐνέχεον
232 1629 277 1670 in
307 1629 440 1671 verbo
474 1630 711 1683 composito
731 1631 837 1671 satis
860 1630 1166 1672 defenderetur
1195 1631 1447 1683 comparato
1478 1633 1667 1678 εἰσέφρουν

68 1700 185 1753 apud
231 1700 569 1742 Demosthenem
609 1700 718 1753 (XX,
759 1699 847 1753 53).
910 1702 1054 1750 Ἐγχεῖν
1096 1714 1194 1742 cum
1241 1700 1488 1742 accusativo
1535 1700 1663 1750 vasis⁷

67 1770 184 1823 quod
225 1770 446 1823 impletur,
492 1771 587 1824 (pro
625 1775 747 1820 ἐγχεῖν
777 1776 812 1813 ἔς
843 1770 891 1823 τι)
935 1774 977 1812 et
1019 1771 1243 1824 Sophoclis
1286 1774 1329 1812 et
1365 1769 1664 1823 Xenophontis

67 1842 324 1883 auctoritate
357 1841 615 1882 defenditur.

176 1969 227 2024 p)
260 1971 463 2012 Eiusdem
498 1983 549 2011 ex
575 1969 790 2023 Gerytade
815 1970 917 2024 (198
942 1971 1082 2021 Dind„
1116 1971 1244 2012 huius
1268 1970 1429 2012 fabulae
1457 1968 1512 2023 1),
1547 1970 1664 2023 apud

66 2041 347 2082 Athenaeum:

350 2143 413 2183 (Ως
439 2143 570 2190 σφόδρ’
595 2144 649 2178 ἐπὶ
674 2145 808 2178 λεπτῶν
833 2145 991 2180 ἐλπίδων
1017 2143 1153 2191 ὄχεῒσθ)
1178 2143 1249 2189 ἄρα
1264 2155 1272 2162 ·

351 2202 492 2242 τούτους
518 2202 601 2248 γάρ,
629 2202 673 2244 ἢν
698 2204 815 2249 πολλῷ
841 2204 1004 2248 ξυνέλθῃ,
1033 2201 1214 2247 ξυλλαβών

349 2261 366 2295 ὁ
393 2266 452 2303 τῆς
479 2262 668 2306 διαρῥοίας
693 2260 850 2308 ποταμός
876 2261 1060 2307 οἶχήσεται.

66 2358 271 2400 Mendum
304 2371 398 2399 esse
430 2359 473 2399 in
505 2363 621 2408 πολλῷ
647 2359 924 2411 perspicuum
948 2361 1024 2409 est,
1059 2358 1264 2411 quoniam
1286 2361 1403 2406 πολλῷ
1428 2362 1663 2405 ξυνέρχεσθαι

66 2429 214 2471 Graece
246 2429 328 2471 dici
359 2429 509 2482 nequit
539 2442 680 2482 neque
714 2429 1001 2482 compositum
1033 2428 1215 2469 verbum
1253 2433 1402 2478 ξυνελθῃ
1439 2430 1556 2470 recte
1582 2441 1660 2481 po-

64 2501 180 2541 nitur
212 2500 265 2542 de
297 2499 477 2541 flumine
510 2501 710 2552 surgente
744 2502 786 2540 et
817 2499 1019 2541 irruente.
1083 2499 1367 2540 Scribendum
1400 2499 1590 2540 videtur:

348 2601 489 2641 τούτους
517 2600 599 2647 γάρ,
628 2600 673 2643 ἤν
699 2600 785 2635 ποτ’
812 2600 912 2640 ὅξύς
937 2603 1034 2647 ἔλθῃ,
1061 2601 1245 2646 ξυλλαβών
1270 2615 1299 2635 κ.
1328 2615 1352 2636 τ.
1380 2602 1451 2645 Ast)

103 2801 131 2845 ¹)
158 2804 332 2848 Bergkius
363 2804 461 2848 apud
486 2803 636 2837 Meinek.
668 2804 762 2838 Com.
792 2804 855 2837 Gr.
882 2803 925 2844 II,
953 2802 1061 2837 1006:
1088 2801 1134 2843 ἢν
1158 2801 1290 2840 πολύς
1315 2802 1476 2846 ξυνέλθῃ.

1383 2863 1425 2895 F.
1456 2862 1496 2895 G.
1526 2861 1563 2894 S.

1309 2919 1374 2954 45*
