1915 3235
853 77 937 118 509

102 208 298 259 advenas,
331 207 415 247 uisi
437 205 602 259 publice
635 205 825 246 adscitos.
888 206 1096 246 Privatim
1128 207 1300 258 colunto,
1334 220 1432 260 quos
1454 208 1534 248 rite
1558 221 1584 248 α
1608 221 1688 261 pa-

100 278 232 319 tribus
264 276 419 329 [cultos
452 272 777 328 acceperint].¹)
841 276 1031 317 Delubra
1062 276 1249 317 habento.

219 347 344 398 Quod
375 346 419 386 in
451 346 668 387 codicibus
707 359 820 387 verae
860 347 1082 399 scripturae
1123 347 1364 400 proximum
1408 350 1484 397 est,
1532 349 1688 389 veteris

101 418 246 459 mendi
278 416 509 458 manifesta
541 417 822 467 conservatio,
856 417 899 457 id
931 417 1012 458 hoc
1044 417 1136 458 loco
1168 419 1348 469 uterque
1381 418 1515 459 habet
1540 419 1687 463 codex,

101 491 250 530 contra
287 487 445 528 libroI
485 500 520 527 c.
556 487 622 535 11,
672 487 724 527 31
775 488 890 528 solus
938 487 1221 537 Hauniensis3
1271 501 1400 540 quem
1447 489 1591 529 locum
1639 502 1688 530 eo

99 559 235 612 magis
283 570 586 605 commemoro,
636 557 751 609 quod
798 558 950 599 eadem
999 558 1088 599 eius
1126 559 1235 599 ratio
1275 561 1340 600 est
1378 561 1509 610 atque
1547 559 1687 606 huius,

100 642 227 682 quem
274 641 412 680 nuper
458 628 640 668 tractavi
687 629 817 681 atque
864 629 1065 669 lacunam
1112 629 1274 669 habere
1323 629 1504 670 ostendi.
1578 630 1687 670 Nam

99 713 231 752 quum
266 712 318 740 ex
355 699 548 740 omnium
597 698 792 739 codicum
841 699 1027 751 vestigiis
1075 699 1198 740 facile
1246 699 1519 752 intelligatur,
1569 700 1688 741 Cice-

103 783 251 811 ronem
284 782 371 810 non
403 768 446 809 id
479 769 713 821 scripsisse,
749 769 863 821 quod
895 782 1022 819 nunc,
1055 769 1308 822 planissima
1332 783 1435 810 sane
1461 771 1687 812 sententia.

100 840 258 881 editur:
298 840 460 880 levitate
499 840 607 880 cutm
640 844 676 879 ct
707 840 912 880 suavitate
945 839 1152 880 delectans
1183 841 1241 881 sic
1273 840 1324 880 ab
1357 854 1497 881 errore
1527 842 1687 892 mentis,

97 916 296 965 tanquam
328 910 515 951 salutare
547 909 722 964 aliquid,
757 909 995 960 adscice‘tur,
1028 912 1189 960 tamen,
1224 912 1339 964 quod
1378 924 1512 964 genus
1544 912 1688 952 mendi

98 982 243 1031 lateat,
277 994 387 1022 unus
422 981 691 1022 demonstrat
724 981 859 1022 codex
891 966 1166 1032 Hauniensis,
1201 982 1282 1023 hac
1317 982 1551 1035 scriptura:
1592 984 1688 1023 levi-

97 1053 195 1092 tatis
227 1057 283 1093 est
314 1053 423 1092 enim
456 1057 491 1092 et
522 1052 742 1092 suavitatis
776 1084 1095 1093 ........
1129 1052 1301 1105 (lacuna
1334 1055 1399 1093 est
1430 1053 1559 1094 trium
1593 1067 1688 1094 ver-

98 1122 269 1174 borum)
303 1122 510 1163 delectans
542 1124 600 1163 stc
632 1125 711 1163 cet.
768 1121 999 1171 Genitivos,
1034 1123 1104 1175 qui
1138 1123 1389 1175 pendebant
1412 1137 1437 1164 a
1463 1125 1687 1173 vocabulo,

98 1193 212 1246 quod
246 1193 414 1241 excidit,
449 1193 578 1234 ceteri
612 1193 742 1234 etiam
783 1192 950 1234 codices
991 1196 1238 1242 servarunt,
1287 1194 1452 1235 lacunae
1485 1195 1685 1236 indicium

98 1264 376 1305 sustulerunt.
454 1264 631 1305 Frustra
677 1264 816 1316 igitur,
866 1276 999 1315 quum
1047 1277 1148 1316 pars
1196 1265 1421 1305 sententiae
1470 1265 1687 1314 exciderit,

97 1334 280 1376 editores
329 1347 380 1375 ex
427 1335 496 1384 iis,
546 1347 642 1387 quae
689 1337 942 1387 supersunt,
992 1335 1143 1388 integri
1191 1335 1353 1388 aliquid
1401 1335 1570 1376 efficere
1618 1349 1688 1377 co-

96 1407 268 1446 nantur.

214 1475 298 1516 Sed
345 1475 439 1516 haec
485 1475 527 1516 in
575 1476 677 1517 locis
724 1475 894 1516 defectu
942 1475 1255 1517 laborantibus.
1318 1476 1564 1529 Adiungam
1605 1476 1689 1518 alia

97 1546 294 1598 exempla
327 1559 379 1587 ex
412 1546 581 1588 diversa
614 1546 838 1599 scriptura.
890 1546 1043 1587 Libr.I
1076 1559 1110 1587 c.
1145 1547 1210 1596 13,
1245 1547 1299 1588 36
1334 1547 1493 1588 editur:
1538 1547 1686 1588 Verum

88 1616 431 1670 philosophorum
472 1631 597 1670 more,
645 1632 727 1657 ‘non
768 1622 949 1657 veterum
991 1617 1157 1671 qzu‘dem
1200 1618 1382 1671 illorum,
1430 1618 1502 1659 scd
1534 1632 1687 1670 eorum,

96 1687 168 1741 qui
199 1688 320 1741 quusi
357 1687 552 1741 officinas
588 1689 878 1729 instruoeeruut
916 1689 1147 1742 sapientise,
1195 1688 1421 1743 quae‘fuse
1464 1689 1561 1729 clim
1605 1689 1688 1729 dis-

95 1758 353 1811 putabantur
385 1773 434 1799 αθ
465 1759 603 1811 libere,
654 1772 701 1799 ea
743 1773 852 1800 uuuc
885 1760 1144 1800 articulatim
1176 1759 1444 1813 distincteque
1476 1759 1687 1800 dicuntur.

96 1828 243 1870 Cicero
277 1829 357 1878 hic,
408 1832 455 1870 ut
487 1830 602 1880 alibi,
653 1843 749 1870 cum
793 1832 987 1870 veterum
1027 1830 1396 1882 philosophorum,
1444 1830 1487 1870 id
1521 1833 1596 1880 est,
1647 1833 1687 1871 et

96 1899 365 1952 superiorum
399 1903 441 1941 et
472 1900 662 1942 Platonis
696 1900 883 1941 maxime
927 1903 969 1941 et
1012 1900 1084 1953 qui
1128 1901 1238 1941 circa
1279 1901 1398 1941 illum
1433 1904 1567 1950 erant,
1617 1914 1687 1942 ra-

100 1970 216 2011 tione
249 1974 474 2023 comparat
507 1984 668 2020 eorum,
703 1971 775 2024 qui
797 1974 948 2023 postea
970 1971 1012 2012 in
1035 1972 1190 2012 scholis
1213 1985 1566 2024 unumquemque
1591 1972 1688 2013 doc-

95 2040 218 2082 trinae
251 2041 392 2082 locum
424 2042 768 2095 argumentando
801 2042 1127 2094 rationibusque
1161 2042 1464 2083 concludendis
1499 2056 1687 2095 expone-

95 2110 214 2162 bant,
248 2112 377 2164 idque
409 2113 469 2153 ita
502 2113 616 2162 facit,
650 2115 710 2162 ut,
745 2125 993 2165 quanquam
1028 2114 1105 2154 hos
1139 2113 1228 2154 fere
1253 2113 1366 2154 solos
1392 2114 1435 2153 in
1460 2113 1687 2154 scribendo

96 2195 195 2223 vere
227 2183 491 2235 sequebatur
523 2186 565 2225 et
597 2184 717 2236 sequi
751 2183 996 2236 cogebatur,
1039 2184 1153 2236 quod
1186 2184 1350 2224 flumini
1382 2184 1440 2224 illi
1472 2183 1687 2236 profundo

94 2252 327 2295 Platonicae
367 2254 658 2295 meditationis
698 2256 773 2295 aut
811 2254 1070 2295 Aristoteliae
1119 2254 1316 2307 exiguam
1365 2257 1406 2295 et
1453 2254 1685 2295 invalidam

96 2324 297 2377 cymbam
345 2325 612 2366 committere
659 2337 746 2366 non
793 2324 1003 2375 audebat,
1052 2324 1144 2366 illos
1191 2327 1357 2374 tamen,
1406 2327 1455 2365 ut
1501 2338 1685 2378 semper.

97 2394 230 2436 verbo
267 2397 393 2436 tenus
435 2396 639 2448 praeferat
679 2397 721 2436 et
761 2395 950 2445 extollat,
999 2396 1209 2437 hactenus
1249 2396 1422 2448 quidem
1462 2397 1593 2436 etiam
1635 2409 1686 2436 ex

97 2464 227 2506 animi
259 2467 485 2516 sententia,
520 2467 635 2519 quod
668 2468 709 2507 et
741 2465 925 2507 obscura
959 2466 1147 2518 quadam
1181 2466 1463 2519 cogitatorum
1497 2466 1685 2507 admira-

132 2650 162 2694 ¹)
186 2654 263 2687 Hoc
289 2657 353 2695 est,
392 2654 428 2688 in
461 2653 591 2697 quibus
625 2653 782 2687 colendis
815 2653 883 2697 ipsi
916 2656 1036 2696 patres
1071 2653 1138 2697 legi
1170 2653 1366 2697 paruerint,
1406 2657 1445 2688 ut
1479 2657 1533 2688 est
1566 2654 1601 2687 in
1628 2665 1685 2688 ex-

188 2712 381 2756 plicatione
407 2712 504 2756 legis.
556 2712 763 2756 Seiungitur
795 2723 816 2745 a
841 2715 1007 2755 separato
1040 2712 1140 2746 cultu
1172 2713 1333 2756 privatus
1365 2712 1586 2746 familiarum
1613 2712 1684 2746 cul-

189 2774 247 2805 tus
279 2783 300 2805 a
332 2771 529 2805 maioribus
561 2774 739 2815 acceptus
802 2771 842 2804 In
880 2771 1133 2815 supplemento
1172 2771 1261 2805 nihil
1298 2774 1428 2815 praeter
1466 2771 1684 2804 sententiam

189 2833 330 2873 praesto.

1711 1771 1759 1795 137
