1915 3235
965 85 1022 126 50

317 215 413 256 Non
451 214 713 267 singulorum
753 213 938 266 denique
977 214 1229 263 verborum,
1279 215 1355 256 sed
1394 215 1523 257 totius
1562 218 1789 259 sententiae

146 302 179 326 ιε3
199 286 312 327 male
352 286 574 326 disiunctae
614 284 859 337 exemplum
901 287 965 325 est
1012 284 1130 337 apud
1170 285 1417 327 Iuvenalem
1463 286 1507 327 in
1546 289 1626 328 sat.
1660 288 1715 329 VI
1747 301 1787 330 V.

142 2212 175 2236 64

199 356 284 397 535
316 370 408 409 sqq.
457 356 638 396 Versum
670 355 783 396 enim
817 354 900 395 538
935 354 1009 407 (Et
1039 356 1210 396 movisse
1242 361 1366 410 caput
1397 358 1488 398 visa
1512 362 1569 399 est
1592 364 1791 413 arqentea

198 425 381 481 serpens)
415 425 706 479 superioribus
740 425 1063 478 adiungendum
1097 439 1204 476 esse,
1238 429 1286 468 ut
1318 441 1367 469 eo
1393 428 1664 470 contineatur
1687 442 1789 482 por—

197 497 304 538 tenti
337 496 537 549 expiandi
569 495 812 548 descriptiO,
845 509 944 546 non,
988 498 1037 537 ut
1068 497 1196 550 vulgo
1227 498 1480 552 intelligunt,
1522 499 1591 540 dei
1629 499 1789 552 placati

198 567 380 620 signum,
420 569 541 620 patet
582 580 715 619 quum
759 579 811 607 ex
852 567 1064 620 particula
1107 573 1161 618 et,
1201 570 1295 610 tum
1338 582 1389 610 ex
1430 570 1551 611 verbi
1593 572 1790 624 tempore

198 637 305 689 (visa
337 636 422 689 est),
457 640 549 678 tum
581 651 633 678 ex
665 650 728 687 eo,
769 637 885 690 quod
916 640 1015 690 post
1046 638 1118 679 illa
1151 637 1207 692 (v.
1240 639 1343 693 535)
1378 639 1409 681 Ι
1411 641 1462 682 lle
1484 642 1591 695 petit
1624 642 1790 682 veniam

197 709 333 749 altera
365 721 536 760 quoque
568 708 794 758 sententia,
830 722 915 761 qua
942 722 1121 761 precum
1154 710 1257 752 deos
1281 711 1546 753 flectentium
1570 712 1633 752 vis
1658 711 1788 765 signi-

196 779 361 829 ficatur,
411 779 466 819 ab
515 779 666 820 eodem
714 780 967 832 pronomine
1014 780 1202 833 incipere
1250 782 1380 823 debet
1427 781 1483 835 (v.
1508 782 1613 823 539:
1663 782 1791 823 Illius

197 851 384 890 laer-imre
415 849 695 905 meditataque
722 865 945 891 ‘murmura
970 850 1082 903 cet.).
1132 851 1218 892 Sed
1249 865 1384 905 prope
1417 853 1669 894 devenimus
1701 853 1789 894 iam

196 921 252 961 ad
284 933 348 971 ea,
398 933 493 973 quae
533 921 689 962 criticae
727 922 902 974 propria
942 922 1093 963 haberi
1133 923 1272 964 solent
1309 923 1353 964 in
1391 926 1587 965 veterum
1619 924 1788 977 scriptis

195 992 445 1036 tractandis,
480 1005 624 1047 quum·
645 993 701 1033 ab
734 993 854 1034 initio
876 993 919 1033 in
942 993 1173 1034 enarrandi
1196 1007 1340 1047 opera,
1375 1007 1471 1047 quae
1493 995 1629 1036 multo
1652 995 1789 1048 magis

195 1063 237 1104 in
276 1063 342 1104 his
381 1063 522 1104 satiris
568 1064 808 1105 exercenda
848 1067 924 1114 est,
972 1078 1050 1106 nos
1089 1068 1336 1107 versaturos
1376 1065 1623 1107 dixerimus.
1687 1065 1788 1116 Nec,

196 1133 312 1186 quod
353 1133 522 1175 efficere
560 1134 827 1185 volebamus,
876 1135 1004 1188 plane
1052 1137 1391 1188 praetermissum
1439 1136 1574 1177 ullum
1621 1136 1791 1177 videtur

195 1204 462 1257 praecipuum
500 1218 645 1246 eorum
681 1218 875 1247 errorum
907 1220 1055 1259 genus,
1090 1220 1197 1259 quos
1229 1207 1273 1247 in
1304 1207 1446 1248 verbis
1479 1207 1790 1260 sententiisque

195 1278 336 1327 poetae
369 1276 621 1317 enarrandis
655 1277 863 1318 committi
896 1278 1033 1319 solere
1067 1278 1466 1320 animadvertimus.

808 1708 1179 1770 Epimetrum

329 1808 389 1847 de
423 1806 589 1848 Horatii
624 1808 777 1849 satirae
811 1808 1035 1849 secundae
1069 1807 1163 1848 libri
1199 1809 1329 1859 primi
1362 1820 1495 1849 versu
1529 1807 1656 1861 25²)

314 1982 457 2033 Quum
498 1983 553 2024 ad
594 1996 657 2033 ea,
700 1997 796 2036 quaa
830 1983 882 2024 de
920 1984 1133 2024 Iuvenalis
1174 1984 1338 2036 aliquot
1376 1984 1477 2025 locis
1517 1986 1790 2038 scripseram,

194 2067 318 2095 novae
357 2054 554 2095 editionis
598 2068 728 2095 causa
767 2055 998 2107 relegenda
1038 2055 1313 2107 aggrederer,
1362 2068 1511 2097 recens
1552 2069 1577 2097 a
1617 2057 1791 2109 publica

195 2124 364 2166 Horatii
396 2124 626 2166 satirarum
661 2126 946 2175 enarratione,
981 2125 1250 2175 occurrebat,
1285 2125 1340 2166 ad
1373 2139 1437 2176 ea,
1472 2140 1570 2179 quae
1603 2127 1656 2168 de
1688 2141 1789 2180 pra-

195 2195 327 2236 vitate
360 2195 551 2248 quadam
583 2196 780 2248 obliquas
813 2196 1146 2248 significationes
1180 2199 1329 2238 contra
1357 2198 1575 2250 scriptoris
1600 2200 1790 2239 mentem

197 2278 219 2306 e
259 2266 401 2307 verbis
441 2266 707 2319 exprimendi
748 2267 941 2308 dixeram
982 2267 1171 2308 maxime
1217 2268 1273 2308 ad
1313 2268 1458 2309 Iuven.
1497 2270 1578 2309 sat.
1612 2269 1628 2309 Ι
1660 2282 1700 2310 v.
1734 2268 1787 2310 51

196 2349 303 2389 sqq.,
344 2336 470 2377 simili
504 2337 700 2389 exemplo
734 2337 997 2379 declaranda
1029 2338 1134 2379 nihil
1167 2338 1308 2390 aptius
1343 2351 1437 2380 esse
1475 2352 1615 2391 posse,
1658 2352 1791 2392 quam

196 2407 230 2447 si
258 2410 459 2448 accurate
484 2408 789 2460 explanaretur
811 2409 981 2450 Horatii
1004 2409 1136 2458 locus,
1172 2409 1244 2460 qui
1267 2411 1333 2450 est
1354 2409 1397 2449 in
1419 2409 1562 2450 satirae
1588 2411 1790 2451 secundae

195 2490 235 2518 V.
261 2478 329 2527 25,
363 2478 406 2518 in
439 2491 523 2530 quo
556 2478 599 2519 in
632 2479 783 2519 eodem
816 2493 992 2531 prorsus
1025 2492 1181 2532 genere
1214 2492 1240 2520 a
1271 2479 1417 2520 multis
1451 2484 1667 2522 erraretur
1690 2481 1790 2522 inde

197 2548 252 2588 ab
300 2548 555 2589 scholiastis.
625 2550 733 2590 Eam
776 2550 1113 2602 disputationem
1162 2563 1212 2591 eo
1259 2550 1396 2603 magis
1445 2564 1497 2591 ex
1544 2552 1791 2593 scholarum

197 2620 515 2660 commentariis
550 2623 797 2672 excerptam
829 2621 897 2661 hic
930 2621 1120 2662 inserere
1152 2621 1292 2662 visum
1325 2624 1402 2670 est,
1444 2624 1487 2662 et
1519 2623 1635 2674 quod
1666 2635 1788 2675 mag-

196 2702 356 2742 nopere
388 2691 504 2731 illam
538 2691 795 2742 pravitatem
829 2692 1129 2744 expellendam
1162 2692 1361 2741 arbitror,
1395 2705 1421 2733 a
1453 2706 1539 2745 qua
1571 2693 1695 2734 multi
1718 2693 1789 2734 vix

197 2761 359 2801 audent
391 2760 623 2810 discedere,
672 2774 727 2801 ne
765 2761 906 2802 minus
948 2775 1079 2814 quam
1120 2762 1249 2804 ceteri
1288 2776 1442 2815 sapere
1480 2764 1708 2805 videantur
1747 2766 1787 2805 et

234 2910 261 2955 ¹)
288 2913 366 2946 Non
393 2916 499 2946 antea
526 2913 674 2947 editum.
