1915 3235
844 93 926 134 471

91 223 245 274 videro,
279 223 332 265 al.
345 219 378 275 1)
440 223 528 264 Nec
560 224 631 276 qui
664 222 720 264 ad
764 223 947 264 comicos
988 223 1175 264 maxime
1208 222 1543 276 disputationem
1577 235 1677 264 con-

91 294 200 343 tulit,
241 293 560 334 Lindemannus
600 293 674 346 (ad
711 293 852 334 Plaut.
887 293 1009 346 Capt.
1043 293 1091 342 ΙΙ,
1126 293 1165 343 2,
1200 291 1287 346 60),
1329 307 1456 346 quan]
1491 294 1578 334 late
1609 307 1677 335 res

90 366 272 417 pateret,
319 364 539 416 perspexit
585 364 937 417 exemplorumve
985 377 1143 417 genera
1183 367 1225 405 et
1263 364 1573 417 proprietatem
1614 364 1678 405 di-

92 430 298 487 stinxit.2)
354 434 582 475 Derivatur
613 437 760 475 autem
793 434 932 476 omnis
963 435 1032 475 hic
1063 448 1167 476 usus
1200 448 1253 475 ex
1286 448 1336 476 ea
1369 434 1678 487 significatione

90 506 301 547 ulterioris
332 506 538 558 temporis
570 506 790 555 momenti,
825 518 955 558 quam
987 506 1129 546 inesse
1159 506 1203 546 in
1232 505 1376 547 futuro
1400 507 1551 547 exacto
1584 506 1677 546 dix-

91 577 222 625 imus;
256 575 466 617 eiusmodi
498 575 611 616 enim
643 575 852 617 momenti
885 576 1086 629 cogitatio
1117 589 1204 617 non
1228 589 1314 617 uno
1338 575 1467 617 modo
1493 576 1678 617 latenter

93 646 285 688 animum
317 646 446 687 subit.

206 717 236 758 I.
298 717 491 758 Primum
524 715 663 768 igitur,
698 729 830 768 quum
863 716 989 769 vulgo
1022 717 1166 758 futuro
1192 720 1343 759 exacto
1367 718 1678 771 significaretur

91 788 268 828 effectus
314 787 356 828 in
404 800 469 835 re,
518 800 614 839 quae
662 790 1047 836 commemoratur,
1096 788 1223 829 simul
1269 788 1478 838 inclusus,
1528 790 1678 830 comici

89 859 263 900 omnino
294 859 338 899 in
370 859 526 899 eventu
558 858 754 898 fructuve
792 857 854 899 rei
887 856 1032 910 (etiam
1069 858 1363 912 consequenti)
1402 859 1677 912 praedicendo

88 929 159 970 illa
200 929 339 970 forma
377 929 497 970 verbi
536 931 727 979 utuntur,
777 928 893 981 quod
937 928 982 969 in
1028 929 1145 970 omni
1191 930 1437 972 huiusmodi
1483 931 1676 972 oratione

89 999 185 1040 finis
218 1000 396 1041 actionis
428 1000 488 1041 sic
519 1000 758 1053 respicitur,
806 1002 855 1040 ut
897 1000 1008 1040 actio
1040 1000 1084 1040 in
1116 1000 1260 1042 futuro
1292 1001 1511 1054 praeterita
1543 1002 1677 1042 menti

89 1069 356 1111 obversetur.
428 1071 497 1112 Sic
540 1071 719 1112 Plautus
764 1070 1017 1112 Menaechm.
1051 1071 1099 1121 II,
1146 1072 1182 1120 1,
1226 1072 1301 1113 45:
1351 1072 1407 1112 Id
1443 1077 1676 1127 utrumque,

91 1145 309 1194 amentum
341 1141 507 1196 quando
539 1142 704 1194 habebo,
739 1155 897 1193 cavero,
940 1155 990 1181 ne
1032 1146 1075 1181 tu
1108 1142 1328 1197 delinquas
1358 1157 1456 1184 nere
1489 1157 1557 1198 eqo
1589 1145 1677 1184 irc(-

124 1326 152 1371 ¹)
179 1329 248 1364 Cfr.
278 1329 482 1364 Matthiaeus
507 1330 529 1364 l.
557 1341 585 1364 e.
612 1342 645 1374 p.
672 1329 728 1372 25,
761 1330 951 1374 Zumptius
978 1329 998 1372 ἓ
1020 1329 1099 1371 511,
1133 1330 1386 1365 Grotefendius
1413 1331 1675 1375 Schulgramm.

179 1399 214 1431 p.
242 1387 320 1430 142,
353 1389 506 1423 Kritzius
532 1390 576 1423 ad
604 1390 688 1424 Sall.
715 1390 788 1434 lug.
817 1389 896 1430 106,
927 1389 960 1423 4.
1011 1389 1275 1424 Ramshornius
1302 1388 1349 1434 (p.
1377 1389 1457 1432 602)
1485 1390 1595 1424 etiam
1622 1402 1677 1425 ur—

179 1447 380 1481 banitatem
415 1448 532 1482 inesse
564 1449 652 1489 vult,
692 1449 816 1483 omnia
848 1448 1010 1493 alioquin
1044 1448 1275 1492 permiscens.
1335 1448 1476 1491 [Melius
1510 1450 1678 1493 quaedam

181 1506 308 1540 ceteris
334 1506 648 1542 Weissenbornius
675 1518 770 1542 anno
798 1507 889 1541 1838
917 1507 1083 1552 exposuit
1109 1507 1145 1540 in
1173 1507 1331 1542 Gramm.
1358 1508 1435 1542 Lat.
1462 1507 1483 1550 §
1509 1508 1574 1541 171
1604 1513 1676 1543 not.

179 1564 298 1608 1842]

122 1622 151 1667 ²)
177 1624 457 1669 Quadruplicem
484 1626 587 1669 ponit
612 1626 724 1660 futuri
752 1626 867 1660 exacti
894 1637 1011 1667 usum,
1039 1626 1199 1669 primum
1225 1626 1527 1670 vulgatissimum,
1554 1638 1678 1661 secun-

179 1684 277 1726 dum,
306 1685 342 1718 in
369 1695 440 1728 quo
467 1684 646 1718 actionem
672 1684 834 1719 futuram
861 1688 1158 1719 momentaneam
1184 1684 1376 1729 significet;
1410 1685 1446 1719 in
1479 1697 1521 1719 eo
1547 1697 1678 1730 genere

171 1748 322 1786 potuero
349 1747 518 1777 numerat
543 1741 607 1787 pro
627 1749 764 1787 potero,
792 1744 835 1778 de
862 1755 933 1787 quo
960 1755 1069 1787 supra
1088 1744 1171 1785 dixi,
1199 1748 1234 1778 et
1254 1746 1387 1782 ve'der0;
1415 1745 1563 1778 tertium
1582 1745 1677 1786 facit,

176 1802 215 1835 in
241 1813 312 1845 quo
339 1802 531 1836 celeritatis
557 1802 731 1837 indicium
757 1803 819 1844 sit;
859 1806 1042 1847 quartum,
1078 1814 1186 1846 quem
1221 1803 1276 1836 his
1303 1803 1421 1836 verbis
1448 1803 1523 1847 ipse
1550 1804 1678 1837 descri-

177 1861 246 1895 bit:
278 1861 417 1902 „Habet
442 1861 608 1895 futurum
634 1866 802 1897 exactum
829 1862 986 1906 aliquam
1015 1861 1219 1895 communis
1246 1861 1425 1905 opinionis
1451 1865 1514 1895 aut
1535 1873 1678 1906 exspec-

177 1920 324 1954 tationis
351 1920 660 1964 significationem,
700 1933 825 1965 quum,
865 1922 953 1955 dum
980 1920 1115 1964 aliquid
1141 1920 1180 1954 fit
1206 1920 1281 1954 sive
1307 1920 1452 1964 geritur,
1491 1920 1587 1954 aliud
1616 1921 1677 1955 diu

177 1982 261 2014 ante
285 1979 363 2013 fieri
391 1979 557 2014 debuisse
584 1980 628 2014 de
655 1980 841 2014 communi
867 1979 1047 2014 sententia
1081 1982 1330 2023 exspectatum
1366 1990 1443 2013 esse
1476 1979 1677 2023 significare

175 2038 356 2079 volumus,
395 2039 492 2072 unde
530 2042 655 2082 postea
693 2039 901 2073 universam
939 2038 1049 2073 traxit
1080 2038 1259 2082 opinionis
1292 2041 1327 2072 et
1360 2038 1583 2081 cogitationis
1616 2049 1677 2073 no-

177 2088 326 2135 tionem.
366 2108 447 2141 quae
478 2097 567 2131 alias
600 2098 664 2131 soli
697 2098 927 2132 coniunctivo
960 2097 1122 2131 inhaeret.
1173 2097 1291 2131 Veluti
1324 2096 1412 2131 illud
1448 2100 1501 2131 est
1536 2097 1605 2132 Cic.
1633 2098 1677 2132 de

178 2155 254 2190 Fin.
282 2156 308 2196 I,
335 2155 396 2190 20:
423 2158 563 2190 Etenim
591 2159 624 2191 si
648 2158 734 2200 loca,
761 2159 794 2191 si
816 2159 908 2200 fana
934 2160 1000 2191 cet.
1030 2177 1071 2180 —
1099 2158 1273 2190 adamare
1299 2157 1460 2199 solemus,
1487 2162 1619 2201 quanto
1639 2158 1678 2191 id

178 2216 217 2248 in
250 2216 431 2249 hominum
464 2218 715 2250 consuetudine
745 2217 893 2259 facilius
928 2217 1008 2258 fieri
1038 2218 1198 2259 potuerit
1235 2221 1265 2249 et
1302 2217 1462 2249 iustius?
1503 2217 1575 2249 Wie.
1612 2217 1679 2249 viel

179 2274 321 2307 leiehter
346 2276 437 2308 u’ird
463 2277 529 2309 das
554 2276 665 2309 haben
698 2280 784 2309 statt
813 2277 933 2318 finden
964 2276 1129 2309 konnen?
1164 2274 1231 2315 vel,
1270 2277 1309 2308 ut
1342 2278 1438 2308 recte
1471 2274 1677 2309 Goerenzius

175 2332 301 2367 vertit:
341 2335 403 2367 wie
436 2335 501 2367 viel
526 2335 668 2368 leiehter
695 2336 785 2368 reio-d
810 2336 886 2378 das,
921 2335 1018 2368 sollte
1043 2345 1128 2368 man
1155 2335 1302 2376 mainan,
1340 2338 1427 2367 statt
1449 2335 1568 2376 finden
1593 2335 1676 2368 ,lco'n-

175 2390 286 2426 nen?“
339 2392 433 2426 Nihil
471 2404 555 2427 vero
594 2404 659 2427 nec
698 2393 755 2426 hie
793 2404 859 2426 nec
897 2404 1052 2436 usquam
1091 2392 1368 2436 exspectationis
1400 2403 1466 2426 nec
1498 2392 1676 2437 opinionis

174 2451 348 2495 temporis
385 2452 503 2486 forma
541 2452 773 2496 significatur,
812 2452 874 2485 sed
912 2451 990 2495 ipsa
1028 2451 1319 2495 interrogatione,
1359 2451 1595 2495 manebitque
1635 2462 1677 2485 ea

174 2509 386 2554 significatio
413 2522 485 2545 non
512 2511 644 2554 minus,
683 2511 712 2544 si
745 2511 788 2544 de
820 2510 1002 2554 praeterito
1037 2513 1218 2554 quaeretur
1251 2513 1314 2544 aut
1347 2510 1389 2544 de
1422 2510 1555 2544 futuro.
1605 2510 1677 2544 Nec

175 2579 217 2603 ea
242 2569 432 2610 sententia,
472 2581 582 2614 quam
617 2569 890 2604 Lindemannus
923 2569 1108 2613 expressit,
1148 2569 1253 2603 valde
1285 2569 1346 2603 illa
1381 2569 1522 2603 diversa
1554 2580 1573 2603 a
1601 2569 1677 2602 Goe-

174 2627 341 2662 renziana
368 2627 528 2673 (propter
554 2629 706 2664 verbum
739 2627 878 2669 haben),
918 2631 980 2662 aut
1012 2628 1057 2662 ad
1089 2628 1209 2662 locum
1242 2631 1327 2672 apta
1363 2631 1427 2669 est,
1465 2628 1502 2661 in
1535 2639 1606 2672 quo
1633 2628 1676 2662 de

176 2697 229 2727 eo,
269 2687 365 2730 quod
391 2687 464 2729 fiat,
504 2688 631 2732 agitur,
671 2690 733 2721 aut
759 2687 804 2720 ad
831 2687 987 2721 formam
1013 2687 1114 2721 verbi
1123 2701 1130 2729 ;
1168 2698 1256 2721 nam
1283 2686 1492 2730 simpliciter
1519 2687 1562 2720 de
1588 2697 1676 2730 pree

173 2744 279 2779 terito
307 2756 471 2789 quaerens
498 2746 620 2781 Cicero
640 2748 761 2790 potuit
787 2745 945 2780 dixisset.
998 2746 1175 2790 Equidem
1208 2757 1275 2781 nec
1307 2746 1472 2780 futurum
1507 2748 1676 2779 exactum

174 2803 235 2837 illo
261 2803 340 2838 loco
366 2805 524 2848 positum
552 2806 597 2839 ad
623 2804 804 2839 Ciceronis
830 2815 938 2838 usum
970 2805 1044 2839 ullo
1078 2805 1186 2839 modo
1220 2805 1494 2839 accommodare
1527 2815 1673 2848 possum

174 2872 240 2896 nec
277 2863 506 2897 coniunctivo
545 2863 746 2897 dubitativo
784 2863 905 2897 locum
942 2863 979 2897 in
1019 2864 1086 2898 hac
1132 2863 1347 2898 affirmantis
1395 2863 1675 2907 interrogatione

175 2931 253 2955 esse
278 2925 378 2965 puto.

1697 447 1730 472 89
