1915 3235
832 145 914 186 627

198 276 260 317 De
304 275 468 317 CATONE
512 275 616 315 satis
659 274 820 315 dictum
864 276 941 315 est.
1004 274 1050 314 In
1083 274 1215 315 LAELio
1256 274 1361 314 nihil
1401 273 1534 314 habui
1574 275 1674 315 novi

81 346 274 395 subsidii,
323 346 468 398 itaque
511 345 652 385 minus
695 357 811 397 saepe
853 344 911 385 ibi
954 357 980 385 a
1011 344 1163 385 Klotzii
1206 344 1392 385 editione
1437 344 1673 385 discessum

82 419 148 458 est
194 416 254 469 (in
293 429 379 469 qua
417 415 737 456 incommodum
780 417 857 465 est,
907 415 1023 468 quod
1061 415 1213 468 optimi
1253 415 1424 463 codicis,
1475 415 1672 463 Gudiani,

81 487 338 540 scripturam
371 499 457 526 non
489 486 702 538 integram
737 484 1065 538 cognoscimus),
1107 488 1150 526 et
1181 487 1330 526 tamen
1363 498 1493 538 quum
1529 486 1673 526 omnia

82 558 139 598 ad
171 557 351 606 codices,
386 556 440 596 de
473 569 656 608 quorum
689 555 903 608 scriptura
936 556 1179 605 constabat,
1222 556 1275 597 de
1308 557 1472 608 integro
1507 558 1672 604 exacta,

84 627 210 668 etiam
260 627 440 667 minima
487 625 623 679 (velut
661 624 684 677 ξ
722 627 750 667 4
796 626 1028 667 diutissime
1075 640 1198 667 senece
1243 628 1458 667 retentum
1507 628 1571 666 est
1619 627 1674 666 ob

81 697 375 739 testimonium
408 697 531 738 codd.
566 696 718 737 Guelff.
752 696 795 737 in
827 697 948 749 praef.
983 696 1084 737 edit.
1117 696 1355 738 Beierianae
1378 710 1419 749 p.
1444 695 1547 748 VH),
1585 699 1682 741 tuin,

83 767 282 821 quaedam
316 768 447 808 etiam
486 768 731 809 coniectura
771 767 1014 808 emendata.
1078 767 1192 808 Illius
1232 767 1399 820 generis
1439 768 1672 819 praecipua,

82 839 175 879 haec
206 837 352 879 omnia
383 851 632 891 persequar,
673 838 709 878 si
740 838 858 890 prius
891 837 1050 879 dixero.
1085 838 1152 879 Vel
1184 838 1383 890 optimos,
1433 837 1505 889 qui
1537 850 1676 889 nuper

84 908 266 950 adhibiti
305 911 419 959 sunt,
461 908 628 949 codices
669 909 914 961 integritate
947 908 1099 949 cedere
1131 909 1194 954 iis,
1237 921 1343 960 quos
1377 907 1544 948 viderat
1577 907 1673 948 Car.

82 980 282 1032 Langius.
344 979 494 1031 Neque
527 979 640 1020 enim
675 980 903 1031 quisquam
935 981 1086 1031 postea
1125 980 1168 1019 in
1208 979 1352 1019 codice
1392 978 1510 1027 vidit,
1559 977 1675 1030 quod

83 1050 117 1091 is
150 1041 189 1091 c,
219 1051 245 1091 2
285 1048 308 1102 ἓ
341 1050 366 1091 9
407 1062 459 1090 ex
497 1050 640 1091 Iacobi
679 1049 791 1090 Susii
837 1049 945 1090 libro
993 1049 1126 1090 edidit
1172 1062 1407 1101 omnesque
1455 1051 1672 1089 tenemus:

82 1120 154 1162 sed
184 1120 229 1161 ln·
259 1121 305 1161 in
329 1121 492 1174 pueris,
529 1121 628 1161 Cato
662 1122 741 1161 cet.
804 1120 953 1173 Itaque
985 1120 1111 1161 valde
1144 1119 1387 1171 expetenda
1420 1122 1485 1160 est
1509 1119 1675 1172 plenior

84 1190 266 1244 cognitio
300 1191 456 1232 codicis
490 1191 777 1244 antiquissimi
810 1190 1165 1243 weingartensis,
1206 1190 1260 1230 ab
1302 1189 1460 1230 Orellio
1500 1190 1543 1230 in
1584 1190 1673 1242 epi-

83 1262 194 1303 stola
225 1261 281 1302 ad
312 1275 382 1302 me
416 1260 535 1314 (ante
568 1262 653 1303 Cic.
688 1259 827 1313 Orat.)
859 1275 901 1314 p.
934 1261 1010 1302 XV
1043 1261 1382 1309 commemorati,
1422 1261 1456 1301 si
1498 1260 1607 1301 forte
1640 1261 1673 1300 is

83 1332 139 1373 ad
170 1333 412 1384 Langianos
445 1332 537 1373 illos
571 1333 763 1381 accedat,
798 1332 869 1384 qui
902 1345 986 1384 quo
1019 1331 1283 1380 devenerint,
1318 1344 1403 1371 non
1433 1333 1613 1372 constat.

201 1402 246 1444 C.
271 1403 309 1452 7,
343 1402 398 1442 23
431 1402 600 1443 videtur
628 1402 672 1443 in
701 1403 901 1444 omnibus
932 1402 1151 1444 codicibus
1173 1402 1267 1454 legi,
1302 1401 1418 1453 quod
1441 1401 1672 1442 edebatur:

84 1487 132 1514 ωε
173 1472 497 1514 dissensionibus
547 1477 667 1527 atque
711 1473 934 1514 discordiis
973 1474 1135 1527 percipi
1169 1477 1315 1527 potest.
1394 1472 1483 1512 Nec
1526 1474 1673 1512 tamen

84 1543 279 1585 dubitavi
322 1544 421 1584 huic
463 1544 555 1585 1000
606 1544 790 1585 eandem
833 1544 1040 1585 adhibere
1084 1543 1391 1585 correctionem
1437 1541 1672 1596 (perspici).

83 1627 214 1667 quam
247 1614 341 1656 aliis
373 1615 476 1656 locis
509 1614 588 1655 viri
621 1615 734 1656 docti
767 1628 819 1656 ex
851 1615 1069 1656 codicibus
1108 1613 1412 1662 adhibuerunt,
1462 1614 1579 1654 velut
1621 1613 1673 1653 de

83 1685 259 1738 Legg.I
299 1684 433 1737 §bh
480 1685 586 1726 nihil
633 1688 697 1728 est
744 1685 858 1726 enim
906 1685 1172 1738 frequentius
1221 1684 1471 1725 confusione
1518 1684 1672 1725 horum

82 1755 327 1797 verborum.
390 1755 615 1808 Perceptio
647 1756 715 1796 hic
747 1756 863 1797 nulla
896 1756 1158 1808 significatur
1197 1755 1422 1795 sententiae
1463 1755 1577 1795 reive
1618 1755 1673 1795 ad

84 1826 335 1867 discendum
368 1825 612 1878 propositae,
662 1827 739 1868 sed
778 1840 830 1867 ex
870 1826 1192 1879 comparatione
1233 1825 1434 1866 contrarii
1475 1826 1672 1866 animad-

83 1896 236 1938 versio.

199 1967 245 2008 C.
280 1967 318 2016 7,
353 1966 408 2007 25
441 1979 493 2006 ex
525 1980 624 2017 uno,
659 1968 711 2008 de
745 1981 829 2020 quo
863 1971 1041 2018 constet,
1076 1967 1221 2008 codice
1255 1966 1492 2007 Erfurtensi
1524 1979 1672 2007 veram

82 2037 339 2090 scripturam
371 2038 560 2078 restitui:
594 2037 681 2079 Nos
714 2053 806 2079 vero
839 2053 865 2079 α
897 2044 933 2080 te
957 2039 1118 2093 potius;
1153 2038 1269 2090 quod
1292 2037 1404 2078 enim
1428 2037 1671 2090 legebatur:

83 2107 169 2148 Nos
202 2113 338 2148 autem
371 2122 397 2148 α
429 2114 465 2149 te
489 2110 643 2162 potius,
692 2110 737 2150 id
775 2123 997 2163 nunquam
1037 2110 1210 2162 ponitur
1251 2109 1293 2149 in
1326 2108 1573 2149 huiusmodi
1605 2121 1672 2149 re-

81 2179 262 2231 sponsis,
303 2192 399 2232 quae
433 2180 609 2222 alterius
643 2181 825 2222 orationi
859 2194 954 2221 cum
988 2179 1251 2221 assentiendi
1285 2182 1360 2220 aut
1393 2179 1673 2219 dissentiendi

81 2249 390 2302 significatione
424 2251 729 2304 adiunguntur.

199 2320 244 2362 C.
273 2320 339 2370 10,
374 2321 429 2361 35
462 2335 611 2363 omnes
644 2322 743 2362 inde
777 2335 802 2362 a
835 2322 1002 2362 Graevio
1035 2321 1282 2361 ediderunt:
1318 2320 1477 2360 Eorum
1505 2320 1669 2374 querela,

80 2391 332 2431 inveteratas
378 2405 461 2432 non
506 2392 625 2432 modo
670 2392 993 2444 familiaritates
1041 2392 1227 2445 extingui
1272 2391 1414 2440 solere,
1463 2390 1535 2431 sed
1575 2390 1671 2430 odia

81 2461 205 2501 etiam
238 2460 380 2514 (etiam
412 2462 528 2515 odia)
559 2463 678 2517 yigmz‘
708 2464 972 2516 sempiterna,
1008 2462 1201 2503 codicum
1236 2463 1492 2503 auctoritate
1518 2475 1672 2514 perex-

82 2531 193 2584 igua.
255 2531 367 2573 Nam
400 2535 442 2573 et
474 2533 560 2574 Erf.
595 2535 637 2574 et
669 2535 848 2585 uterque
881 2532 1023 2573 Orellii
1066 2532 1199 2573 codex
1239 2535 1281 2573 et
1318 2534 1405 2573 tres
1447 2532 1599 2573 Klotzii
1633 2534 1673 2572 et

81 2614 230 2643 omnes
263 2602 401 2643 Beieri
434 2605 477 2644 et
509 2617 561 2644 ex
593 2603 701 2644 Oxx.
735 2603 887 2644 saltem
922 2616 997 2644 sex
1029 2603 1204 2652 habent,
1238 2606 1286 2643 ut
1317 2603 1417 2644 olim
1448 2603 1670 2651 edebatur.

81 2672 323 2722 inveterata,
364 2674 477 2725 quod
518 2687 667 2714 verum
709 2687 815 2722 esse,
856 2674 980 2714 facile
1012 2672 1194 2726 perspici
1228 2675 1384 2726 potest.
1447 2674 1671 2725 Nusquam

82 2743 193 2784 enim
226 2743 309 2785 isto
340 2743 470 2785 inodo
503 2744 650 2785 Cicero
683 2757 808 2784 voces
842 2744 1052 2794 distraxit,
1094 2748 1140 2784 ut
1180 2758 1260 2784 non
1298 2743 1417 2784 modo
1450 2743 1561 2784 inter
1594 2742 1671 2783 ad-

81 2813 280 2855 iectivum
314 2817 356 2855 et
377 2814 696 2856 substantivum
718 2815 1023 2867 interponeret,
1057 2815 1137 2855 nisi
1159 2814 1419 2855 adiectivum
1443 2825 1671 2854 commune

82 2886 195 2925 esset
226 2884 394 2926 duobus
427 2885 720 2935 substantivis,
755 2885 810 2925 ad
843 2898 939 2937 quae
960 2885 1181 2937 particulae
1203 2886 1478 2937 pertinerent.
1537 2883 1671 2924 Recte

82 2956 226 2996 autem
259 2955 413 2996 dicitur
443 2956 673 2996 inveterata
705 2956 885 3009 querela,
925 2955 968 2995 in
1001 2968 1085 3008 quo
1118 2955 1310 2996 Graevius
1343 2954 1488 3001 haesit;
1531 2966 1672 3005 neque

1323 3023 1389 3057 40*

1694 2050 1744 2074 280
