1915 3235
936 100 1019 140 176

190 233 536 275 circumducatur
569 229 932 280 confirmeturque
966 229 1163 279 materia,
1214 241 1310 280 quae
1350 227 1405 268 ad
1431 240 1523 268 rem
1556 228 1782 281 pertineat,

190 304 306 345 omni
348 304 550 355 congesta
592 303 635 341 et
674 299 895 352 disposita.
958 300 1069 339 Nam
1117 299 1198 340 hoc
1247 311 1417 351 quoque
1464 298 1568 348 fieri,
1617 299 1784 351 quoties

190 375 375 416 maiores
424 370 693 424 antiquitatis
740 370 821 411 loci
870 369 1312 422 comprehendantur,
1361 369 1486 410 valde
1534 369 1683 420 refert,
1732 383 1785 411 ne

190 447 366 498 propter
398 457 529 484 unam
565 445 606 483 et
638 442 820 482 alteram
854 453 945 481 rem
978 443 1204 493 partemve
1237 440 1431 480 materiae
1457 453 1628 493 semper
1652 441 1707 481 sit
1731 441 1787 481 ad

191 516 321 556 libros
354 527 509 567 parum
542 513 733 565 alioquin
764 513 923 552 nostrae
957 511 1096 552 aetatis
1130 512 1226 551 usui
1259 513 1383 563 aptos
1408 511 1718 552 recurrendum
1746 514 1788 552 et

191 587 436 627 commenta
469 583 720 636 opinionum
753 582 921 635 pridem
954 582 1212 622 reiectarum
1246 582 1508 631 devoranda,
1543 595 1627 634 quo
1660 582 1789 623 alitur

192 659 404 709 praeterea
436 654 695 707 pravissima
724 653 992 694 consuetudo
1016 652 1260 705 fragmenta
1286 653 1572 705 repugnantia
1598 653 1786 706 undique

192 726 474 768 contrahendi
508 728 547 766 et
581 725 624 765 in
648 725 699 765 iis
723 723 1039 776 acquiescendi.
1087 723 1230 775 Atque
1256 724 1383 764 huius
1407 737 1549 776 operae
1575 724 1788 765 navandae

191 797 375 838 subinde
409 809 478 837 me
511 796 654 849 ipsum
687 795 875 847 impetus
910 795 1034 847 cepit,
1069 807 1202 846 quum
1235 794 1314 835 has
1346 807 1414 835 res
1443 794 1599 835 scholis
1633 794 1789 836 acade-

192 867 312 908 micis
332 880 615 919 exponerem;
649 866 763 919 quod
783 865 1006 906 consilium
1032 869 1368 906 exsecuturusne
1393 867 1531 906 totum
1558 865 1790 918 aliquando

194 940 287 988 sim,
340 939 498 987 nescio,
546 950 660 978 nunc
700 937 874 989 quidem
914 936 1107 977 nondum
1148 937 1293 977 omnia
1325 935 1525 977 videntur
1557 935 1660 976 satis
1692 949 1790 988 per-

194 1009 365 1063 quisita,
408 1011 450 1049 et
489 1008 677 1061 alioquin
712 1008 842 1049 aliam
876 1007 1119 1060 scriptionis
1152 1007 1338 1048 formam
1371 1007 1612 1059 postulant,
1659 1019 1792 1047 unam

121 1097 173 1121 217
193 1080 320 1121 huius
368 1080 447 1120 ioci
494 1081 677 1132 partem,
726 1079 769 1119 in
817 1092 915 1131 qua,
965 1091 1098 1130 quum
1137 1091 1224 1119 non
1263 1091 1361 1119 raro
1400 1078 1498 1119 hinc
1538 1078 1793 1119 extollendae

194 1151 436 1204 prudentiae
468 1150 680 1191 Romanae
714 1150 897 1190 materia
930 1146 1163 1202 petatur¹)‚
1212 1151 1361 1190 tamen
1403 1149 1562 1190 relictae
1596 1149 1793 1189 videntur

195 1222 417 1275 opiniones
452 1223 494 1262 et
525 1234 670 1262 rerum
704 1220 929 1261 historiam
971 1223 1013 1261 et
1045 1220 1338 1261 institutorum
1379 1220 1676 1261 Romanorum
1719 1232 1794 1260 na-

194 1297 338 1334 turam
371 1292 747 1344 constantiamque
780 1291 1078 1341 obscurantes,
1128 1293 1170 1332 et
1210 1305 1306 1343 quae
1346 1304 1423 1344 per
1462 1304 1509 1332 se
1540 1290 1795 1343 pertractari

195 1377 323 1418 posse
356 1364 538 1413 Videtur,
587 1363 670 1404 hoc
707 1364 917 1415 tempore,
969 1362 1167 1413 collectiS,
1218 1375 1315 1414 quae
1355 1362 1412 1403 ad
1450 1376 1541 1403 rem
1581 1362 1795 1414 pertinere

197 1435 395 1485 arbitror,
444 1447 524 1475 nec
567 1437 716 1474 tamen
759 1433 953 1474 omnium
997 1433 1270 1486 opinionibus
1315 1432 1441 1474 anxie
1475 1432 1722 1485 conquisitis
1756 1434 1796 1472 et
1832 1444 1835 1445 ⁷

197 1506 415 1559 expositis,
450 1506 665 1559 explicare
699 1505 882 1554 decrevi,
917 1504 970 1545 de
997 1504 1261 1545 coloniarum
1285 1504 1433 1557 populi
1457 1504 1644 1545 Romani
1668 1515 1796 1555 gene-

196 1578 317 1618 ribus
351 1580 394 1618 et
427 1590 523 1618 cum
565 1576 724 1629 populo
766 1576 1078 1617 coniunctione.
1149 1575 1260 1616 Nam
1304 1588 1400 1627 quae
1441 1575 1497 1615 ad
1536 1574 1642 1615 ritus
1684 1574 1798 1614 colo-

198 1649 369 1689 niarum
392 1648 746 1689 deducendarum
771 1650 814 1688 et
836 1647 891 1688 ad
924 1646 1139 1687 internam
1173 1659 1323 1687 earum
1357 1646 1542 1687 formam
1568 1644 1797 1698 pertinent,

199 1722 364 1770 omitto,
399 1720 483 1768 illa,
519 1719 620 1772 quia
653 1717 846 1770 vulgaria
879 1721 992 1768 sunt,
1027 1718 1132 1768 haec,
1167 1718 1268 1770 quia
1302 1717 1357 1758 ab
1390 1718 1593 1758 universa
1624 1729 1670 1757 re
1703 1729 1799 1756 mu-

199 1791 370 1844 nicipali
405 1789 588 1842 disiungi
620 1802 707 1829 non
740 1791 935 1841 possunt.
1000 1788 1089 1829 Erit
1129 1791 1275 1829 autem
1315 1788 1607 1829 necessarium
1645 1786 1800 1827 intelli-

199 1863 356 1915 gentiae
390 1874 522 1902 causa
554 1860 761 1901 nonnulla
794 1859 1041 1900 communia
1081 1862 1156 1900 aut
1197 1871 1248 1899 ex
1288 1858 1493 1911 proximis
1533 1857 1800 1911 antiquitatis

202 1934 398 1987 partibus
447 1934 672 1985 attingere,
722 1931 838 1983 quod
885 1931 1042 1972 faciam
1091 1930 1293 1979 breviter,
1343 1932 1403 1979 et,
1453 1931 1663 1982 quantum
1710 1927 1803 1969 fieri

201 2005 372 2057 poterit,
407 2005 487 2045 nisi
521 2016 726 2044 concessa
759 2004 834 2043 aut
867 2002 922 2042 ab
957 2001 1050 2042 aliis
1083 2002 1168 2042 iam
1203 2000 1398 2042 confecta
1432 2003 1507 2041 aut
1539 2001 1693 2053 suapte
1724 2012 1802 2039 na-

204 2078 301 2116 tura
333 2075 562 2128 perspicua
595 2088 681 2116 non
714 2073 946 2123 adhibebo,
988 2086 1042 2113 ne
1074 2086 1198 2114 novae
1233 2072 1535 2124 disputationis
1568 2069 1803 2112 necessitas

204 2146 465 2199 imponatur.

324 2217 370 2256 in
402 2216 536 2265 Italia,
580 2215 949 2269 quemadmodum
988 2215 1032 2255 in
1064 2215 1279 2267 plerisque
1313 2213 1405 2254 aliis
1438 2212 1651 2266 gentibus,
1693 2210 1805 2252 anti-

207 2288 413 2340 quissimo
446 2289 642 2340 tempore
676 2286 779 2336 fere,
829 2286 901 2338 qui
945 2298 1220 2327 communem
1254 2285 1409 2325 urbem
1449 2295 1688 2336 agrumque
1728 2281 1806 2322 ad-

206 2359 365 2399 iectum
398 2358 620 2408 tenebant,
665 2360 753 2407 aut,
803 2358 838 2398 si
870 2356 1045 2397 vicatim
1077 2355 1193 2409 regio
1226 2355 1373 2407 aliqua
1404 2353 1686 2403 incolebatur,
1735 2351 1807 2405 qui

207 2431 376 2469 tantum
412 2429 501 2481 agri
534 2429 756 2479 tenebant,
790 2422 838 2468 ut
863 2427 1089 2468 commode
1116 2426 1346 2468 convenire
1370 2426 1414 2466 in
1436 2425 1579 2466 locum
1605 2422 1807 2476 religione

209 2500 347 2540 aliave
379 2512 424 2539 re
458 2499 667 2552 insignem
702 2512 858 2551 resque
890 2512 990 2539 suas
1024 2499 1103 2551 ipsi
1137 2510 1263 2550 agere
1297 2498 1487 2550 possent,
1521 2495 1652 2536 iidem
1685 2506 1808 2534 suam

210 2570 434 2610 habebant
480 2583 571 2610 rem
613 2570 831 2621 publicam
882 2583 907 2610 a
947 2569 1120 2622 reliquis
1169 2569 1422 2616 seiunctam,
1470 2579 1550 2606 nec
1593 2565 1678 2606 alia
1717 2566 1811 2605 erat

212 2641 342 2691 urbis,
392 2641 475 2681 alia
508 2640 653 2693 populi
690 2640 851 2690 civitas,
900 2653 979 2681 nec
1018 2640 1106 2680 ulia
1144 2639 1411 2680 urbanarum
1451 2650 1597 2678 rerum
1629 2635 1809 2677 admini-

212 2713 364 2753 stratio
413 2711 468 2752 ab
520 2712 732 2752 universa?
781 2711 841 2751 rei
880 2711 1066 2763 publicae
1108 2709 1481 2751 administratione
1515 2708 1700 2748 discreta
1731 2719 1811 2747 nec

252 2876 279 2920 ¹)
307 2877 376 2911 Cfr.
410 2876 572 2920 Heynius
606 2876 649 2909 de
681 2875 931 2909 Romanorum
970 2874 1162 2918 prudentia
1202 2873 1238 2907 in
1278 2872 1426 2906 coloniis
1464 2871 1628 2916 regendis
1666 2869 1811 2914 (Opusc.

311 2936 421 2970 Acad.
448 2936 486 2969 T.
514 2934 576 2977 III)
604 2938 639 2969 et
666 2934 723 2967 all.
