<?xml version="1.0" encoding="UTF-8"?>
<!DOCTYPE html PUBLIC "-//W3C//DTD XHTML 1.0 Transitional//EN"
    "http://www.w3.org/TR/xhtml1/DTD/xhtml1-transitional.dtd">
<html xmlns="http://www.w3.org/1999/xhtml" xml:lang="en" lang="en">
 <head>
  <title>
</title>
<meta http-equiv="Content-Type" content="text/html;charset=utf-8" />
  <meta name='ocr-system' content='tesseract 3.04.00' />
  <meta name='ocr-capabilities' content='ocr_page ocr_carea ocr_par ocr_line ocrx_word'/>
</head>
<body>
  <div class='ocr_page' id='page_1' title='image "./ionicolaimadvigi00madvuoft_0778.png"; bbox 0 0 1915 3235; ppageno 0'>
   <div class='ocr_carea' id='block_1_1' title="bbox 949 98 1034 139">
    <p class='ocr_par' dir='ltr' id='par_1_1' title="bbox 949 98 1034 139">
     <span class='ocr_line' id='line_1_1' title="bbox 949 98 1034 139; baseline 0 -1"><span class='ocrx_word' id='word_1_1' title='bbox 949 98 1034 139; x_wconf 77' lang='lat'>752</span> 
     </span>
    </p>
   </div>
   <div class='ocr_carea' id='block_1_2' title="bbox 182 228 1795 2486">
    <p class='ocr_par' dir='ltr' id='par_1_2' title="bbox 183 228 1795 1064">
     <span class='ocr_line' id='line_1_2' title="bbox 187 228 1792 283; baseline -0.001 -12"><span class='ocrx_word' id='word_1_2' title='bbox 187 243 316 283; x_wconf 88' lang='lat' dir='ltr'>quem</span> <span class='ocrx_word' id='word_1_3' title='bbox 350 229 579 270; x_wconf 73' lang='lat' dir='ltr'>Deiotarus</span> <span class='ocrx_word' id='word_1_4' title='bbox 612 230 853 269; x_wconf 73' lang='lat' dir='ltr'>accusetur.</span> <span class='ocrx_word' id='word_1_5' title='bbox 918 228 1068 281; x_wconf 87' lang='lat' dir='ltr'>ltaque</span> <span class='ocrx_word' id='word_1_6' title='bbox 1101 228 1238 269; x_wconf 87' lang='lat' dir='ltr'>altera</span> <span class='ocrx_word' id='word_1_7' title='bbox 1282 228 1570 270; x_wconf 88' lang='lat' dir='ltr'>insistendum</span> <span class='ocrx_word' id='word_1_8' title='bbox 1612 231 1678 270; x_wconf 88' lang='lat' dir='ltr'>est</span> <span class='ocrx_word' id='word_1_9' title='bbox 1709 230 1792 279; x_wconf 88' lang='lat' dir='ltr'>via,</span> 
     </span>
     <span class='ocr_line' id='line_1_3' title="bbox 186 299 1792 353; baseline -0.001 -11"><span class='ocrx_word' id='word_1_10' title='bbox 186 303 235 342; x_wconf 85' lang='lat' dir='ltr'>ut</span> <span class='ocrx_word' id='word_1_11' title='bbox 277 301 506 342; x_wconf 75' lang='lat' dir='ltr'>Deiotarus</span> <span class='ocrx_word' id='word_1_12' title='bbox 554 299 610 341; x_wconf 91' lang='lat' dir='ltr'>ob</span> <span class='ocrx_word' id='word_1_13' title='bbox 658 299 773 340; x_wconf 86' lang='lat' dir='ltr'>idem</span> <span class='ocrx_word' id='word_1_14' title='bbox 821 299 999 349; x_wconf 85' lang='lat' dir='ltr'>factum,</span> <span class='ocrx_word' id='word_1_15' title='bbox 1049 299 1166 352; x_wconf 89' lang='lat' dir='ltr'>quod</span> <span class='ocrx_word' id='word_1_16' title='bbox 1212 299 1254 340; x_wconf 84' lang='lat' dir='ltr'>in</span> <span class='ocrx_word' id='word_1_17' title='bbox 1305 300 1484 341; x_wconf 77' lang='lat' dir='ltr'>Castore</span> <span class='ocrx_word' id='word_1_18' title='bbox 1531 300 1792 353; x_wconf 86' lang='lat' dir='ltr'>impunitum</span> 
     </span>
     <span class='ocr_line' id='line_1_4' title="bbox 187 369 1793 424; baseline -0.002 -10"><span class='ocrx_word' id='word_1_19' title='bbox 187 373 328 423; x_wconf 85' lang='lat' dir='ltr'>fuerit,</span> <span class='ocrx_word' id='word_1_20' title='bbox 363 372 593 414; x_wconf 86' lang='lat' dir='ltr'>accusatus</span> <span class='ocrx_word' id='word_1_21' title='bbox 626 370 796 411; x_wconf 89' lang='lat' dir='ltr'>dicatur</span> <span class='ocrx_word' id='word_1_22' title='bbox 827 382 915 410; x_wconf 90' lang='lat' dir='ltr'>non</span> <span class='ocrx_word' id='word_1_23' title='bbox 946 369 1077 410; x_wconf 87' lang='lat' dir='ltr'>modo</span> <span class='ocrx_word' id='word_1_24' title='bbox 1110 371 1228 423; x_wconf 90' lang='lat' dir='ltr'>apud</span> <span class='ocrx_word' id='word_1_25' title='bbox 1262 384 1375 421; x_wconf 89' lang='lat' dir='ltr'>eum,</span> <span class='ocrx_word' id='word_1_26' title='bbox 1412 372 1483 424; x_wconf 88' lang='lat' dir='ltr'>qui</span> <span class='ocrx_word' id='word_1_27' title='bbox 1517 371 1641 412; x_wconf 88' lang='lat' dir='ltr'>alteri</span> <span class='ocrx_word' id='word_1_28' title='bbox 1671 371 1793 423; x_wconf 84' lang='lat' dir='ltr'>igno-</span> 
     </span>
     <span class='ocr_line' id='line_1_5' title="bbox 186 440 1794 494; baseline -0.002 -9"><span class='ocrx_word' id='word_1_29' title='bbox 186 443 308 494; x_wconf 82' lang='lat' dir='ltr'>verit,</span> <span class='ocrx_word' id='word_1_30' title='bbox 343 443 421 484; x_wconf 88' lang='lat' dir='ltr'>sed</span> <span class='ocrx_word' id='word_1_31' title='bbox 453 443 585 484; x_wconf 85' lang='lat' dir='ltr'>etiam</span> <span class='ocrx_word' id='word_1_32' title='bbox 619 442 674 482; x_wconf 91' lang='lat' dir='ltr'>ab</span> <span class='ocrx_word' id='word_1_33' title='bbox 708 442 771 490; x_wconf 89' lang='lat' dir='ltr'>iis,</span> <span class='ocrx_word' id='word_1_34' title='bbox 807 454 832 482; x_wconf 87' lang='lat' dir='ltr'>a</span> <span class='ocrx_word' id='word_1_35' title='bbox 863 440 1020 493; x_wconf 88' lang='lat' dir='ltr'>quibus</span> <span class='ocrx_word' id='word_1_36' title='bbox 1053 441 1231 482; x_wconf 86' lang='lat' dir='ltr'>minime</span> <span class='ocrx_word' id='word_1_37' title='bbox 1265 442 1484 484; x_wconf 85' lang='lat' dir='ltr'>debuerit:</span> <span class='ocrx_word' id='word_1_38' title='bbox 1525 443 1794 483; x_wconf 74' lang='lat' dir='ltr'>calamitosus</span> 
     </span>
     <span class='ocr_line' id='line_1_6' title="bbox 187 511 1795 568; baseline -0.001 -13"><span class='ocrx_word' id='word_1_39' title='bbox 187 514 430 566; x_wconf 71' lang='lat' dir='ltr'>Deiotarus,</span> <span class='ocrx_word' id='word_1_40' title='bbox 479 514 563 568; x_wconf 72' lang='lat' dir='ltr'>qui,</span> <span class='ocrx_word' id='word_1_41' title='bbox 613 513 722 568; x_wconf 61' lang='lat' dir='ltr'>quod</span> <span class='ocrx_word' id='word_1_42' title='bbox 759 513 804 553; x_wconf 75' lang='lat' dir='ltr'>in</span> <span class='ocrx_word' id='word_1_43' title='bbox 844 511 992 553; x_wconf 75' lang='lat' dir='ltr'>iisdem</span> <span class='ocrx_word' id='word_1_44' title='bbox 1033 513 1185 553; x_wconf 71' lang='lat' dir='ltr'>eastris</span> <span class='ocrx_word' id='word_1_45' title='bbox 1214 512 1361 566; x_wconf 71' lang='lat' dir='ltr'>fuerit,</span> <span class='ocrx_word' id='word_1_46' title='bbox 1410 527 1494 554; x_wconf 76' lang='lat' dir='ltr'>uon</span> <span class='ocrx_word' id='word_1_47' title='bbox 1524 513 1645 554; x_wconf 79' lang='lat' dir='ltr'>modo</span> <span class='ocrx_word' id='word_1_48' title='bbox 1678 512 1795 567; x_wconf 66' lang='lat' dir='ltr'>apud</span> 
     </span>
     <span class='ocr_line' id='line_1_7' title="bbox 185 583 1794 637; baseline -0.001 -11"><span class='ocrx_word' id='word_1_49' title='bbox 185 590 235 636; x_wconf 77' lang='lat' dir='ltr'>te,</span> <span class='ocrx_word' id='word_1_50' title='bbox 277 585 349 626; x_wconf 82' lang='lat' dir='ltr'>sed</span> <span class='ocrx_word' id='word_1_51' title='bbox 392 585 517 625; x_wconf 77' lang='lat' dir='ltr'>etium</span> <span class='ocrx_word' id='word_1_52' title='bbox 552 599 577 625; x_wconf 83' lang='grc' dir='ltr'><em>α</em></span> <span class='ocrx_word' id='word_1_53' title='bbox 609 585 698 625; x_wconf 84' lang='lat' dir='ltr'>suis</span> <span class='ocrx_word' id='word_1_54' title='bbox 731 587 959 624; x_wconf 66' lang='lat' dir='ltr'>accusetur.</span> <span class='ocrx_word' id='word_1_55' title='bbox 1034 583 1177 625; x_wconf 87' lang='lat' dir='ltr'>Causa</span> <span class='ocrx_word' id='word_1_56' title='bbox 1216 586 1363 625; x_wconf 89' lang='lat' dir='ltr'>autem</span> <span class='ocrx_word' id='word_1_57' title='bbox 1404 584 1485 625; x_wconf 93' lang='lat' dir='ltr'>loci</span> <span class='ocrx_word' id='word_1_58' title='bbox 1525 584 1794 637; x_wconf 77' lang='lat' dir='ltr'>depravandi</span> 
     </span>
     <span class='ocr_line' id='line_1_8' title="bbox 185 653 1792 712; baseline -0.001 -14"><span class='ocrx_word' id='word_1_59' title='bbox 185 657 267 698; x_wconf 85' lang='lat' dir='ltr'>fuit</span> <span class='ocrx_word' id='word_1_60' title='bbox 299 656 408 712; x_wconf 74' lang='lat' dir='ltr'>quod</span> <span class='ocrx_word' id='word_1_61' title='bbox 440 657 539 709; x_wconf 87' lang='lat' dir='ltr'>post</span> <span class='ocrx_word' id='word_1_62' title='bbox 571 656 643 710; x_wconf 72' lang='lat' dir='ltr'>qui</span> <span class='ocrx_word' id='word_1_63' title='bbox 665 667 809 695; x_wconf 86' lang='lat' dir='ltr'>errore</span> <span class='ocrx_word' id='word_1_64' title='bbox 832 653 1040 695; x_wconf 85' lang='lat' dir='ltr'>omissum</span> <span class='ocrx_word' id='word_1_65' title='bbox 1066 654 1328 708; x_wconf 75' lang='lat' dir='ltr'>(Deiotarus,</span> <span class='ocrx_word' id='word_1_66' title='bbox 1362 657 1434 710; x_wconf 76' lang='lat' dir='ltr'>qui</span> <span class='ocrx_word' id='word_1_67' title='bbox 1465 657 1509 696; x_wconf 78' lang='lat' dir='ltr'>in</span> <span class='ocrx_word' id='word_1_68' title='bbox 1532 656 1681 696; x_wconf 79' lang='lat' dir='ltr'>iisdem</span> <span class='ocrx_word' id='word_1_69' title='bbox 1706 653 1792 708; x_wconf 80' lang='lat'>—),</span> 
     </span>
     <span class='ocr_line' id='line_1_9' title="bbox 184 725 1794 782; baseline -0.001 -14"><span class='ocrx_word' id='word_1_70' title='bbox 184 727 300 768; x_wconf 91' lang='lat' dir='ltr'>unde</span> <span class='ocrx_word' id='word_1_71' title='bbox 333 740 518 780; x_wconf 88' lang='lat' dir='ltr'>pravum</span> <span class='ocrx_word' id='word_1_72' title='bbox 552 728 694 767; x_wconf 88' lang='lat' dir='ltr'>ortum</span> <span class='ocrx_word' id='word_1_73' title='bbox 729 727 793 766; x_wconf 85' lang='lat' dir='ltr'>est</span> <span class='ocrx_word' id='word_1_74' title='bbox 825 726 1177 778; x_wconf 87' lang='lat' dir='ltr'>supplementum</span> <span class='ocrx_word' id='word_1_75' title='bbox 1212 725 1303 782; x_wconf 78' lang='lat' dir='ltr'>(qui</span> <span class='ocrx_word' id='word_1_76' title='bbox 1335 726 1386 767; x_wconf 75' lang='lat' dir='ltr'>ab</span> <span class='ocrx_word' id='word_1_77' title='bbox 1412 740 1468 776; x_wconf 84' lang='lat' dir='ltr'>eo,</span> <span class='ocrx_word' id='word_1_78' title='bbox 1503 726 1606 782; x_wconf 71' lang='lat' dir='ltr'>qui).</span> <span class='ocrx_word' id='word_1_79' title='bbox 1653 727 1794 768; x_wconf 91' lang='lat' dir='ltr'>Vesti-</span> 
     </span>
     <span class='ocr_line' id='line_1_10' title="bbox 184 797 1792 852; baseline -0.001 -12"><span class='ocrx_word' id='word_1_80' title='bbox 184 799 301 852; x_wconf 83' lang='lat' dir='ltr'>gium</span> <span class='ocrx_word' id='word_1_81' title='bbox 335 798 511 851; x_wconf 78' lang='lat' dir='ltr'>aliquod</span> <span class='ocrx_word' id='word_1_82' title='bbox 544 797 745 850; x_wconf 79' lang='lat' dir='ltr'>exiguum</span> <span class='ocrx_word' id='word_1_83' title='bbox 778 809 895 838; x_wconf 87' lang='lat' dir='ltr'>verae</span> <span class='ocrx_word' id='word_1_84' title='bbox 928 798 1154 850; x_wconf 76' lang='lat' dir='ltr'>scripturae</span> <span class='ocrx_word' id='word_1_85' title='bbox 1187 811 1415 850; x_wconf 82' lang='lat' dir='ltr'>superesse</span> <span class='ocrx_word' id='word_1_86' title='bbox 1438 798 1609 839; x_wconf 84' lang='lat' dir='ltr'>videtur</span> <span class='ocrx_word' id='word_1_87' title='bbox 1631 798 1672 838; x_wconf 91' lang='lat' dir='ltr'>in</span> <span class='ocrx_word' id='word_1_88' title='bbox 1699 797 1792 839; x_wconf 92' lang='lat' dir='ltr'>cod.</span> 
     </span>
     <span class='ocr_line' id='line_1_11' title="bbox 183 868 1793 917; baseline 0 -7"><span class='ocrx_word' id='word_1_89' title='bbox 183 869 418 911; x_wconf 89' lang='lat' dir='ltr'>Dresdensi</span> <span class='ocrx_word' id='word_1_90' title='bbox 452 869 620 917; x_wconf 86' lang='lat' dir='ltr'>Graevii,</span> <span class='ocrx_word' id='word_1_91' title='bbox 661 868 864 909; x_wconf 85' lang='lat' dir='ltr'>Fuldensi</span> <span class='ocrx_word' id='word_1_92' title='bbox 896 868 1072 917; x_wconf 85' lang='lat' dir='ltr'>Halmii,</span> <span class='ocrx_word' id='word_1_93' title='bbox 1115 869 1287 910; x_wconf 90' lang='lat' dir='ltr'>duobus</span> <span class='ocrx_word' id='word_1_94' title='bbox 1327 869 1663 910; x_wconf 88' lang='lat' dir='ltr'>Monacensibus</span> <span class='ocrx_word' id='word_1_95' title='bbox 1698 869 1793 910; x_wconf 68' lang='lat' dir='ltr'>Sol-</span> 
     </span>
     <span class='ocr_line' id='line_1_12' title="bbox 185 938 1794 995; baseline -0.001 -13"><span class='ocrx_word' id='word_1_96' title='bbox 185 941 300 990; x_wconf 86' lang='lat' dir='ltr'>dani,</span> <span class='ocrx_word' id='word_1_97' title='bbox 349 940 393 981; x_wconf 91' lang='lat' dir='ltr'>in</span> <span class='ocrx_word' id='word_1_98' title='bbox 433 940 590 993; x_wconf 85' lang='lat' dir='ltr'>quibus</span> <span class='ocrx_word' id='word_1_99' title='bbox 633 943 718 980; x_wconf 85' lang='lat' dir='ltr'>est:</span> <span class='ocrx_word' id='word_1_100' title='bbox 770 939 1000 980; x_wconf 73' lang='lat' dir='ltr'>Deiotarus</span> <span class='ocrx_word' id='word_1_101' title='bbox 1041 939 1150 995; x_wconf 73' lang='lat' dir='ltr'>quod</span> <span class='ocrx_word' id='word_1_102' title='bbox 1191 940 1243 980; x_wconf 78' lang='lat' dir='ltr'>ab</span> <span class='ocrx_word' id='word_1_103' title='bbox 1276 940 1413 980; x_wconf 80' lang='lat' dir='ltr'>eodem</span> <span class='ocrx_word' id='word_1_104' title='bbox 1449 938 1518 993; x_wconf 74' lang='lat' dir='ltr'>(ab</span> <span class='ocrx_word' id='word_1_105' title='bbox 1552 938 1612 992; x_wconf 87' lang='lat' dir='ltr'>eo)</span> <span class='ocrx_word' id='word_1_106' title='bbox 1646 941 1717 995; x_wconf 74' lang='lat' dir='ltr'>qui</span> <span class='ocrx_word' id='word_1_107' title='bbox 1747 940 1794 980; x_wconf 80' lang='lat' dir='ltr'>iu</span> 
     </span>
     <span class='ocr_line' id='line_1_13' title="bbox 184 1008 497 1064; baseline 0 -12"><span class='ocrx_word' id='word_1_108' title='bbox 184 1011 335 1053; x_wconf 76' lang='lat' dir='ltr'>iisdem</span> <span class='ocrx_word' id='word_1_109' title='bbox 369 1014 449 1052; x_wconf 83' lang='lat' dir='ltr'>cet.</span> <span class='ocrx_word' id='word_1_110' title='bbox 464 1008 497 1064; x_wconf 81' lang='grc'>1)</span> 
     </span>
    </p>

    <p class='ocr_par' dir='ltr' id='par_1_3' title="bbox 182 1081 1794 2130">
     <span class='ocr_line' id='line_1_14' title="bbox 303 1081 1793 1132; baseline -0.001 -9"><span class='ocrx_word' id='word_1_111' title='bbox 303 1083 351 1123; x_wconf 88' lang='lat' dir='ltr'>In</span> <span class='ocrx_word' id='word_1_112' title='bbox 383 1096 469 1124; x_wconf 91' lang='lat' dir='ltr'>uno</span> <span class='ocrx_word' id='word_1_113' title='bbox 503 1085 546 1123; x_wconf 92' lang='lat' dir='ltr'>et</span> <span class='ocrx_word' id='word_1_114' title='bbox 578 1082 715 1123; x_wconf 88' lang='lat' dir='ltr'>altero</span> <span class='ocrx_word' id='word_1_115' title='bbox 758 1082 942 1123; x_wconf 83' lang='lat' dir='ltr'>fortasse</span> <span class='ocrx_word' id='word_1_116' title='bbox 980 1083 1074 1124; x_wconf 93' lang='lat' dir='ltr'>loco</span> <span class='ocrx_word' id='word_1_117' title='bbox 1113 1082 1328 1132; x_wconf 84' lang='lat' dir='ltr'>Halmius,</span> <span class='ocrx_word' id='word_1_118' title='bbox 1379 1083 1459 1123; x_wconf 90' lang='lat' dir='ltr'>etsi</span> <span class='ocrx_word' id='word_1_119' title='bbox 1499 1083 1551 1123; x_wconf 91' lang='lat' dir='ltr'>de</span> <span class='ocrx_word' id='word_1_120' title='bbox 1591 1081 1793 1123; x_wconf 89' lang='lat' dir='ltr'>universa</span> 
     </span>
     <span class='ocr_line' id='line_1_15' title="bbox 183 1153 1792 1206; baseline -0.001 -11"><span class='ocrx_word' id='word_1_121' title='bbox 183 1167 230 1195; x_wconf 91' lang='lat' dir='ltr'>re</span> <span class='ocrx_word' id='word_1_122' title='bbox 262 1157 379 1195; x_wconf 89' lang='lat' dir='ltr'>recte</span> <span class='ocrx_word' id='word_1_123' title='bbox 413 1159 455 1195; x_wconf 82' lang='lat' dir='ltr'>et</span> <span class='ocrx_word' id='word_1_124' title='bbox 487 1166 601 1203; x_wconf 87' lang='lat' dir='ltr'>vere,</span> <span class='ocrx_word' id='word_1_125' title='bbox 643 1155 691 1194; x_wconf 91' lang='lat' dir='ltr'>ut</span> <span class='ocrx_word' id='word_1_126' title='bbox 724 1154 966 1206; x_wconf 71' lang='lat' dir='ltr'>exspectari</span> <span class='ocrx_word' id='word_1_127' title='bbox 1005 1155 1189 1206; x_wconf 89' lang='lat' dir='ltr'>poterat,</span> <span class='ocrx_word' id='word_1_128' title='bbox 1230 1154 1449 1203; x_wconf 88' lang='lat' dir='ltr'>iudicavit,</span> <span class='ocrx_word' id='word_1_129' title='bbox 1494 1153 1657 1206; x_wconf 83' lang='lat' dir='ltr'>aliquid</span> <span class='ocrx_word' id='word_1_130' title='bbox 1690 1165 1792 1193; x_wconf 88' lang='lat' dir='ltr'>con-</span> 
     </span>
     <span class='ocr_line' id='line_1_16' title="bbox 184 1223 1793 1278; baseline -0.002 -12"><span class='ocrx_word' id='word_1_131' title='bbox 184 1224 313 1266; x_wconf 79' lang='lat' dir='ltr'>cessit</span> <span class='ocrx_word' id='word_1_132' title='bbox 344 1225 532 1277; x_wconf 87' lang='lat' dir='ltr'>opinioni</span> <span class='ocrx_word' id='word_1_133' title='bbox 567 1224 625 1266; x_wconf 92' lang='lat' dir='ltr'>illi</span> <span class='ocrx_word' id='word_1_134' title='bbox 657 1224 972 1277; x_wconf 76' lang='lat' dir='ltr'>praestantioris</span> <span class='ocrx_word' id='word_1_135' title='bbox 1006 1225 1289 1275; x_wconf 83' lang='lat' dir='ltr'>auctoritatis,</span> <span class='ocrx_word' id='word_1_136' title='bbox 1331 1238 1428 1278; x_wconf 83' lang='lat' dir='ltr'>quae</span> <span class='ocrx_word' id='word_1_137' title='bbox 1469 1237 1521 1265; x_wconf 79' lang='lat' dir='ltr'>ex</span> <span class='ocrx_word' id='word_1_138' title='bbox 1560 1223 1793 1276; x_wconf 88' lang='lat' dir='ltr'>superiori-</span> 
     </span>
     <span class='ocr_line' id='line_1_17' title="bbox 183 1295 1792 1348; baseline -0.001 -12"><span class='ocrx_word' id='word_1_139' title='bbox 183 1295 266 1337; x_wconf 92' lang='lat' dir='ltr'>bus</span> <span class='ocrx_word' id='word_1_140' title='bbox 299 1295 568 1337; x_wconf 89' lang='lat' dir='ltr'>orationibus</span> <span class='ocrx_word' id='word_1_141' title='bbox 602 1296 730 1337; x_wconf 83' lang='lat' dir='ltr'>etiam</span> <span class='ocrx_word' id='word_1_142' title='bbox 767 1296 810 1336; x_wconf 93' lang='lat' dir='ltr'>in</span> <span class='ocrx_word' id='word_1_143' title='bbox 841 1295 924 1336; x_wconf 89' lang='lat' dir='ltr'>hac</span> <span class='ocrx_word' id='word_1_144' title='bbox 957 1296 1210 1337; x_wconf 79' lang='lat' dir='ltr'>adhaerebat</span> <span class='ocrx_word' id='word_1_145' title='bbox 1252 1296 1473 1338; x_wconf 84' lang='lat' dir='ltr'>codicibus</span> <span class='ocrx_word' id='word_1_146' title='bbox 1515 1295 1792 1348; x_wconf 89' lang='lat' dir='ltr'>quibusdam,</span> 
     </span>
     <span class='ocr_line' id='line_1_18' title="bbox 184 1365 1791 1420; baseline -0.001 -13"><span class='ocrx_word' id='word_1_147' title='bbox 184 1380 292 1420; x_wconf 87' lang='lat' dir='ltr'>quos</span> <span class='ocrx_word' id='word_1_148' title='bbox 326 1366 433 1407; x_wconf 86' lang='lat' dir='ltr'>mire</span> <span class='ocrx_word' id='word_1_149' title='bbox 465 1367 749 1420; x_wconf 83' lang='lat' dir='ltr'>interpolatos</span> <span class='ocrx_word' id='word_1_150' title='bbox 783 1380 876 1408; x_wconf 86' lang='lat' dir='ltr'>esse</span> <span class='ocrx_word' id='word_1_151' title='bbox 910 1367 1010 1408; x_wconf 91' lang='lat' dir='ltr'>olim</span> <span class='ocrx_word' id='word_1_152' title='bbox 1052 1367 1270 1408; x_wconf 87' lang='lat' dir='ltr'>declaravi</span> <span class='ocrx_word' id='word_1_153' title='bbox 1310 1366 1489 1420; x_wconf 88' lang='lat' dir='ltr'>(Opusc.</span> <span class='ocrx_word' id='word_1_154' title='bbox 1523 1366 1596 1407; x_wconf 90' lang='lat' dir='ltr'>alt.</span> <span class='ocrx_word' id='word_1_155' title='bbox 1630 1379 1673 1418; x_wconf 89' lang='lat' dir='ltr'>p.</span> <span class='ocrx_word' id='word_1_156' title='bbox 1707 1365 1791 1407; x_wconf 75' lang='lat'>307</span> 
     </span>
     <span class='ocr_line' id='line_1_19' title="bbox 184 1436 1793 1491; baseline -0.001 -13"><span class='ocrx_word' id='word_1_157' title='bbox 184 1436 311 1491; x_wconf 74' lang='lat' dir='ltr'>sqq).</span> <span class='ocrx_word' id='word_1_158' title='bbox 375 1438 421 1478; x_wconf 78' lang='lat' dir='ltr'>ln</span> <span class='ocrx_word' id='word_1_159' title='bbox 454 1439 536 1479; x_wconf 87' lang='grc'>1100</span> <span class='ocrx_word' id='word_1_160' title='bbox 569 1451 726 1491; x_wconf 78' lang='lat' dir='ltr'>genere</span> <span class='ocrx_word' id='word_1_161' title='bbox 766 1451 881 1491; x_wconf 85' lang='lat' dir='ltr'>pono</span> <span class='ocrx_word' id='word_1_162' title='bbox 921 1437 963 1478; x_wconf 89' lang='lat' dir='ltr'>in</span> <span class='ocrx_word' id='word_1_163' title='bbox 997 1436 1019 1489; x_wconf 63' lang='grc' dir='ltr'><strong>ἓ</strong></span> <span class='ocrx_word' id='word_1_164' title='bbox 1055 1438 1111 1478; x_wconf 71' lang='lat'>34</span> <span class='ocrx_word' id='word_1_165' title='bbox 1142 1440 1382 1479; x_wconf 84' lang='lat' dir='ltr'>retentum:</span> <span class='ocrx_word' id='word_1_166' title='bbox 1432 1437 1793 1478; x_wconf 72' lang='lat' dir='ltr'>clementissimum</span> 
     </span>
     <span class='ocr_line' id='line_1_20' title="bbox 183 1508 1794 1561; baseline -0.001 -12"><span class='ocrx_word' id='word_1_167' title='bbox 183 1509 228 1549; x_wconf 78' lang='lat' dir='ltr'>iu</span> <span class='ocrx_word' id='word_1_168' title='bbox 260 1509 437 1549; x_wconf 72' lang='lat' dir='ltr'>victoria</span> <span class='ocrx_word' id='word_1_169' title='bbox 470 1508 615 1550; x_wconf 77' lang='lat' dir='ltr'>ducem</span> <span class='ocrx_word' id='word_1_170' title='bbox 648 1509 831 1549; x_wconf 70' lang='lat' dir='ltr'>vz&#39;diireus</span> <span class='ocrx_word' id='word_1_171' title='bbox 863 1522 942 1561; x_wconf 88' lang='lat' dir='ltr'>pro</span> <span class='ocrx_word' id='word_1_172' title='bbox 978 1510 1079 1549; x_wconf 82' lang='lat' dir='ltr'>hoc:</span> <span class='ocrx_word' id='word_1_173' title='bbox 1130 1510 1493 1550; x_wconf 70' lang='lat' dir='ltr'>clementissimum</span> <span class='ocrx_word' id='word_1_174' title='bbox 1532 1510 1578 1549; x_wconf 74' lang='lat' dir='ltr'>in</span> <span class='ocrx_word' id='word_1_175' title='bbox 1617 1508 1794 1549; x_wconf 75' lang='lat' dir='ltr'>victoria</span> 
     </span>
     <span class='ocr_line' id='line_1_21' title="bbox 184 1578 1794 1632; baseline -0.001 -12"><span class='ocrx_word' id='word_1_176' title='bbox 184 1579 396 1629; x_wconf 78' lang='lat' dir='ltr'>dueimus;</span> <span class='ocrx_word' id='word_1_177' title='bbox 444 1593 547 1621; x_wconf 87' lang='lat' dir='ltr'>nam</span> <span class='ocrx_word' id='word_1_178' title='bbox 592 1583 635 1621; x_wconf 87' lang='lat' dir='ltr'>et</span> <span class='ocrx_word' id='word_1_179' title='bbox 667 1580 786 1621; x_wconf 77' lang='lat' dir='ltr'>ducis</span> <span class='ocrx_word' id='word_1_180' title='bbox 818 1580 1080 1621; x_wconf 87' lang='lat' dir='ltr'>vocabulum</span> <span class='ocrx_word' id='word_1_181' title='bbox 1116 1583 1157 1620; x_wconf 85' lang='lat' dir='ltr'>et</span> <span class='ocrx_word' id='word_1_182' title='bbox 1190 1580 1308 1622; x_wconf 91' lang='lat' dir='ltr'>notio</span> <span class='ocrx_word' id='word_1_183' title='bbox 1341 1580 1539 1621; x_wconf 88' lang='lat' dir='ltr'>abundat</span> <span class='ocrx_word' id='word_1_184' title='bbox 1573 1581 1626 1630; x_wconf 87' lang='lat' dir='ltr'>et,</span> <span class='ocrx_word' id='word_1_185' title='bbox 1677 1578 1794 1632; x_wconf 87' lang='lat' dir='ltr'>quod</span> 
     </span>
     <span class='ocr_line' id='line_1_22' title="bbox 182 1650 1792 1704; baseline -0.002 -11"><span class='ocrx_word' id='word_1_186' title='bbox 182 1665 276 1693; x_wconf 89' lang='lat' dir='ltr'>rem</span> <span class='ocrx_word' id='word_1_187' title='bbox 316 1652 498 1701; x_wconf 88' lang='lat' dir='ltr'>conficit,</span> <span class='ocrx_word' id='word_1_188' title='bbox 547 1665 635 1692; x_wconf 88' lang='lat' dir='ltr'>non</span> <span class='ocrx_word' id='word_1_189' title='bbox 678 1651 831 1704; x_wconf 83' lang='lat' dir='ltr'>agitur.</span> <span class='ocrx_word' id='word_1_190' title='bbox 882 1651 1056 1704; x_wconf 79' lang='lat' dir='ltr'>qualem</span> <span class='ocrx_word' id='word_1_191' title='bbox 1099 1652 1289 1692; x_wconf 82' lang='lat' dir='ltr'>Romani</span> <span class='ocrx_word' id='word_1_192' title='bbox 1331 1652 1550 1693; x_wconf 85' lang='lat' dir='ltr'>Caesarem</span> <span class='ocrx_word' id='word_1_193' title='bbox 1591 1650 1792 1699; x_wconf 87' lang='lat' dir='ltr'>viderint,</span> 
     </span>
     <span class='ocr_line' id='line_1_23' title="bbox 183 1722 1793 1775; baseline -0.001 -11"><span class='ocrx_word' id='word_1_194' title='bbox 183 1723 261 1764; x_wconf 90' lang='lat' dir='ltr'>sed</span> <span class='ocrx_word' id='word_1_195' title='bbox 293 1723 466 1775; x_wconf 87' lang='lat' dir='ltr'>qualem</span> <span class='ocrx_word' id='word_1_196' title='bbox 500 1722 558 1763; x_wconf 90' lang='lat' dir='ltr'>illi</span> <span class='ocrx_word' id='word_1_197' title='bbox 590 1722 713 1763; x_wconf 89' lang='lat' dir='ltr'>liberi</span> <span class='ocrx_word' id='word_1_198' title='bbox 747 1725 789 1763; x_wconf 89' lang='lat' dir='ltr'>et</span> <span class='ocrx_word' id='word_1_199' title='bbox 821 1723 863 1763; x_wconf 91' lang='lat' dir='ltr'>in</span> <span class='ocrx_word' id='word_1_200' title='bbox 887 1736 1059 1763; x_wconf 86' lang='lat' dir='ltr'>summa</span> <span class='ocrx_word' id='word_1_201' title='bbox 1081 1722 1282 1763; x_wconf 87' lang='lat' dir='ltr'>libertate</span> <span class='ocrx_word' id='word_1_202' title='bbox 1304 1723 1397 1763; x_wconf 84' lang='lat' dir='ltr'>nati</span> <span class='ocrx_word' id='word_1_203' title='bbox 1418 1723 1629 1771; x_wconf 82' lang='lat' dir='ltr'>iudicent3</span> <span class='ocrx_word' id='word_1_204' title='bbox 1661 1723 1793 1774; x_wconf 81' lang='lat' dir='ltr'>negat</span> 
     </span>
     <span class='ocr_line' id='line_1_24' title="bbox 184 1793 1793 1846; baseline -0.001 -11"><span class='ocrx_word' id='word_1_205' title='bbox 184 1794 298 1835; x_wconf 89' lang='lat' dir='ltr'>enim</span> <span class='ocrx_word' id='word_1_206' title='bbox 333 1794 495 1843; x_wconf 85' lang='lat' dir='ltr'>Cicero,</span> <span class='ocrx_word' id='word_1_207' title='bbox 531 1793 604 1846; x_wconf 78' lang='lat' dir='ltr'>qui</span> <span class='ocrx_word' id='word_1_208' title='bbox 637 1793 734 1834; x_wconf 86' lang='lat' dir='ltr'>talis</span> <span class='ocrx_word' id='word_1_209' title='bbox 766 1793 847 1834; x_wconf 91' lang='lat' dir='ltr'>illis</span> <span class='ocrx_word' id='word_1_210' title='bbox 880 1793 1091 1843; x_wconf 87' lang='lat' dir='ltr'>videatur,</span> <span class='ocrx_word' id='word_1_211' title='bbox 1127 1807 1224 1835; x_wconf 78' lang='lat' dir='ltr'>eun]</span> <span class='ocrx_word' id='word_1_212' title='bbox 1259 1793 1422 1835; x_wconf 87' lang='lat' dir='ltr'>homini</span> <span class='ocrx_word' id='word_1_213' title='bbox 1456 1794 1499 1834; x_wconf 92' lang='lat' dir='ltr'>in</span> <span class='ocrx_word' id='word_1_214' title='bbox 1530 1807 1664 1846; x_wconf 82' lang='lat' dir='ltr'>regno</span> <span class='ocrx_word' id='word_1_215' title='bbox 1688 1795 1793 1834; x_wconf 82' lang='lat' dir='ltr'>nato</span> 
     </span>
     <span class='ocr_line' id='line_1_25' title="bbox 182 1864 1794 1919; baseline -0.001 -13"><span class='ocrx_word' id='word_1_216' title='bbox 182 1867 418 1919; x_wconf 86' lang='lat' dir='ltr'>tyrannum</span> <span class='ocrx_word' id='word_1_217' title='bbox 452 1864 587 1905; x_wconf 89' lang='lat' dir='ltr'>videri</span> <span class='ocrx_word' id='word_1_218' title='bbox 620 1877 763 1917; x_wconf 90' lang='lat' dir='ltr'>posse.</span> <span class='ocrx_word' id='word_1_219' title='bbox 826 1864 874 1904; x_wconf 90' lang='lat' dir='ltr'>In</span> <span class='ocrx_word' id='word_1_220' title='bbox 907 1865 1059 1906; x_wconf 89' lang='lat' dir='ltr'>eodem</span> <span class='ocrx_word' id='word_1_221' title='bbox 1094 1865 1187 1906; x_wconf 93' lang='lat' dir='ltr'>loco</span> <span class='ocrx_word' id='word_1_222' title='bbox 1220 1865 1350 1917; x_wconf 89' lang='lat' dir='ltr'>paulo</span> <span class='ocrx_word' id='word_1_223' title='bbox 1383 1867 1482 1917; x_wconf 87' lang='lat' dir='ltr'>post</span> <span class='ocrx_word' id='word_1_224' title='bbox 1513 1865 1713 1905; x_wconf 85' lang='lat' dir='ltr'>Halmius</span> <span class='ocrx_word' id='word_1_225' title='bbox 1741 1877 1794 1905; x_wconf 84' lang='lat' dir='ltr'>ex</span> 
     </span>
     <span class='ocr_line' id='line_1_26' title="bbox 182 1934 1792 1989; baseline -0.002 -12"><span class='ocrx_word' id='word_1_226' title='bbox 182 1936 337 1977; x_wconf 88' lang='lat' dir='ltr'>iisdem</span> <span class='ocrx_word' id='word_1_227' title='bbox 370 1935 590 1977; x_wconf 88' lang='lat' dir='ltr'>codicibus</span> <span class='ocrx_word' id='word_1_228' title='bbox 622 1935 765 1976; x_wconf 83' lang='lat' dir='ltr'>minus</span> <span class='ocrx_word' id='word_1_229' title='bbox 798 1937 915 1976; x_wconf 88' lang='lat' dir='ltr'>recte</span> <span class='ocrx_word' id='word_1_230' title='bbox 947 1937 1119 1989; x_wconf 86' lang='lat' dir='ltr'>scripsit</span> <span class='ocrx_word' id='word_1_231' title='bbox 1150 1936 1383 1977; x_wconf 73' lang='lat' dir='ltr'>invidimus</span> <span class='ocrx_word' id='word_1_232' title='bbox 1425 1949 1504 1988; x_wconf 90' lang='lat' dir='ltr'>pro</span> <span class='ocrx_word' id='word_1_233' title='bbox 1535 1934 1792 1984; x_wconf 78' lang='lat' dir='ltr'>iuvidemus3</span> 
     </span>
     <span class='ocr_line' id='line_1_27' title="bbox 184 2005 1794 2060; baseline -0.001 -12"><span class='ocrx_word' id='word_1_234' title='bbox 184 2007 324 2060; x_wconf 82' lang='lat' dir='ltr'>agitur</span> <span class='ocrx_word' id='word_1_235' title='bbox 357 2008 472 2047; x_wconf 85' lang='lat' dir='ltr'>enirn</span> <span class='ocrx_word' id='word_1_236' title='bbox 506 2006 558 2046; x_wconf 91' lang='lat' dir='ltr'>de</span> <span class='ocrx_word' id='word_1_237' title='bbox 592 2005 844 2059; x_wconf 87' lang='lat' dir='ltr'>quotidiano</span> <span class='ocrx_word' id='word_1_238' title='bbox 886 2006 1071 2048; x_wconf 83' lang='lat' dir='ltr'>Caesaris</span> <span class='ocrx_word' id='word_1_239' title='bbox 1111 2009 1374 2060; x_wconf 83' lang='lat' dir='ltr'>tropaeorum</span> <span class='ocrx_word' id='word_1_240' title='bbox 1418 2008 1665 2059; x_wconf 88' lang='lat' dir='ltr'>conspectu,</span> <span class='ocrx_word' id='word_1_241' title='bbox 1705 2017 1794 2046; x_wconf 89' lang='lat' dir='ltr'>non</span> 
     </span>
     <span class='ocr_line' id='line_1_28' title="bbox 184 2077 1121 2130; baseline 0 -11"><span class='ocrx_word' id='word_1_242' title='bbox 184 2078 238 2119; x_wconf 92' lang='lat' dir='ltr'>de</span> <span class='ocrx_word' id='word_1_243' title='bbox 270 2078 341 2119; x_wconf 91' lang='lat' dir='ltr'>illo</span> <span class='ocrx_word' id='word_1_244' title='bbox 373 2079 584 2130; x_wconf 86' lang='lat' dir='ltr'>tempore,</span> <span class='ocrx_word' id='word_1_245' title='bbox 619 2090 704 2130; x_wconf 86' lang='lat' dir='ltr'>quo</span> <span class='ocrx_word' id='word_1_246' title='bbox 738 2077 974 2119; x_wconf 80' lang='lat' dir='ltr'>constituta</span> <span class='ocrx_word' id='word_1_247' title='bbox 1006 2080 1121 2119; x_wconf 87' lang='lat' dir='ltr'>sunt.</span> 
     </span>
    </p>

    <p class='ocr_par' dir='ltr' id='par_1_4' title="bbox 183 2148 1792 2486">
     <span class='ocr_line' id='line_1_29' title="bbox 302 2148 1792 2202; baseline -0.001 -13"><span class='ocrx_word' id='word_1_248' title='bbox 302 2148 350 2189; x_wconf 90' lang='lat' dir='ltr'>In</span> <span class='ocrx_word' id='word_1_249' title='bbox 390 2148 643 2202; x_wconf 75' lang='lat' dir='ltr'>Philippicis</span> <span class='ocrx_word' id='word_1_250' title='bbox 681 2148 881 2189; x_wconf 86' lang='lat' dir='ltr'>Halmius</span> <span class='ocrx_word' id='word_1_251' title='bbox 930 2162 1066 2202; x_wconf 86' lang='lat' dir='ltr'>quum</span> <span class='ocrx_word' id='word_1_252' title='bbox 1115 2148 1272 2190; x_wconf 90' lang='lat' dir='ltr'>codicis</span> <span class='ocrx_word' id='word_1_253' title='bbox 1321 2148 1517 2189; x_wconf 90' lang='lat' dir='ltr'>Vaticani</span> <span class='ocrx_word' id='word_1_254' title='bbox 1566 2148 1792 2189; x_wconf 87' lang='lat' dir='ltr'>collatione</span> 
     </span>
     <span class='ocr_line' id='line_1_30' title="bbox 183 2219 1791 2272; baseline 0 -12"><span class='ocrx_word' id='word_1_255' title='bbox 183 2221 380 2260; x_wconf 87' lang='lat' dir='ltr'>uteretur</span> <span class='ocrx_word' id='word_1_256' title='bbox 412 2233 526 2260; x_wconf 85' lang='lat' dir='ltr'>nova</span> <span class='ocrx_word' id='word_1_257' title='bbox 559 2219 891 2272; x_wconf 81' lang='lat' dir='ltr'>diligentiusque</span> <span class='ocrx_word' id='word_1_258' title='bbox 913 2219 1042 2269; x_wconf 85' lang='lat' dir='ltr'>facta,</span> <span class='ocrx_word' id='word_1_259' title='bbox 1076 2220 1119 2260; x_wconf 90' lang='lat' dir='ltr'>in</span> <span class='ocrx_word' id='word_1_260' title='bbox 1143 2233 1229 2272; x_wconf 85' lang='lat' dir='ltr'>qua</span> <span class='ocrx_word' id='word_1_261' title='bbox 1252 2220 1380 2260; x_wconf 87' lang='lat' dir='ltr'>etiam</span> <span class='ocrx_word' id='word_1_262' title='bbox 1406 2232 1617 2260; x_wconf 87' lang='lat' dir='ltr'>manuum</span> <span class='ocrx_word' id='word_1_263' title='bbox 1640 2219 1791 2272; x_wconf 83' lang='lat' dir='ltr'>primae</span> 
     </span>
     <span class='ocr_line' id='line_1_31' title="bbox 185 2289 1791 2343; baseline 0 -13"><span class='ocrx_word' id='word_1_264' title='bbox 185 2292 228 2331; x_wconf 90' lang='lat' dir='ltr'>et</span> <span class='ocrx_word' id='word_1_265' title='bbox 260 2290 451 2340; x_wconf 91' lang='lat' dir='ltr'>alterius,</span> <span class='ocrx_word' id='word_1_266' title='bbox 491 2290 650 2343; x_wconf 88' lang='lat' dir='ltr'>partim</span> <span class='ocrx_word' id='word_1_267' title='bbox 686 2291 889 2342; x_wconf 78' lang='lat' dir='ltr'>antiquae,</span> <span class='ocrx_word' id='word_1_268' title='bbox 930 2292 1090 2343; x_wconf 88' lang='lat' dir='ltr'>partim</span> <span class='ocrx_word' id='word_1_269' title='bbox 1122 2290 1386 2340; x_wconf 86' lang='lat' dir='ltr'>recentioris,</span> <span class='ocrx_word' id='word_1_270' title='bbox 1437 2289 1686 2332; x_wconf 88' lang='lat' dir='ltr'>discrimina</span> <span class='ocrx_word' id='word_1_271' title='bbox 1719 2302 1791 2330; x_wconf 92' lang='lat' dir='ltr'>ac-</span> 
     </span>
     <span class='ocr_line' id='line_1_32' title="bbox 184 2361 1791 2415; baseline 0 -14"><span class='ocrx_word' id='word_1_272' title='bbox 184 2363 333 2402; x_wconf 87' lang='lat' dir='ltr'>curate</span> <span class='ocrx_word' id='word_1_273' title='bbox 376 2363 522 2402; x_wconf 84' lang='lat' dir='ltr'>notata</span> <span class='ocrx_word' id='word_1_274' title='bbox 570 2363 735 2411; x_wconf 89' lang='lat' dir='ltr'>essent,</span> <span class='ocrx_word' id='word_1_275' title='bbox 776 2361 868 2402; x_wconf 89' lang='lat' dir='ltr'>iure</span> <span class='ocrx_word' id='word_1_276' title='bbox 908 2362 1162 2415; x_wconf 87' lang='lat' dir='ltr'>primariam</span> <span class='ocrx_word' id='word_1_277' title='bbox 1202 2363 1315 2402; x_wconf 88' lang='lat' dir='ltr'>hanc</span> <span class='ocrx_word' id='word_1_278' title='bbox 1355 2361 1660 2402; x_wconf 84' lang='lat' dir='ltr'>auctoritatem</span> <span class='ocrx_word' id='word_1_279' title='bbox 1699 2363 1791 2401; x_wconf 91' lang='lat' dir='ltr'>stu-</span> 
     </span>
     <span class='ocr_line' id='line_1_33' title="bbox 185 2431 1791 2486; baseline 0 -14"><span class='ocrx_word' id='word_1_280' title='bbox 185 2431 305 2473; x_wconf 90' lang='lat' dir='ltr'>diose</span> <span class='ocrx_word' id='word_1_281' title='bbox 322 2433 511 2472; x_wconf 87' lang='lat' dir='ltr'>sectatus</span> <span class='ocrx_word' id='word_1_282' title='bbox 531 2435 607 2481; x_wconf 86' lang='lat' dir='ltr'>est,</span> <span class='ocrx_word' id='word_1_283' title='bbox 632 2432 813 2485; x_wconf 80' lang='lat' dir='ltr'>vestigia</span> <span class='ocrx_word' id='word_1_284' title='bbox 831 2431 976 2482; x_wconf 87' lang='lat' dir='ltr'>etiam,</span> <span class='ocrx_word' id='word_1_285' title='bbox 1005 2446 1102 2485; x_wconf 82' lang='lat' dir='ltr'>quae</span> <span class='ocrx_word' id='word_1_286' title='bbox 1120 2433 1307 2486; x_wconf 86' lang='lat' dir='ltr'>primam</span> <span class='ocrx_word' id='word_1_287' title='bbox 1325 2433 1514 2485; x_wconf 88' lang='lat' dir='ltr'>speciem</span> <span class='ocrx_word' id='word_1_288' title='bbox 1532 2431 1791 2473; x_wconf 88' lang='lat' dir='ltr'>mendosam</span> 
     </span>
    </p>
   </div>
   <div class='ocr_carea' id='block_1_3' title="bbox 222 2582 1790 2980">
    <p class='ocr_par' dir='ltr' id='par_1_5' title="bbox 222 2582 1790 2980">
     <span class='ocr_line' id='line_1_34' title="bbox 222 2582 1790 2629; baseline 0 -11"><span class='ocrx_word' id='word_1_289' title='bbox 222 2582 250 2627; x_wconf 81' lang='lat'>¹)</span> <span class='ocrx_word' id='word_1_290' title='bbox 277 2585 329 2618; x_wconf 86' lang='lat' dir='ltr'>Ex</span> <span class='ocrx_word' id='word_1_291' title='bbox 354 2583 454 2628; x_wconf 82' lang='lat' dir='ltr'>praef.</span> <span class='ocrx_word' id='word_1_292' title='bbox 483 2584 537 2617; x_wconf 80' lang='lat' dir='ltr'>ed.</span> <span class='ocrx_word' id='word_1_293' title='bbox 565 2583 603 2617; x_wconf 78' lang='lat'>3:</span> <span class='ocrx_word' id='word_1_294' title='bbox 632 2584 668 2618; x_wconf 88' lang='lat' dir='ltr'>C.</span> <span class='ocrx_word' id='word_1_295' title='bbox 698 2583 752 2624; x_wconf 84' lang='lat'>10,</span> <span class='ocrx_word' id='word_1_296' title='bbox 779 2583 824 2617; x_wconf 80' lang='lat'>29</span> <span class='ocrx_word' id='word_1_297' title='bbox 851 2584 949 2628; x_wconf 87' lang='lat' dir='ltr'>quod</span> <span class='ocrx_word' id='word_1_298' title='bbox 975 2587 1085 2618; x_wconf 86' lang='lat' dir='ltr'>antea</span> <span class='ocrx_word' id='word_1_299' title='bbox 1111 2584 1224 2618; x_wconf 86' lang='lat' dir='ltr'>edidi:</span> <span class='ocrx_word' id='word_1_300' title='bbox 1252 2596 1362 2629; x_wconf 78' lang='lat' dir='ltr'>quum</span> <span class='ocrx_word' id='word_1_301' title='bbox 1389 2605 1433 2608; x_wconf 97' lang='lat'><strong>—</strong></span> <span class='ocrx_word' id='word_1_302' title='bbox 1459 2595 1591 2618; x_wconf 77' lang='lat' dir='ltr'>suasor</span> <span class='ocrx_word' id='word_1_303' title='bbox 1615 2585 1681 2626; x_wconf 71' lang='lat' dir='ltr'>fui,</span> <span class='ocrx_word' id='word_1_304' title='bbox 1709 2595 1790 2618; x_wconf 90' lang='lat' dir='ltr'>con-</span> 
     </span>
     <span class='ocr_line' id='line_1_35' title="bbox 280 2642 1790 2688; baseline 0.001 -12"><span class='ocrx_word' id='word_1_305' title='bbox 280 2647 337 2677; x_wconf 84' lang='lat' dir='ltr'>tra</span> <span class='ocrx_word' id='word_1_306' title='bbox 362 2642 503 2676; x_wconf 85' lang='lat' dir='ltr'>codices</span> <span class='ocrx_word' id='word_1_307' title='bbox 530 2642 696 2683; x_wconf 79' lang='lat' dir='ltr'>retinere,</span> <span class='ocrx_word' id='word_1_308' title='bbox 725 2654 936 2687; x_wconf 86' lang='lat' dir='ltr'>quanquam</span> <span class='ocrx_word' id='word_1_309' title='bbox 963 2643 1000 2677; x_wconf 88' lang='lat' dir='ltr'>in</span> <span class='ocrx_word' id='word_1_310' title='bbox 1024 2644 1067 2677; x_wconf 88' lang='lat' dir='ltr'>iis</span> <span class='ocrx_word' id='word_1_311' title='bbox 1085 2655 1159 2677; x_wconf 91' lang='lat' dir='ltr'>non</span> <span class='ocrx_word' id='word_1_312' title='bbox 1176 2655 1298 2688; x_wconf 78' lang='lat' dir='ltr'>parvae</span> <span class='ocrx_word' id='word_1_313' title='bbox 1316 2644 1433 2678; x_wconf 86' lang='lat' dir='ltr'>turbae</span> <span class='ocrx_word' id='word_1_314' title='bbox 1451 2647 1546 2685; x_wconf 79' lang='lat' dir='ltr'>sunt,</span> <span class='ocrx_word' id='word_1_315' title='bbox 1573 2655 1647 2678; x_wconf 89' lang='lat' dir='ltr'>non</span> <span class='ocrx_word' id='word_1_316' title='bbox 1665 2647 1790 2678; x_wconf 86' lang='lat' dir='ltr'>tamen</span> 
     </span>
     <span class='ocr_line' id='line_1_36' title="bbox 280 2702 1789 2747; baseline 0.001 -11"><span class='ocrx_word' id='word_1_317' title='bbox 280 2713 361 2736; x_wconf 89' lang='lat' dir='ltr'>sum</span> <span class='ocrx_word' id='word_1_318' title='bbox 401 2712 522 2742; x_wconf 74' lang='lat' dir='ltr'>ausuS,</span> <span class='ocrx_word' id='word_1_319' title='bbox 562 2713 675 2745; x_wconf 84' lang='lat' dir='ltr'>quum</span> <span class='ocrx_word' id='word_1_320' title='bbox 709 2702 911 2746; x_wconf 84' lang='lat' dir='ltr'>praesertim</span> <span class='ocrx_word' id='word_1_321' title='bbox 944 2702 1162 2737; x_wconf 85' lang='lat' dir='ltr'>indicativus</span> <span class='ocrx_word' id='word_1_322' title='bbox 1194 2703 1344 2747; x_wconf 79' lang='lat' dir='ltr'>perfecti</span> <span class='ocrx_word' id='word_1_323' title='bbox 1378 2703 1437 2737; x_wconf 83' lang='lat' dir='ltr'>vix</span> <span class='ocrx_word' id='word_1_324' title='bbox 1474 2706 1572 2738; x_wconf 87' lang='lat' dir='ltr'>recte</span> <span class='ocrx_word' id='word_1_325' title='bbox 1609 2704 1678 2737; x_wconf 90' lang='lat' dir='ltr'>hoc</span> <span class='ocrx_word' id='word_1_326' title='bbox 1710 2704 1789 2738; x_wconf 89' lang='grc'>1000</span> 
     </span>
     <span class='ocr_line' id='line_1_37' title="bbox 279 2760 1789 2806; baseline 0.002 -13"><span class='ocrx_word' id='word_1_327' title='bbox 279 2760 466 2805; x_wconf 84' lang='lat' dir='ltr'>particulae</span> <span class='ocrx_word' id='word_1_328' title='bbox 492 2772 601 2803; x_wconf 77' lang='lat' dir='ltr'>quum</span> <span class='ocrx_word' id='word_1_329' title='bbox 627 2761 876 2802; x_wconf 85' lang='lat' dir='ltr'>subiiceretur,</span> <span class='ocrx_word' id='word_1_330' title='bbox 916 2773 1035 2805; x_wconf 87' lang='lat' dir='ltr'>neque</span> <span class='ocrx_word' id='word_1_331' title='bbox 1069 2762 1167 2796; x_wconf 85' lang='lat' dir='ltr'>enim</span> <span class='ocrx_word' id='word_1_332' title='bbox 1198 2774 1255 2796; x_wconf 86' lang='lat' dir='ltr'>res</span> <span class='ocrx_word' id='word_1_333' title='bbox 1281 2765 1382 2806; x_wconf 78' lang='lat' dir='ltr'>gesta</span> <span class='ocrx_word' id='word_1_334' title='bbox 1407 2762 1465 2795; x_wconf 88' lang='lat' dir='ltr'>hic</span> <span class='ocrx_word' id='word_1_335' title='bbox 1491 2763 1789 2797; x_wconf 84' lang='lat' dir='ltr'>accommodatur</span> 
     </span>
     <span class='ocr_line' id='line_1_38' title="bbox 280 2819 1789 2866; baseline 0.003 -14"><span class='ocrx_word' id='word_1_336' title='bbox 280 2820 325 2853; x_wconf 83' lang='lat' dir='ltr'>ad</span> <span class='ocrx_word' id='word_1_337' title='bbox 352 2820 525 2863; x_wconf 84' lang='lat' dir='ltr'>temporis</span> <span class='ocrx_word' id='word_1_338' title='bbox 552 2819 777 2853; x_wconf 83' lang='lat' dir='ltr'>notationem</span> <span class='ocrx_word' id='word_1_339' title='bbox 804 2821 1082 2863; x_wconf 65' lang='lat' dir='ltr'>praecedentem,</span> <span class='ocrx_word' id='word_1_340' title='bbox 1115 2832 1183 2855; x_wconf 86' lang='lat' dir='ltr'>nec</span> <span class='ocrx_word' id='word_1_341' title='bbox 1208 2832 1282 2855; x_wconf 82' lang='lat' dir='ltr'>una</span> <span class='ocrx_word' id='word_1_342' title='bbox 1308 2820 1486 2855; x_wconf 89' lang='lat' dir='ltr'>eiusmodi</span> <span class='ocrx_word' id='word_1_343' title='bbox 1513 2832 1569 2856; x_wconf 88' lang='lat' dir='ltr'>res</span> <span class='ocrx_word' id='word_1_344' title='bbox 1595 2821 1789 2866; x_wconf 83' lang='lat' dir='ltr'>significari</span> 
     </span>
     <span class='ocr_line' id='line_1_39' title="bbox 280 2878 1788 2924; baseline 0.002 -13"><span class='ocrx_word' id='word_1_345' title='bbox 280 2879 434 2919; x_wconf 82' lang='lat' dir='ltr'>videtur,</span> <span class='ocrx_word' id='word_1_346' title='bbox 469 2878 513 2912; x_wconf 86' lang='lat' dir='ltr'>de</span> <span class='ocrx_word' id='word_1_347' title='bbox 539 2888 612 2921; x_wconf 82' lang='lat' dir='ltr'>qua</span> <span class='ocrx_word' id='word_1_348' title='bbox 636 2888 701 2922; x_wconf 84' lang='lat' dir='ltr'>per</span> <span class='ocrx_word' id='word_1_349' title='bbox 726 2889 764 2912; x_wconf 82' lang='lat' dir='ltr'>se</span> <span class='ocrx_word' id='word_1_350' title='bbox 791 2882 887 2913; x_wconf 85' lang='lat' dir='ltr'>recte</span> <span class='ocrx_word' id='word_1_351' title='bbox 911 2881 970 2923; x_wconf 79' lang='lat' dir='ltr'>fui</span> <span class='ocrx_word' id='word_1_352' title='bbox 995 2880 1145 2914; x_wconf 83' lang='lat' dir='ltr'>dicatur.</span> <span class='ocrx_word' id='word_1_353' title='bbox 1197 2880 1324 2924; x_wconf 83' lang='lat' dir='ltr'>Itaque</span> <span class='ocrx_word' id='word_1_354' title='bbox 1356 2891 1487 2914; x_wconf 77' lang='lat' dir='ltr'>suasor</span> <span class='ocrx_word' id='word_1_355' title='bbox 1510 2882 1662 2923; x_wconf 78' lang='lat' dir='ltr'>fuissem</span> <span class='ocrx_word' id='word_1_356' title='bbox 1687 2880 1788 2915; x_wconf 86' lang='lat' dir='ltr'>resti-</span> 
     </span>
     <span class='ocr_line' id='line_1_40' title="bbox 280 2937 1144 2980; baseline 0.003 -10"><span class='ocrx_word' id='word_1_357' title='bbox 280 2937 344 2978; x_wconf 90' lang='lat' dir='ltr'>tui,</span> <span class='ocrx_word' id='word_1_358' title='bbox 373 2937 439 2971; x_wconf 81' lang='lat' dir='ltr'>etsi</span> <span class='ocrx_word' id='word_1_359' title='bbox 464 2937 533 2970; x_wconf 89' lang='lat' dir='ltr'>hoc</span> <span class='ocrx_word' id='word_1_360' title='bbox 560 2947 705 2980; x_wconf 83' lang='lat' dir='ltr'>quoque</span> <span class='ocrx_word' id='word_1_361' title='bbox 732 2937 997 2972; x_wconf 80' lang='lat' dir='ltr'>dubitationem</span> <span class='ocrx_word' id='word_1_362' title='bbox 1024 2939 1144 2973; x_wconf 86' lang='lat' dir='ltr'>habet.</span> 
     </span>
    </p>
   </div>
  </div>
 </body>
</html>
