1915 3235
945 80 1031 121 750

185 211 305 252 addit
337 210 524 252 Nizolius
556 209 653 259 tria,
686 210 738 250 N.
772 210 820 250 D.
856 210 872 250 l
905 208 927 261 ἓ
961 210 1029 257 59,
1065 208 1165 249 Lael.
1197 209 1265 258 82,
1299 209 1485 262 Philipp.
1511 209 1600 259 XII,
1635 210 1675 258 9,
1708 222 1788 251 nec

184 282 336 334 opinor
367 281 411 322 in
444 281 519 322 tali
551 293 597 321 re
629 280 754 333 plura
788 280 1082 334 conquirenda
1116 292 1223 320 esse.
1239 277 1273 332 l)

303 351 325 404 ξ
359 353 413 393 39
449 351 572 405 (Milo
605 351 653 392 P.
691 351 883 392 Clodiam
918 353 962 392 ἰη
995 351 1198 391 iudicium
1232 350 1306 403 bis,
1356 350 1412 391 ad
1452 352 1536 392 vim
1575 366 1788 406 nunquam

183 422 358 476 vocavit)
391 423 536 471 miror,
587 423 703 476 quod
743 436 846 464 casu
888 423 1014 463 unius
1046 424 1219 462 tantum
1252 422 1539 463 accusationis
1573 436 1599 464 a
1630 423 1787 464 Milone

184 494 332 536 Clodio
365 495 590 535 intentatae
612 494 824 535 memoria
846 495 1057 546 superest,
1091 493 1289 534 homines
1313 492 1462 534 doctos
1483 507 1623 547 nuper
1643 496 1789 535 tanto-

183 578 286 618 pere
319 578 413 606 esse
446 567 699 615 commotos,
734 567 781 605 ut
814 564 922 606 alius
956 564 1006 604 (Ze
1038 565 1079 604 oi
1110 563 1236 604 scribi
1271 564 1466 614 voluerit,
1501 565 1610 606 alius
1645 564 1706 606 bis
1737 577 1791 606 ex

183 638 245 677 vis
277 638 420 678 ortum
459 636 636 689 putarit,
687 635 802 689 quod
846 636 942 688 quis
985 635 1094 676 falso
1140 634 1430 687 adscripserit,
1480 649 1612 688 quum
1657 636 1708 676 de
1748 636 1791 676 vi

184 707 457 760 significaret,
501 706 610 748 alius
654 707 841 759 denique
874 707 936 747 vis
968 719 1046 759 pro
1079 705 1266 758 genitivo
1299 719 1326 747 a
1358 705 1565 748 Cicerone
1597 707 1788 760 positum

183 779 408 819 iudicaret.
470 778 651 818 Adeone
684 778 727 818 in
769 780 962 818 mentem
1004 790 1092 818 non
1134 776 1316 827 venisse,
1365 790 1543 830 prorsus
1586 791 1789 820 necessa-

184 850 294 891 rium
339 862 433 890 esse
478 848 551 897 bis,
601 849 821 902 quoniam,
871 851 918 889 ut
962 850 1005 889 esa
1046 848 1252 888 iudicium
1295 851 1337 889 et
1381 849 1438 889 ad
1482 850 1579 899 vim,
1628 849 1688 890 sic
1728 849 1790 890 bis

185 924 226 962 et
258 934 474 975 nunquam
506 919 619 960 inter
652 932 697 960 se
729 920 1057 972 responderent,
1102 922 1150 960 ut
1189 920 1326 961 altero
1368 920 1541 962 sublato
1574 920 1790 962 sententia

183 987 419 1044 periret‘92)

303 1063 349 1103 In
383 1063 577 1104 oratione
593 1075 676 1115 pro
699 1061 878 1116 Liqario
911 1061 1211 1103 Coloniensem
1247 1061 1439 1102 codicem
1472 1065 1548 1104 aut
1580 1063 1664 1104 alia
1687 1075 1791 1104 auc-

183 1134 358 1176 toritate
391 1135 467 1174 aut
497 1134 665 1174 ratione
698 1133 896 1174 adiutum
930 1132 1158 1185 aliquoties
1191 1133 1461 1185 sequendum
1495 1134 1658 1186 putavi,
1703 1133 1791 1175 dis-

184 1205 396 1246 sentiente
429 1205 614 1253 Baitero,
655 1207 704 1245 ut
736 1202 758 1256 ξ
794 1204 816 1244 7
852 1203 895 1244 in
927 1203 1016 1244 his:
1056 1208 1142 1244 tum
1175 1203 1352 1258 (lenique
1390 1218 1432 1244 se
1463 1205 1639 1245 salutem
1663 1209 1792 1258 puta-

184 1278 241 1317 rit
280 1276 386 1316 dare
426 1274 554 1329 (Bait.
597 1289 649 1316 ex
682 1275 784 1325 Eri,
830 1274 1014 1325 Gembl,
1064 1274 1157 1315 aliis
1191 1273 1401 1328 redolere),
1450 1276 1488 1316 si
1530 1289 1620 1316 eam
1662 1276 1793 1317 nullis

184 1348 407 1402 spoliatam
441 1347 699 1388 ornamentis
731 1346 930 1395 dedissem
978 1345 1094 1386 idem
1127 1347 1309 1386 verbum
1350 1346 1416 1388 bis
1457 1346 1572 1400 poni,
1613 1359 1791 1399 prorsus

184 1419 480 1460 necessarium
513 1420 592 1459 est.
656 1417 742 1458 Sed
776 1417 1042 1459 Coloniensis
1075 1417 1146 1457 illo
1186 1416 1315 1458 modo
1357 1417 1537 1458 collatus
1579 1419 1656 1468 est,
1706 1430 1792 1470 quo

186 1490 380 1532 Graevius
413 1489 594 1539 solebat,
628 1489 710 1530 hoc
744 1490 821 1537 est,
857 1501 998 1541 neque
1031 1487 1157 1540 plene
1192 1490 1234 1528 et
1266 1488 1546 1541 negligenter.

305 1560 328 1613 ἓ
355 1561 404 1601 17
439 1560 595 1602 iniuria
627 1560 671 1600 in
703 1559 959 1612 pronomine
981 1560 1202 1614 qaisquam
1224 1559 1279 1599 Μ.
1303 1559 1523 1612 Hauptius
1547 1560 1589 1600 et
1611 1559 1793 1600 Momm-

186 1633 330 1674 senius
369 1634 604 1673 haeserunt.
668 1632 819 1684 Neque
869 1631 983 1672 enim
1031 1630 1075 1671 id
1123 1630 1341 1671 Caesarem
1385 1630 1650 1671 admiratum
1698 1643 1792 1671 esse

187 1705 335 1746 Cicero
368 1706 505 1757 putat,
556 1703 672 1756 quod
715 1702 891 1743 Tubero
935 1702 989 1742 de
1027 1701 1145 1742 nullo
1178 1701 1262 1742 alio
1295 1701 1467 1742 sceleris
1501 1701 1793 1754 appellatione

186 1790 290 1817 usus
326 1778 440 1816 esset
479 1774 716 1828 (neminem
750 1773 865 1814 enim
899 1772 1032 1813 alium
1065 1771 1323 1824 accusarat),
1372 1772 1449 1813 sed
1482 1772 1642 1825 partim
1676 1772 1792 1825 quod

188 1847 363 1889 omnino
396 1860 525 1887 nemo
557 1845 601 1886 in
633 1845 765 1886 alium
790 1857 1054 1897 quemquam
1077 1843 1444 1896 Pompeianorum
1477 1843 1517 1884 id
1554 1843 1794 1885 convicium

188 1918 452 1967 contulisset,
501 1917 661 1970 partim
710 1916 841 1968 quod,
892 1928 1025 1968 quum
1074 1928 1185 1956 unus
1233 1917 1461 1956 accusator
1508 1914 1552 1955 in
1592 1928 1679 1956 uno
1719 1927 1794 1956 reo

187 1990 257 2031 illo
304 1989 480 2030 nomine
527 1990 734 2037 uteretur,
782 1987 826 2027 id
874 1987 930 2027 ab
980 1999 1030 2027 eo
1068 1986 1204 2036 fieret,
1255 1986 1327 2038 qui
1366 1986 1409 2026 in
1448 1985 1601 2027 iisdem
1643 1985 1794 2027 castris

188 2060 352 2101 fuisset.

310 2131 602 2172 Deiotariame
635 2130 743 2171 duos
774 2129 892 2170 locos
924 2127 1149 2180 attingam.
1197 2127 1392 2169 Primum
1425 2128 1539 2168 enim
1568 2125 1591 2179 ξ
1617 2127 1686 2178 23,
1720 2127 1796 2169 ubi

190 2202 420 2243 edebatur:
470 2201 567 2242 Non
606 2214 760 2256 quaero,
809 2213 936 2255 quam
975 2199 1063 2239 veri
1101 2199 1237 2239 simile
1268 2198 1334 2251 sit,
1384 2203 1457 2239 aut
1488 2211 1571 2238 non
1602 2197 1796 2239 habuisse

189 2287 339 2328 reyem,
380 2286 479 2328 quos
515 2273 706 2325 mitteret,
751 2276 824 2312 am
864 2284 942 2324 eos,
981 2283 1081 2325 quos
1119 2270 1311 2322 misisset,
1352 2282 1435 2310 reon
1468 2270 1668 2323 paraisse
1700 2271 1795 2320 cet.,

229 2447 257 2491 ¹)
283 2450 324 2483 In
350 2449 515 2493 proximo
541 2460 650 2483 versu
676 2450 720 2483 de
746 2447 959 2483 melioribus
986 2446 1202 2490 Quintiliani
1228 2445 1412 2480 codicibus
1437 2444 1580 2488 (Turic.,
1607 2444 1796 2486 F101·.)me

286 2512 383 2542 recte
410 2508 605 2552 scripsisse,
640 2507 840 2552 Spaldingii
866 2511 954 2541 nota
979 2506 1159 2541 ostendet.
1212 2503 1247 2547 [ξ
1273 2504 1318 2538 37
1344 2504 1381 2538 111
1409 2504 1464 2538 ed.
1493 2504 1514 2538 6
1539 2504 1697 2539 restitui:
1723 2505 1797 2538 hoec

289 2570 406 2612 ipsam
438 2569 598 2610 Appiam
632 2592 637 2597 .
667 2594 674 2601 .
703 2594 710 2600 .
744 2569 954 2607 cruentavit,
993 2576 1058 2610 pro
1091 2576 1144 2606 eo,
1184 2565 1282 2609 quod
1314 2564 1502 2605 edebatur,
1542 2565 1659 2605 istam,
1699 2562 1797 2607 quod

286 2637 489 2671 pronomen
528 2626 689 2660 alienum
734 2630 804 2663 θεῖς
850 2625 1007 2659 alterum
1051 2623 1281 2668 aptissimum
1322 2634 1400 2657 esse
1437 2623 1635 2657 ostendunt
1674 2621 1797 2656 addita

287 2686 380 2719 haec:
407 2690 674 2719 monumentum
698 2687 759 2718 sui
783 2682 967 2726 nominis]

231 2744 260 2787 2)
284 2745 337 2779 Ex
368 2744 467 2788 praef.
498 2744 552 2778 ed.
583 2743 620 2776 7:
661 2744 735 2778 Pro
761 2745 894 2778 Milone
920 2742 940 2785 ξ
968 2742 1012 2776 68
1037 2742 1159 2776 nescio
1185 2741 1368 2786 quomodo
1402 2751 1461 2775 me
1494 2743 1602 2774 antea
1628 2738 1796 2774 fefellerit

287 2814 490 2848 pronomen
516 2804 580 2836 «iste
605 2812 753 2846 prorsus
779 2814 890 2846 prave
909 2802 945 2836 in
966 2801 1097 2836 Milone
1124 2800 1407 2835 demonstrando
1428 2799 1525 2844 poni,
1553 2799 1650 2843 quod
1676 2797 1796 2833 rectis-

287 2862 378 2896 sime
404 2861 513 2906 paulo
539 2864 623 2894 ante
649 2860 796 2905 ponitur
822 2859 908 2904 (ista
933 2862 1100 2904 suspicio,
1127 2861 1196 2894 hoc
1214 2863 1267 2894 est
1287 2861 1355 2893 ista
1373 2857 1462 2901 tua),
1489 2857 1795 2901 scribendumque

289 2932 368 2956 esse
393 2932 436 2954 ne
462 2931 547 2964 zpse.
