1915 3235
118 1588 167 1611 114

946 109 1002 150 92

186 243 228 280 et
274 239 345 287 illi,
395 239 465 291 qui
514 239 555 279 in
594 237 786 279 docendo
826 238 908 279 hoc
946 237 1055 278 libro
1087 239 1274 287 utentur,
1323 242 1366 278 et
1412 237 1483 288 illi,
1533 238 1605 291 qui
1648 242 1770 279 extra

185 309 365 359 scholas,
414 308 668 350 temeritatis
707 310 750 349 et
788 307 975 349 libidinis
1017 307 1307 360 suspicionem
1339 310 1382 349 et
1414 309 1576 349 crimen
1606 309 1769 349 habere

184 381 322 421 totum
354 380 571 432 negotium
604 379 772 430 poterit,
813 379 906 428 nisi,
947 391 1080 430 quum
1113 380 1155 419 et
1186 379 1402 431 permulta
1433 379 1638 420 mutarim
1671 381 1714 420 et
1745 392 1770 420 a

185 450 470 490 recentiorum
519 449 730 489 editorum
776 449 942 490 iudiciis
981 449 1228 502 frequenter
1271 449 1560 499 discesserim,
1611 449 1772 502 aliquid

185 520 338 561 saltem
381 520 433 560 de
478 519 617 560 causis
661 518 787 559 huius
830 520 890 560 rei
934 519 1095 561 dixero.
1158 520 1244 561 Sed
1276 519 1446 561 difficile
1480 524 1545 561 est
1576 520 1770 573 disputa-

184 590 311 630 tionis
344 590 500 630 criticae
532 589 617 630 late
650 589 855 642 dispersae
895 591 1123 631 materiam
1162 590 1206 631 in
1245 604 1484 643 paucarum
1516 591 1773 643 paginarum

185 660 372 712 spatium
405 660 672 701 contrahere.
720 660 871 712 Itaque
903 674 1036 713 quum
1068 674 1208 713 neque
1241 661 1410 714 singula
1440 662 1800 714 persequi-pos·-

185 731 264 771 sim
297 743 436 783 neque
469 730 525 771 ad
558 733 674 771 certa
711 744 871 783 genera
908 731 1154 773 huiusmodi
1187 733 1446 784 qnaestiones
1487 731 1610 773 facile
1649 744 1774 772 revo-

185 813 306 850 care,
354 813 495 853 pauca
543 801 683 841 dicam
732 801 784 842 de
832 802 1034 843 universa
1081 815 1126 843 re
1174 803 1556 855 exemplorumque
1604 803 1775 843 tantum

186 870 365 917 addam,
414 873 462 912 ut
508 872 742 912 admonere
788 873 949 924 peritos
996 874 1174 925 possint,
1222 875 1270 914 ut
1316 873 1359 914 in
1407 874 1558 914 ceteris
1606 885 1777 926 quoque

184 954 253 981 me
293 943 368 982 aut
407 942 707 983 auctoritatem
747 945 823 984 aut
861 944 1071 984 rationem
1118 944 1390 997 probabilem
1438 946 1633 985 secutum
1681 956 1776 985 esse

185 1015 351 1064 putent.

302 1083 496 1124 Primum
520 1083 660 1136 igitur,
694 1085 897 1137 quoniam
921 1085 1002 1127 hoc
1026 1088 1091 1126 est
1115 1085 1446 1127 fundamentum
1472 1085 1610 1127 omnis
1629 1098 1776 1126 emen-

186 1152 389 1202 dationis,
438 1154 650 1205 adhibito,
707 1155 910 1208 quicquid
957 1159 1195 1209 apparatus
1244 1157 1376 1198 critici
1424 1157 1650 1198 collectum
1698 1159 1776 1207 est,

186 1224 330 1264 omnia
362 1225 508 1266 rettuli
540 1225 596 1266 ad
627 1226 971 1279 investigandam
1005 1227 1229 1280 scripturae
1262 1227 1578 1277 auctoritatem,
1613 1228 1665 1268 de
1691 1241 1778 1280 qua

186 1307 231 1335 re
263 1295 386 1336 multi
418 1309 504 1337 non
536 1300 651 1338 recte
683 1297 887 1348 iudicant,
921 1298 1037 1351 quod
1068 1300 1148 1339 has
1172 1298 1388 1340 orationes
1420 1299 1556 1340 multo
1588 1298 1778 1340 severius

187 1365 243 1405 ad
275 1365 441 1407 codices
482 1371 655 1410 exactas
694 1372 863 1422 putant,
913 1383 1045 1422 quam
1088 1370 1250 1410 factum
1292 1372 1372 1410 est.
1435 1369 1621 1422 Inspecti
1664 1369 1778 1410 enim

186 1436 387 1489 permulti
427 1438 594 1480 codices
634 1443 746 1490 sunt,
796 1440 938 1481 collati
984 1440 1191 1493 perpauci
1238 1440 1310 1490 ita,
1360 1443 1418 1490 ut,
1468 1440 1571 1493 quid
1617 1440 1777 1492 ubique

186 1506 390 1557 habeant,
436 1512 614 1551 constet.
678 1511 740 1551 Ex
773 1524 857 1563 quo
890 1511 950 1560 fit,
994 1513 1053 1561 ut,
1103 1524 1199 1564 quae
1232 1511 1446 1564 scriptura
1478 1513 1655 1564 propter
1689 1511 1779 1552 edi-

186 1581 329 1619 torum
346 1580 564 1622 silentium
581 1594 785 1634 magnam
812 1582 1006 1622 codicum
1031 1582 1265 1623 multorum
1290 1582 1593 1623 auctoritatem
1616 1582 1779 1623 habere

188 1650 400 1700 credatur,
440 1666 556 1705 saepe
588 1652 751 1693 nullam
784 1655 859 1694 aut
890 1653 1168 1706 perexiguam
1201 1654 1382 1701 habeat;
1422 1666 1502 1694 nec
1533 1653 1577 1694 id
1609 1666 1780 1706 semper

187 1719 229 1760 in
260 1721 436 1762 minutis
469 1723 598 1764 rebus
632 1723 806 1772 accidit;
839 1737 979 1776 neque
1011 1726 1182 1766 tantum
1215 1724 1268 1765 de
1293 1724 1462 1765 Gruteri
1486 1723 1779 1776 superiorum-

188 1803 271 1842 que
304 1792 520 1835 codicibus
553 1795 634 1836 hoc
671 1795 909 1836 tenendum
949 1798 1026 1845 est,
1070 1795 1148 1836 sed
1187 1795 1230 1836 in
1262 1795 1478 1848 plerisque
1511 1794 1777 1836 orationibus

188 1861 241 1902 de
275 1862 430 1904 Graevii
469 1865 600 1915 libris,
648 1868 741 1906 tum
788 1879 948 1918 magna
996 1879 1047 1907 ex
1086 1868 1209 1919 parte
1258 1866 1311 1907 de
1360 1865 1690 1915 Oxoniensibus,
1738 1865 1782 1906 in

188 1932 343 1983 quibus
378 1935 647 1977 conferendis
681 1950 812 1989 quum
847 1937 1062 1989 permulta
1102 1937 1185 1978 alia
1224 1938 1383 1978 omissa
1425 1949 1519 1978 esse
1558 1928 1779 1989 apertissi-

187 2015 306 2042 mum
341 2003 418 2054 es't,
452 2009 545 2047 tum
576 2020 631 2048 ne
663 2007 796 2048 semel
830 2008 1003 2060 quidem
1036 2010 1228 2049 mutatus
1257 2008 1487 2049 verborum
1513 2007 1619 2048 ordo
1644 2020 1780 2048 anno-

188 2073 305 2112 tatus
339 2077 415 2123 est,
461 2090 558 2128 quae
590 2090 658 2118 res
690 2078 834 2131 magni
867 2091 983 2131 saepe
1015 2078 1223 2119 momenti
1257 2078 1387 2119 etiam
1420 2079 1476 2119 ad
1508 2078 1592 2119 alia
1626 2078 1781 2119 diiudi-

190 2144 325 2185 canda
353 2149 430 2187 est.
480 2148 788 2190 Oxoniensium
812 2151 961 2190 tamen
994 2149 1207 2190 editorum
1240 2149 1407 2190 silentio
1432 2162 1509 2202 pro
1534 2148 1781 2190 testimonio

192 2217 233 2255 et
265 2215 335 2255 alii
369 2220 411 2257 et
437 2218 695 2261 Garatonius
730 2233 807 2273 per
838 2222 977 2261 totum
1011 2220 1369 2261 commentarium
1393 2220 1540 2268 utitur,
1574 2233 1653 2261 nec
1678 2219 1782 2261 satis

192 2298 381 2328 errorem
429 2288 610 2331 Orellius
658 2290 822 2331 vitavit.
900 2291 1042 2343 Atque
1090 2291 1171 2332 hoc
1224 2291 1544 2332 incommodum
1598 2291 1641 2331 in
1689 2291 1781 2332 aliis

191 2357 457 2413 orationibus
490 2361 631 2402 minus
664 2361 712 2402 fit
743 2364 920 2414 propter
953 2362 1058 2402 alios
1093 2361 1259 2402 codices
1300 2361 1542 2413 diligentius
1576 2375 1602 2402 a
1633 2374 1782 2403 recen-

190 2428 370 2471 tioribus
404 2431 592 2481 collatos,
634 2432 677 2472 in
709 2432 801 2473 aliis
835 2434 901 2473 est
932 2431 1248 2485 gravissimum.
1312 2432 1462 2484 Itaque
1500 2432 1566 2472 Vel
1607 2434 1783 2485 propter

190 2499 302 2541 hanc
335 2514 511 2543 causam
554 2503 687 2543 codex
719 2502 993 2544 bibliothecae
1038 2502 1165 2555 regiae
1208 2502 1470 2543 Hauniensis
1513 2502 1781 2552 chartaceus,

191 2584 353 2621 recens,
386 2572 558 2613 Italicus
592 2571 782 2626 (emptus
816 2576 881 2614 est
912 2573 1099 2615 Venetiis
1136 2572 1279 2625 1699),
1314 2586 1365 2614 ex
1397 2586 1553 2626 genere
1587 2573 1783 2614 codicum

159 2651 277 2684 *non
316 2643 691 2695 integerrimorum
738 2657 817 2684 nec
859 2647 1006 2685 tamen
1047 2644 1273 2698 pessimus,
1323 2644 1513 2696 aliquam
1552 2645 1782 2686 utilitatem

192 2713 336 2755 attulit
367 2714 410 2754 in
442 2714 491 2754 iis
524 2714 639 2763 locis,
673 2714 761 2764 ubi,
807 2715 909 2766 quid
943 2715 1110 2756 codices
1143 2715 1368 2763 haberent,
1410 2714 1643 2756 obscurum
1675 2716 1781 2763 erat,

191 2787 284 2825 tum
316 2784 360 2825 in
392 2785 440 2825 iis
474 2785 753 2833 orationibus,
787 2785 862 2826 ubi
889 2786 1088 2827 meliores
1114 2785 1281 2827 codices
1306 2798 1393 2826 non
1416 2784 1476 2825 ita
1500 2784 1782 2837 praestabant,

193 2858 240 2896 ut
270 2869 356 2896 non
389 2855 620 2908 aliquando
652 2855 925 2896 vincerentur
957 2869 983 2896 a
1016 2856 1312 2905 deterioribus,
1346 2858 1395 2896 ut
1418 2855 1462 2896 in
1486 2855 1782 2903 Deiotariana3

192 2926 408 2967 interdum
457 2939 553 2967 cum
602 2926 764 2978 optimo
812 2926 954 2978 aliquo
1010 2927 1280 2980 conspirans,
1335 2939 1469 2979 quum
1524 2925 1577 2966 de
1632 2925 1783 2966 ceteris
