1915 3235
832 1031 967 1092 Vlll.

196 1143 277 1203 De
314 1145 449 1204 iure
489 1146 549 1203 et
588 1144 935 1203 condicione
976 1145 1359 1204 coloniarum
1396 1145 1611 1222 populi

426 1238 684 1297 Romani
724 1239 977 1314 quaestio
1018 1239 1325 1298 historica.
1342 1237 1373 1305 1)

228 1427 363 1513 Solet
409 1463 577 1504 laudari
624 1466 666 1504 et
713 1464 998 1505 admiratione
1044 1465 1173 1518 digna
1210 1465 1363 1506 haberi
1402 1465 1700 1506 Romanorum
1721 1478 1773 1503 ‘208

108 1547 241 1587 quum
273 1535 316 1575 in
348 1535 550 1576 universa
580 1548 626 1575 re
658 1534 829 1587 publica
864 1536 1163 1576 constituenda
1197 1538 1289 1576 tum
1324 1536 1367 1576 in
1399 1535 1575 1588 singulis
1610 1536 1700 1576 eius

107 1605 302 1658 partibus
336 1605 583 1646 ordinandis
616 1606 846 1659 prudentia
877 1606 1135 1659 cohibetque
1161 1607 1404 1648 dissensum
1429 1607 1701 1659 aliquatenus

107 1676 318 1717 immensa
365 1676 570 1728 potentiae
618 1689 835 1729 opumque
883 1677 1018 1718 moles
1066 1678 1121 1718 ab
1166 1678 1236 1719 illo
1276 1678 1436 1730 populo
1470 1680 1701 1719 exstructa.

108 1746 151 1788 Si
175 1748 269 1799 quis
292 1749 441 1787 tamen
466 1748 509 1788 in
532 1749 655 1788 tanta
677 1747 947 1788 laudantium
974 1748 1248 1788 multitudine
1275 1761 1339 1797 ea,
1375 1761 1471 1800 quae
1494 1749 1702 1790 laudandi

146 1897 174 1941 ¹)
201 1898 320 1942 [Edita
353 1911 383 1933 a.
412 1898 502 1932 1832
534 1899 704 1943 bipartito
737 1899 774 1932 in
806 1899 1006 1933 indicendis
1041 1900 1133 1943 regis
1172 1900 1419 1944 augustissimi
1456 1900 1634 1934 nataliciis
1668 1904 1704 1934 et

203 1958 404 1992 mutatione
436 1958 668 2002 magistratus
700 1958 907 1992 academici.
958 1960 998 1992 In
1031 1960 1099 1992 hac
1131 1959 1287 1993 editione
1320 1959 1495 1993 nonnulla
1527 1959 1703 2003 explicavi

202 2017 310 2061 paulo
336 2017 494 2057 uberius,
534 2020 573 2050 ut
606 2017 649 2050 de
682 2017 862 2061 isopolitia
894 2018 955 2051 illa
980 2017 1227 2052 Niebuhriana
1260 2021 1295 2052 et
1327 2018 1370 2052 de
1396 2018 1556 2062 Dionysii
1583 2018 1703 2052 incon-

203 2076 345 2116 stantia,
384 2076 592 2109 testimonia
629 2079 665 2109 et
701 2075 932 2110 firmamenta
968 2076 1118 2110 mirifice
1152 2087 1235 2110 cum
1268 2076 1320 2117 iis,
1361 2088 1440 2120 quae
1466 2077 1702 2121 disputaram‚

203 2134 464 2168 consentientia
490 2135 623 2175 addidi,
650 2134 791 2168 minuta
817 2136 984 2178 quaedam
1011 2135 1166 2173 correxi;
1195 2135 1348 2169 aliorum
1370 2136 1558 2180 opiniones
1577 2139 1704 2180 postea

202 2193 371 2237 prolatas,
409 2193 654 2237 superioribus
689 2192 834 2233 similes,
868 2194 1032 2237 colligere
1066 2198 1101 2228 et
1133 2195 1218 2228 data
1249 2205 1359 2238 opera
1391 2195 1555 2229 refellere
1581 2207 1703 2239 super-

203 2252 289 2293 sedi,
316 2252 406 2285 nihil
432 2252 608 2285 habentes
634 2252 720 2285 novi
746 2253 960 2296 argumenti.
1012 2253 1129 2293 Velut,
1156 2256 1196 2287 ut
1222 2264 1295 2287 uno
1322 2254 1487 2298 exemplo
1514 2254 1702 2298 defungar,

203 2322 317 2355 quum
343 2313 451 2355 caput
477 2310 686 2354 quaestionis
718 2311 764 2344 sit
797 2311 841 2344 de
873 2311 950 2345 iure
984 2311 1206 2352 colonorum,
1246 2312 1282 2346 F.
1310 2312 1448 2346 Walter
1475 2311 1703 2354 (Geschichte

203 2370 265 2404 des
297 2369 502 2404 romischen
534 2370 679 2404 Rechts.
713 2369 827 2404 Bonn.
862 2368 963 2404 1834.
991 2371 1006 2404 Ι
1037 2382 1071 2414 p.
1102 2370 1157 2413 72)
1197 2371 1292 2405 cives
1327 2371 1364 2405 in
1390 2371 1548 2405 colonias
1575 2371 1703 2405 missos

203 2428 373 2473 suffragio
400 2432 434 2462 et
459 2429 734 2473 participatione
759 2429 810 2463 rei
839 2429 992 2473 publicae
1021 2430 1196 2463 Romanae
1222 2430 1519 2464 administrandae
1545 2431 1703 2465 caruisse

204 2487 344 2525 scribit;
384 2487 446 2521 sed
479 2487 688 2528 testimonii,
727 2488 823 2531 quod
855 2488 892 2521 in
924 2488 1053 2522 ceteris
1085 2488 1194 2522 rebus
1220 2489 1410 2533 diligenter
1445 2489 1626 2533 adscribit,
1666 2490 1703 2524 in

202 2547 270 2580 hac
296 2547 364 2580 hoc
388 2546 501 2590 ponit,
527 2548 619 2580 idem
645 2548 795 2580 sensisse
817 2547 1014 2590 Siyonium,
1045 2548 1311 2591 Spanhemium,
1338 2549 1592 2592 Bellefmffium„
1622 2550 1703 2582 Nie-

203 2607 380 2639 buln-ium.
438 2605 595 2639 Omnino
627 2605 682 2639 vir
714 2606 840 2640 doctus
873 2606 980 2640 nimis
1012 2617 1134 2651 presse
1167 2607 1406 2641 Niebuhrium
1439 2611 1584 2642 secutus
1618 2619 1704 2642 vera

203 2664 351 2698 inventa
377 2664 421 2698 ab
448 2663 593 2698 incertis
625 2664 855 2709 opinionibus
888 2676 960 2699 non
995 2665 1179 2704 discrevit;
1219 2667 1264 2700 de
1296 2665 1430 2700 aerariis
1464 2677 1620 2710 quoque,
1659 2667 1704 2700 de

203 2722 382 2767 isopolitia
407 2726 442 2757 et
467 2724 664 2768 municipio
689 2723 934 2757 Niebuhriana
961 2724 1084 2758 omnia
1108 2724 1262 2769 repetiit.
1314 2723 1432 2767 1834]
1483 2723 1704 2767 [lValterum

203 2785 329 2826 postea
353 2782 572 2816 sententiam
590 2786 750 2817 mutasse
767 2782 827 2816 vix
846 2793 936 2826 opus
954 2786 1008 2817 est
1026 2782 1154 2817 dicere.
1191 2783 1242 2817 Ne
1260 2794 1358 2817 nunc
1376 2783 1523 2827 quidem
1548 2783 1702 2817 aliorum

204 2841 401 2874 sententias
426 2841 464 2875 in
489 2852 563 2875 una
598 2842 758 2876 alterave
789 2852 827 2875 re
859 2852 880 2875 a
910 2852 1002 2883 mea,
1042 2842 1144 2876 cuius
1176 2853 1360 2876 summam
1391 2845 1604 2886 sequuntur,
1645 2841 1702 2875 de-

204 2899 388 2933 flectentes
414 2899 579 2944 colligam
611 2903 674 2934 aut
699 2911 906 2944 persequar,
933 2911 1049 2944 quum
1075 2900 1275 2944 praesertim
1301 2901 1338 2934 in
1365 2911 1474 2944 opere
1506 2901 1550 2934 de
1576 2911 1615 2934 re
1639 2911 1703 2944 pu-

203 2957 296 2991 blica
321 2957 488 2993 Romana
513 2963 628 2993 totam
653 2970 731 2993 rem
757 2957 1122 3003 comprehenderim]
