1915 3235
858 116 942 157 497

107 249 252 287 turum
286 258 379 287 esse
411 245 690 298 promisisset,
724 245 1033 297 interiectaque
1065 243 1220 286 deinde
1252 245 1366 285 esset
1396 243 1502 297 Apri
1526 244 1570 285 in
1593 256 1694 286 con-

107 315 286 357 trariam
318 317 487 368 partem
527 316 761 357 vehemens
800 318 842 357 et
882 315 1054 367 elegans
1095 315 1244 366 oratio,
1292 315 1524 365 MaternUS,
1573 314 1696 367 quasi

107 399 275 437 verens,
323 399 377 427 ne
409 385 572 427 interea
605 386 790 428 Messala
822 386 1046 428 consilium
1078 385 1323 436 mutaverit,
1377 385 1512 427 Tuum
1544 390 1694 435 tamen,

108 457 258 510 inquit,
307 456 506 509 Messala,
546 458 808 511 propositum
847 458 1089 498 immutasse
1125 470 1209 497 uon
1245 442 1376 497 debes.
1439 457 1697 510 Legitimum

109 530 175 569 est
205 528 332 581 igitur
363 527 617 580 perfectum.
679 528 842 569 Plinius
875 527 1021 577 etiam,
1062 527 1140 569 etsi
1179 527 1355 568 minime
1387 527 1566 580 poeticae
1599 539 1698 568 ora-

107 598 234 640 tionis
268 598 454 640 colorem
497 597 762 649 reformidat,
809 601 958 639 tamen
996 598 1052 639 H.
1085 598 1136 639 N.
1168 597 1337 647 XXXV,
1377 597 1404 638 2
1442 597 1502 638 sic
1540 597 1698 638 dixisse

107 671 270 722 potest:
296 682 402 723 paee
434 667 716 709 Messalarum
748 669 903 710 dixisse
935 669 1067 719 liceat,
1100 670 1148 709 ut
1180 667 1368 709 maxime
1399 667 1602 721 perfectae
1635 667 1697 708 rei

108 738 244 792 (dicti)
278 742 480 780 eventum
512 738 784 792 significaret.
847 739 1055 792 Superest
1086 739 1250 780 Seneca
1288 738 1447 788 rhetor,
1488 751 1540 779 ex
1578 738 1698 779 cuius

109 809 363 863 praefatione
402 809 498 851 libr.
531 809 547 850 Ι
580 809 854 851 Controvers.
924 809 1218 863 Heusingerus
1265 809 1380 850 hunc
1418 809 1559 851 locum
1598 821 1698 861 pro-

108 881 224 922 tulit:
273 880 475 935 Alioquin
505 881 550 921 iu
581 880 653 921 illo
686 880 848 932 atriolo,
896 880 939 920 iu
983 893 1060 935 quo
1099 879 1180 921 cluo
1217 879 1404 934 mandes
1427 883 1699 934 praetextatos

110 952 171 992 ait
201 965 334 992 secum
367 951 616 1003 declamare,
651 950 818 991 audisse
851 964 941 991 eum
966 936 1087 1004 potul
1119 956 1155 992 el
1186 950 1294 991 illud
1324 951 1550 1005 inyem'um,
1590 949 1698 1004 quod

109 1022 238 1062 solum
264 1022 447 1075 populus
486 1021 703 1062 Romanus
726 1035 816 1075 pa)-
852 1022 1027 1075 imperio
1065 1021 1224 1075 habuit,
1273 1034 1521 1076 coynoseere.
1591 1020 1699 1061 Sunt

109 1092 310 1145 quaedam
343 1091 538 1133 codicum
572 1092 872 1144 discrepantiae
913 1106 936 1133 a
971 1092 1154 1134 Grutero
1192 1094 1366 1142 notatae,
1417 1105 1512 1145 quae
1551 1094 1701 1133 tamen

109 1163 198 1204 fere
230 1165 400 1204 tantum
432 1163 488 1204 ad
512 1163 634 1216 potui
666 1175 691 1204 a
723 1163 937 1204 nonnullis
970 1176 1103 1216 prave
1143 1164 1186 1204 in
1210 1163 1437 1216 potuissem
1470 1164 1698 1212 mutatum,

109 1234 232 1287 quasi
263 1233 307 1274 id
339 1233 395 1274 ad
427 1233 763 1274 condicionalem
798 1235 1057 1275 sententiam
1090 1234 1233 1286 aptius
1259 1237 1385 1283 esset,
1418 1234 1634 1286 pertinent
1659 1236 1700 1274 et

110 1305 166 1346 ad
197 1318 301 1354 eum,
342 1304 458 1357 quod
489 1317 639 1345 omnes
672 1304 795 1345 codd.
835 1304 1033 1345 omittere
1071 1304 1284 1345 videntur.
1299 1301 1331 1356 1)
1401 1303 1535 1344 Nimis
1575 1303 1701 1356 igitur

110 1375 315 1417 audacter
347 1375 496 1424 secuit,
546 1375 618 1428 qui
650 1375 692 1415 id
726 1375 879 1425 effecit,
929 1374 1045 1427 quod
1077 1376 1120 1416 in
1153 1374 1339 1416 editione
1371 1374 1601 1427 Bipontina
1632 1386 1701 1414 re-

110 1446 248 1500 perio:
282 1445 482 1500 Alioquin
513 1446 558 1486 *in
593 1446 661 1486 illo
695 1446 858 1497 atriolo,
892 1446 934 1485 in
969 1459 1046 1500 quo
1074 1445 1154 1486 <luo
1177 1445 1362 1500 yrcmdes
1387 1467 1442 1472 —-
1466 1444 1702 1485 declamare

109 1517 266 1568 solitos,
313 1517 435 1570 potui
480 1517 695 1570 inqenz'um
743 1538 797 1544 —
845 1529 1094 1570 eoquoseere.
1179 1516 1328 1568 Neque
1375 1517 1490 1556 recte
1537 1515 1701 1556 addidit

109 1587 259 1628 solitos.
307 1587 419 1627 Nam
451 1586 659 1628 narrabat
692 1586 838 1628 Cicero
871 1586 914 1627 in
947 1587 1150 1639 epistolis,
1185 1587 1278 1628 illos
1311 1600 1361 1627 eo
1385 1586 1478 1639 ipso
1506 1588 1700 1639 tempore

110 1670 256 1698 secum
290 1657 534 1698 declamare
567 1656 668 1710 (vid.
703 1657 820 1698 Suet.
855 1657 908 1698 de
940 1657 1099 1698 rhetor.
1127 1656 1182 1710 1).
1233 1658 1285 1698 Et
1316 1660 1464 1698 tamen
1495 1657 1700 1698 mendum

112 1728 290 1777 haerere,
331 1741 385 1768 ne
417 1728 521 1769 illud
554 1741 902 1777 commemorem,
948 1728 1001 1769 de
1034 1742 1118 1782 quo
1150 1741 1264 1769 nunc
1304 1727 1596 1769 controversia
1624 1730 1700 1778 est,

110 1801 231 1852 patet
273 1812 405 1852 quum
451 1812 503 1839 ex
545 1799 715 1840 defectu
758 1799 1023 1851 pronominis
1064 1800 1107 1840 in
1140 1799 1357 1840 codicibus
1391 1801 1483 1839 tum
1517 1811 1568 1839 ex
1601 1811 1702 1839 con-

111 1870 327 1911 iunctione
360 1869 528 1910 audisse
560 1874 596 1910 el
627 1883 874 1924 eoqnoseere,
916 1883 1012 1922 quae
1052 1870 1189 1923 poetis
1221 1870 1315 1910 haec
1346 1882 1495 1910 Versus
1527 1868 1701 1910 modulo

112 1940 541 1981 accommodantibus
590 1940 765 1981 concedi
803 1942 958 1993 potest,
1007 1941 1105 1981 huic
1153 1939 1349 1993 scriptori
1395 1939 1512 1981 nullo
1558 1939 1700 1981 modo.

113 2010 397 2052 Scribendum
421 2013 486 2051 est
507 2010 727 2052 lenissima
749 2011 1007 2052 mutatione:
1054 2010 1251 2066 Alioquin
1285 2011 1327 2050 in
1361 2010 1432 2050 illo
1465 2011 1614 2050 atriolo
1647 2033 1701 2038 —

105 2083 227 2136 potui
275 2082 453 2122 adesse
501 2086 536 2122 et
585 2105 637 2108 —
686 2095 934 2135 coquoscere.
998 2082 1128 2134 Apud
1174 2083 1315 2135 ipsum
1364 2093 1534 2133 quoque
1582 2080 1701 2122 Cice-

112 2165 260 2194 ronem
309 2152 548 2205 perfectum
596 2152 792 2194 infinitivi
850 2153 909 2193 sic
964 2152 1153 2205 positum
1201 2165 1296 2193 esse
1344 2151 1397 2193 de
1443 2152 1627 2193 Divinat.
1667 2152 1701 2192 ΙΙ

116 2221 138 2274 ξ
172 2222 240 2273 73,
289 2223 474 2273 fuerunt,
524 2224 597 2276 qui
635 2226 839 2276 putarent
876 2223 930 2265 ob
970 2223 1243 2265 insolentiam
1276 2223 1465 2275 aliquam
1498 2222 1701 2264 orationis

117 2293 346 2334 iuncturae:
401 2293 508 2334 Tum
549 2295 681 2349 iyitur
723 2299 823 2335 esset
867 2295 1114 2348 auspicium,
1162 2294 1199 2334 si
1240 2293 1499 2334 modo-esset
1539 2294 1575 2333 ei
1606 2293 1702 2334 libe-

115 2377 224 2416 rum,
272 2377 313 2405 se
354 2364 590 2405 ostendisse.
653 2364 738 2405 Sed
771 2365 918 2406 Cicero
962 2379 1003 2405 se
1045 2364 1268 2405 ostendisse
1310 2377 1396 2405 non
1439 2364 1494 2405 ad
1527 2364 1699 2404 liberum

117 2439 215 2475 esset
260 2435 442 2484 rettulit,
501 2434 577 2476 sed
632 2435 686 2476 ad
742 2436 972 2489 auspicium
1029 2440 1128 2476 esset
1180 2437 1389 2488 tanquam
1437 2435 1700 2475 subiectum:

154 2633 183 2676 ¹)
209 2634 313 2678 Quod
339 2635 451 2668 codex
476 2634 588 2668 Palat.
615 2633 636 2667 3
662 2638 743 2678 post
770 2635 929 2678 alioquin
960 2634 1071 2668 habet
1095 2636 1291 2677 potuissem.
1324 2645 1402 2667 eum
1434 2635 1623 2673 audit-isse,
1656 2632 1702 2673 id,

211 2704 324 2737 quum
351 2693 445 2727 idem
473 2696 569 2727 recto
596 2693 674 2727 loco
700 2693 833 2727 habeat
858 2694 1001 2726 audisse
1020 2695 1135 2736 potui,
1162 2696 1306 2727 tantum
1332 2694 1444 2734 abest,
1471 2696 1511 2727 ut
1531 2692 1608 2736 ipsa
1628 2692 1703 2725 haec

211 2752 322 2786 verba
355 2754 522 2795 suspecta
553 2752 670 2793 faciat,
710 2755 750 2786 ut
783 2751 971 2785 confirmet
1005 2751 1124 2786 etiam.
1175 2752 1266 2786 Nam
1291 2751 1437 2789 librarii,
1476 2762 1541 2785 nec
1567 2751 1702 2785 iustum

212 2811 374 2845 ordinem
403 2811 559 2845 ferentes
585 2822 650 2846 nec
677 2815 817 2846 rectum
843 2811 943 2845 verbi
969 2811 1129 2851 modum,
1157 2822 1200 2845 ex
1226 2822 1311 2845 vera
1331 2811 1507 2845 hactenus
1527 2809 1704 2853 scriptura

213 2880 316 2903 suam
344 2869 443 2903 illam
471 2870 786 2914 interpolationem
814 2870 1020 2905 effecerunt.

1720 962 1769 987 122
