1915 3235
807 152 893 194 245

170 284 238 326 60.
311 282 432 323 Vibo
484 281 726 322 Valentia
766 282 810 323 in
853 281 1028 323 Bruttiis
1071 295 1110 323 a.
1146 282 1248 333 192,
1297 283 1450 325 Latina
1492 282 1642 337 (supra
1661 295 1713 320 302

299 367 341 406 p.
375 352 461 394 270
491 350 612 404 not).

167 426 236 467 61.
300 423 533 465 Bononia
563 422 607 463 in
639 422 776 463 Gallia
808 422 1052 475 Cispadana
1085 436 1123 464 a.
1161 424 1241 465 189
1276 426 1375 465 ante
1408 424 1521 466 diem
1552 427 1639 466 ter-

298 496 405 536 tium
429 493 523 534 Kal.
556 493 791 543 Ianuarias,
824 493 977 534 Latina
1010 492 1116 546 (Liv.
1140 493 1346 544 XXXVII,
1380 495 1433 536 57
1469 497 1511 536 et
1533 495 1637 536 Vell.

299 564 428 618 Apud
459 564 626 605 Livium
657 563 863 614 XXXVII,
903 564 958 604 47
991 568 1205 614 narratur,
1249 577 1286 605 a.
1323 565 1406 606 1-90
1444 567 1643 607 senatum

300 635 529 684 censuisse,
555 637 603 675 ut
627 634 723 675 duae
746 647 869 676 novae
893 634 1069 676 coloniae
1093 635 1136 676 in
1161 634 1324 688 agrum,
1351 636 1422 688 qui
1439 635 1642 677 Boiorum

298 705 461 755 fuisset,
496 703 843 757 deducerentur).

58 778 126 819 62.
167 777 236 818 63.
300 776 538 817 Potentia
570 776 612 816 in
643 775 800 817 Piceno
833 778 876 817 et
906 775 1183 817 Pisaurum
1222 776 1265 817 in
1296 776 1477 818 Umbria
1517 775 1637 830 (agro

297 846 474 899 Gallico)
507 860 546 888 a.
583 847 678 897 184,
719 846 874 888 civium
908 845 966 899 (p.
1000 846 1106 895 2533
1147 846 1276 888 iidem
1314 847 1525 889 triumviri
1563 848 1638 889 de-

296 916 542 970 duxerunt).

163 989 232 1030 64.
295 988 543 1043 Aquileia
595 988 639 1029 in
693 987 841 1028 Galliae
889 987 1215 1040 Transpadanae
1268 993 1392 1040 parte
1440 988 1640 1030 ulteriore

295 1073 333 1100 a.
370 1060 448 1100 181
492 1058 598 1111 (Liv.
631 1059 722 1108 XL,
757 1056 831 1110 34)
879 1071 930 1098 ex
971 1058 1063 1111 lege
1104 1058 1192 1100 lata
1235 1071 1273 1099 a.
1309 1059 1391 1100 183
1434 1058 1638 1112 (XXXIV,

294 1129 362 1179 55,
397 1129 572 1171 secund.
606 1129 711 1170 Vell.
746 1142 784 1170 a.
820 1127 934 1181 182),
968 1129 1134 1170 Latina.

53 1201 121 1243 65.
162 1201 231 1243 66.
294 1200 485 1241 Parma
533 1202 575 1240 et
623 1199 827 1240 Mutina
874 1201 917 1240 in
965 1200 1102 1241 Gallia
1141 1199 1399 1253 Cispadana,
1449 1213 1501 1241 ex
1546 1200 1639 1253 lege

293 1284 331 1312 a.
369 1271 449 1312 183
482 1271 583 1320 lata,
618 1271 772 1312 civium
806 1270 955 1323 (supra
987 1285 1028 1324 p.
1063 1269 1179 1322 286),
1213 1273 1476 1324 quapropter
1508 1271 1639 1312 etiam

293 1341 439 1383 Cicero
471 1342 654 1394 Philipp.
688 1342 735 1392 V,
770 1342 795 1382 9
828 1342 1043 1392 coloniam,
1086 1355 1172 1382 non
1205 1342 1478 1395 municipium
1509 1342 1637 1382 Muti-

291 1425 392 1453 nam
427 1412 617 1465 appellat
649 1411 798 1465 (supra
829 1426 871 1465 p.
906 1412 991 1453 270
1022 1411 1143 1464 not).

164 1483 233 1524 67.
300 1482 554 1524 Saturnia
595 1485 638 1524 in
680 1483 849 1524 Etruria
893 1483 1043 1524 eodem
1082 1485 1290 1536 tempore,
1340 1483 1495 1524 civium
1535 1481 1642 1536 (Liv.

290 1553 486 1604 XXXIX,
521 1552 608 1606 55).

159 1624 228 1665 68.
294 1623 557 1665 Graviscoe
589 1625 631 1665 in
664 1624 834 1666 Etruria
867 1638 905 1665 a.
942 1625 1022 1665 181
1065 1623 1186 1677 (Vell.
1224 1622 1337 1677 182),
1377 1627 1423 1665 ut
1455 1624 1636 1675 videtur,

292 1695 447 1736 civium
481 1694 631 1748 (supra
662 1709 703 1748 p.
738 1693 856 1747 287).

159 1765 228 1807 69.
290 1765 405 1818 Ager
436 1778 461 1807 a
484 1765 652 1807 Pisanis
677 1779 715 1807 a.
744 1766 827 1807 180
859 1766 1042 1815 oblatus,
1076 1766 1118 1806 in
1143 1778 1271 1818 quem
1297 1766 1450 1806 Latina
1474 1765 1640 1807 colonia
1660 1775 1711 1800 308

292 1836 577 1877 deduceretur
610 1835 758 1889 (supra
791 1850 832 1889 p.
868 1837 950 1877 288
984 1835 1105 1889 not).

162 1907 230 1948 70.
294 1906 441 1947 Luna
474 1905 577 1959 (non
610 1905 765 1959 Luca)
798 1908 841 1948 in
874 1910 1067 1948 extrema
1091 1907 1261 1948 Etruria
1285 1920 1323 1947 a.
1352 1906 1446 1955 177,
1481 1907 1635 1947 civium

294 1977 443 2030 (supra
475 1991 516 2030 p.
550 1977 633 2018 287
667 1976 789 2030 not).

162 2049 229 2090 71.
296 2048 504 2089 Carteia
558 2049 601 2089 in
654 2048 867 2101 Hispania
924 2062 962 2089 a.
1014 2048 1117 2098 171,
1184 2049 1337 2089 Latina
1395 2047 1544 2101 (supra
1597 2061 1639 2100 p.

293 2115 457 2171 288).1)

144 2318 205 2352 illo
231 2319 395 2357 nomine;
422 2331 463 2354 ac
489 2320 517 2354 si
544 2319 753 2354 incredibile
778 2319 931 2359 videtur,
958 2319 1068 2352 fuisse
1094 2319 1130 2352 in
1156 2318 1305 2352 Bruttiis
1332 2321 1490 2351 castrum
1510 2317 1638 2351 Feren—

145 2377 273 2419 tinum,
301 2378 402 2412 cuius
428 2378 603 2412 memoria
628 2382 709 2422 post
735 2379 927 2412 deductam
954 2389 995 2411 eo
1023 2376 1199 2411 coloniam
1226 2377 1336 2410 trium
1362 2376 1515 2410 millium
1541 2376 1639 2420 pedi-

145 2440 235 2478 tum,
272 2440 517 2471 trecentorum
551 2437 713 2481 equitum
745 2448 891 2481 prorsus
925 2436 1126 2476 evanuerit,
1163 2435 1259 2479 quod
1292 2446 1337 2469 ne
1369 2435 1458 2469 mihi
1490 2435 1637 2479 quidem

145 2495 329 2539 probabile
355 2496 507 2534 videtur,
535 2507 649 2540 quum
675 2500 777 2530 tanta
803 2496 987 2539 diligentia
1011 2495 1147 2529 Plinius
1175 2494 1307 2538 aliique
1333 2493 1505 2538 oppidula
1523 2493 1636 2527 Italiae

145 2558 369 2596 enumerent,
397 2556 612 2598 quaerendus
639 2559 692 2589 est
717 2556 753 2588 in
779 2554 929 2588 Bruttiis
955 2555 1066 2595 locus,
1093 2553 1194 2587 cuius
1220 2563 1353 2586 nonem
1378 2563 1444 2596 pro
1469 2552 1530 2586 illo
1556 2551 1638 2586 sub-

145 2613 325 2654 stituatur,
359 2613 510 2648 similius
537 2625 682 2658 quoque
708 2614 886 2658 scriptura
911 2624 1020 2657 quam
1046 2612 1260 2646 Thurinum.
1310 2611 1395 2645 Mihi
1427 2611 1557 2645 Terina
1582 2621 1638 2644 oc-

146 2673 323 2713 currebat,
350 2672 460 2706 situm
486 2672 659 2716 oppidum
685 2671 976 2706 commodissime
1001 2672 1046 2705 ad
1064 2671 1184 2705 sinum
1202 2670 1323 2712 maris,
1348 2673 1389 2704 ut
1415 2669 1523 2704 etiam
1540 2669 1636 2703 Han-

146 2730 254 2772 nibal,
282 2740 395 2774 quum
420 2730 575 2765 retinere
600 2731 637 2764 in
662 2733 841 2775 potestate
867 2741 940 2764 non
965 2733 1096 2774 posset,
1122 2729 1317 2763 delendum
1342 2728 1479 2772 putarit
1504 2726 1636 2769 (Strab.

145 2789 201 2830 VI,
228 2801 262 2833 p.
288 2788 357 2822 256
383 2787 487 2831 Cas).

87 2844 116 2889 ¹)
143 2845 308 2890 [Carteiae
332 2847 509 2882 mentioni
535 2848 773 2892 adiungenda,
809 2857 888 2890 quae
915 2847 958 2881 de
984 2847 1062 2881 aliis
1089 2847 1305 2891 quibusdam
1331 2845 1513 2890 Hispaniae
1539 2843 1636 2888 oppi-

146 2906 199 2940 dis
224 2906 328 2950 longe
353 2910 437 2940 ante
462 2906 640 2941 bellorum
667 2906 825 2940 civilium
852 2909 1015 2949 tempora
1040 2905 1091 2939 ita
1113 2908 1317 2946 narrantur,
1344 2907 1384 2939 ut
1403 2903 1552 2938 coloniae
1572 2905 1636 2938 aut
