1915 3235
976 120 1057 161 108

218 252 261 292 in
294 250 467 304 optimis
501 249 719 291 codicibus
752 249 891 299 abest,
925 248 1002 290 sed
1034 249 1078 289 in
1103 248 1364 290 deteriorum
1389 261 1560 302 quoque
1581 248 1810 297 nonnullis,

218 325 264 363 ut
295 321 338 362 in
370 320 539 362 duobus
573 319 911 369 Oxoniensibus3
943 319 987 360 in
1011 319 1156 360 Haun.
1180 319 1224 360 in
1248 319 1441 372 margine
1465 319 1665 373 suppleta
1688 316 1811 372 est.¹)

334 391 478 433 Semel
510 391 553 431 in
584 390 665 431 hac
698 390 893 431 oratione
926 390 1173 431 coniectura
1197 403 1295 431 mea
1319 390 1529 431 utendum
1553 390 1646 441 fuit,
1680 404 1811 444 quam

214 463 257 503 in
289 461 484 515 margine
522 461 659 514 posui,
703 460 770 510 17,
804 460 881 510 51,
931 460 1051 502 cuius
1091 464 1267 502 causam
1308 460 1558 514 intelligent,
1607 461 1680 515 qui
1718 462 1811 503 ani-

119 544 193 587 >13⁴
216 531 538 581 inadverterint,
587 530 722 572 verba
763 530 835 572 illa
879 533 1044 572 tametsi
1086 532 1326 587 coynoscitis
1358 535 1437 574 cet.
1480 546 1567 574 non
1599 533 1656 574 ad
1697 532 1810 574 Hor-

214 603 400 645 tensium
434 605 477 644 et
505 602 707 644 Catulum
731 603 960 655 pertinere,
994 602 1072 644 sed
1095 604 1208 644 hanc
1231 602 1395 644 habere
1418 603 1526 645 vim:
1559 606 1810 657 poteramus

212 675 379 716 illorum
415 673 746 714 auctoritatibus
779 687 1000 726 opponere
1033 673 1270 715 contrarias
1310 674 1590 716 auctoritates
1630 674 1809 716 fortissi-

211 758 381 786 morum
416 746 458 785 et
490 744 825 785 clarissimorum
859 744 1071 794 virorum;
1111 745 1189 786 sed
1218 747 1380 794 tamen,
1422 745 1590 786 omissis
1623 745 1809 787 auctori-

211 816 373 856 tatibus
407 818 486 856 cet.
557 815 700 868 Atque
744 815 811 856 his
855 815 1079 857 contrariis
1121 815 1451 857 auctoritatibus
1493 816 1628 857 utitur
1670 829 1704 857 c.
1739 816 1808 867 23,

211 886 280 927 68.
344 886 494 938 Itaque
526 899 600 927 eas
632 886 804 927 videtur
834 887 916 928 hoc
949 887 1043 928 loco
1082 889 1212 928 antea
1250 887 1501 939 promittere
1514 902 1532 935 ;·
1570 888 1810 942 eoqnoscitis

210 956 397 1009 quidem,
433 957 556 1009 quasi
588 970 715 1007 nunc,
755 957 849 1010 ipso
882 957 1063 1008 dicente,
1104 957 1289 1010 populus
1323 960 1613 1010 cognosceret,
1662 972 1716 999 ne
1756 958 1808 1000 de

209 1028 430 1069 Hortensii
478 1028 653 1081 quidem
702 1031 744 1070 et
791 1029 931 1071 Catuli
979 1029 1237 1070 auctoritate
1292 1028 1432 1070 dicere
1486 1031 1676 1082 poterat,
1732 1029 1809 1071 sed

207 1100 422 1153 coynostis.
484 1099 696 1141 Audierat
729 1100 843 1141 enim
876 1113 949 1141 eos
980 1100 1181 1153 populus.

325 1170 530 1211 Poteram
563 1171 758 1213 similiter
790 1185 842 1213 ex
875 1171 1028 1212 ceteris
1062 1171 1329 1212 orationibus
1370 1171 1568 1224 exempla
1608 1171 1805 1224 deligere,

206 1241 272 1282 his
307 1241 434 1282 etiam
475 1242 726 1291 illustriora;
775 1243 853 1284 sed
896 1256 1035 1295 neque
1080 1241 1148 1282 hic
1191 1242 1309 1283 locus
1342 1242 1578 1294 longiorem
1612 1242 1807 1296 disputa-

205 1312 368 1354 tionem
403 1312 530 1365 capit,
580 1317 623 1354 et
662 1327 726 1364 ea,
777 1327 873 1367 quae
913 1315 1051 1366 posui,
1101 1312 1276 1354 consilio
1316 1315 1518 1365 suscepto
1557 1313 1807 1355 satisfacere

206 1398 335 1437 posse
381 1385 600 1435 videntur,
650 1387 696 1426 ut
742 1384 1056 1438 persuadeant,
1105 1384 1210 1425 nihil
1256 1386 1475 1425 mutatum
1523 1397 1637 1435 esse,
1687 1386 1806 1426 cuius

206 1456 361 1497 mutati
394 1455 667 1508 probabilem
698 1456 925 1506 rationem,
960 1458 1007 1497 ut
1039 1455 1144 1496 mihi
1177 1455 1351 1508 quidem
1384 1455 1476 1496 visa
1511 1455 1578 1505 sit,
1612 1456 1805 1508 proferre

203 1540 291 1568 non
323 1527 499 1579 possim.
555 1527 701 1567 Unum
733 1529 904 1568 tantum
936 1540 1077 1580 neque
1109 1528 1178 1568 hic
1211 1527 1331 1580 attigi
1363 1540 1503 1580 neque
1537 1527 1581 1567 in
1612 1527 1806 1580 margine

205 1597 365 1647 notavi,
415 1598 531 1649 quod
576 1598 681 1639 nihil
729 1598 771 1639 in
819 1598 967 1639 verbis
1009 1598 1282 1648 mutabatur;
1331 1598 1478 1639 multis
1526 1598 1640 1639 enim
1688 1597 1804 1648 locis,

205 1656 550 1721 interpunctione
584 1671 766 1720 mutata,
816 1669 1032 1710 sententia
1074 1672 1116 1710 et
1155 1669 1291 1711 oratio
1331 1669 1487 1710 rectior
1527 1670 1681 1711 effecta
1720 1672 1804 1719 est3

204 1740 248 1780 in
281 1753 367 1792 qua
399 1753 445 1780 re
479 1740 594 1781 credi
627 1740 731 1781 mihi
763 1740 985 1793 pervelim,
1035 1740 1138 1781 nihil
1182 1740 1441 1793 negligentia
1473 1740 1702 1790 variatum,
1751 1753 1805 1781 ne

203 1811 247 1851 in
285 1811 473 1852 minimis
514 1811 703 1863 quidem.
774 1812 901 1853 Velut
943 1812 1036 1853 Cat.
1072 1812 1138 1861 IV,
1180 1812 1219 1861 6,
1271 1811 1324 1852 12
1363 1813 1464 1852 ante
1504 1811 1563 1853 ita
1604 1811 1805 1853 distincta

203 1884 296 1922 erat
335 1882 485 1933 oratio,
525 1884 573 1922 ut
604 1882 687 1923 hoc
727 1882 888 1924 diceret
920 1886 1084 1924 orator:
1140 1883 1307 1933 „Quum
1340 1882 1445 1923 mihi
1478 1882 1594 1923 foeda
1626 1882 1804 1923 victoria

205 1952 400 1994 Catilinae
434 1953 683 2006 spectacula
716 1955 935 2007 proposui,
976 1954 1060 1996 alia
1101 1954 1294 1995 eiusdem
1334 1953 1524 1995 victoriae
1556 1953 1804 2006 spectacula

202 2023 523 2076 perhorresco.·‘
591 2024 727 2073 Nunc,
770 2025 1032 2067 enumeratis
1066 2025 1266 2066 omnibus
1306 2024 1416 2065 illius
1454 2025 1644 2066 vietoriae
1677 2024 1802 2065 foedi-

203 2094 378 2143 tatibus,
413 2107 471 2144 se,
507 2108 639 2147 quum
663 2097 756 2136 haec
780 2096 861 2136 sibi
885 2099 1113 2149 proponat,
1146 2096 1477 2149 perhorrescere
1495 2096 1609 2137 dicit.
1658 2096 1803 2137 Unum

202 2165 317 2206 enim
358 2165 539 2206 verbum
571 2166 845 2220 perhorresco
884 2167 1096 2219 apodosin
1136 2168 1338 2208 continet.
1409 2167 1493 2208 Pro
1531 2167 1617 2208 Mil.
1651 2168 1697 2217 8,
1747 2167 1798 2208 21

202 2239 317 2277 erat:
367 2236 463 2276 Non
500 2236 587 2289 fuit
626 2250 674 2277 ea
712 2251 854 2291 causa,
905 2238 1075 2291 iudices,
1117 2238 1306 2292 profecto
1347 2252 1427 2278 non
1456 2238 1563 2291 suin
1611 2238 1803 2291 postulat

202 2307 312 2348 ratio
344 2307 494 2360 figurae
527 2307 766 2358 rhetoricae,
808 2311 855 2349 ut
894 2311 995 2350 ante
1029 2308 1260 2361 repetitum
1293 2323 1375 2349 non
1404 2309 1491 2362 fuit
1522 2309 1801 2362 interpunga-

202 2380 285 2418 tur.
349 2378 396 2418 In
429 2378 584 2419 eadem
616 2382 724 2420 orat.
759 2380 827 2429 33,
870 2380 922 2420 91
960 2383 1044 2421 ext.
1078 2380 1251 2421 sublato
1284 2383 1499 2422 commate
1532 2383 1630 2434 post
1660 2382 1801 2435 sinqu-

202 2449 290 2489 Zarz‘
306 2448 521 2498 iubentur,
557 2450 629 2503 qui
647 2450 806 2503 legunt,
843 2451 1007 2491 invidia
1032 2455 1068 2491 et
1090 2450 1268 2503 fortuna
1291 2451 1504 2505 sinyularz‘
1528 2452 1799 2504 coniungere,

203 2519 301 2560 dein
334 2520 482 2560 divina
521 2525 557 2561 et
587 2521 826 2562 incredibili
854 2521 950 2574 fide,
993 2535 1080 2563 non
1111 2522 1335 2576 sluqulare',
1376 2521 1523 2562 divina
1556 2527 1591 2562 et
1622 2522 1800 2563 incredi-

204 2591 277 2631 bili
305 2590 402 2644 fide,
442 2591 575 2632 nimia
615 2592 926 2634 adiectivorum
968 2593 1293 2635 coacervatione
1327 2595 1369 2634 et
1401 2595 1551 2634 contra
1584 2592 1799 2634 Ciceronis

238 2777 265 2819 ¹)
293 2777 455 2821 [Partem
482 2780 654 2814 orationis
680 2780 812 2814 iniuria
843 2784 1049 2825 suspectam
1081 2784 1178 2815 recte
1204 2780 1370 2815 Halmius
1403 2780 1575 2815 defendit.
1625 2781 1799 2822 Eandem,

295 2849 406 2881 quam
440 2849 504 2881 ego
538 2839 726 2883 sequebar,
765 2839 985 2873 sententiam
1018 2839 1167 2881 rectius,
1205 2843 1246 2874 ut
1277 2839 1430 2881 videtur,
1470 2839 1639 2884 exprimit
1670 2838 1799 2873 Gertzii

295 2897 519 2932 coniectura:
572 2899 718 2931 Videbat
760 2900 854 2931 enim
898 2900 1132 2942 imperatores
1169 2899 1381 2942 locupletari
1418 2900 1611 2943 quotannis
1642 2900 1798 2942 pecunia

288 2957 436 2999 publica
456 2962 593 2999 praeter
612 2954 778 3000 paucos]
