1915 3235
832 131 913 172 193

74 260 330 310 Lanuvinos,
364 260 610 309 Fundanos,
644 260 908 309 Formianos,
943 260 1180 309 Cumanos;
1212 259 1297 300 vid.
1323 260 1412 300 Liv.
1439 260 1543 309 VIII,
1575 258 1667 312 14);

74 333 129 379 et,
162 343 215 371 ne
249 330 429 371 dubium
461 329 528 380 sit,
569 330 623 370 de
654 330 736 370 hac
769 343 867 371 eum
901 331 1150 372 condicione
1182 330 1311 383 loqui,
1352 330 1544 372 additur:
1585 333 1669 385 qui

65 405 183 454 post
215 401 413 454 aliquot
445 414 602 441 annos
642 399 715 453 (ab
748 400 867 441 initio
900 401 990 441 eius
1023 398 1299 453 condicionis)
1339 402 1445 441 cives
1485 401 1669 442 Romani

75 470 207 524 effecti
259 475 366 512 sunt.
451 470 610 512 Eorum
668 471 825 524 duplex
881 471 1103 524 distinguit
1158 484 1313 524 genus,
1368 484 1552 524 quorum
1605 473 1667 513 al—

73 541 154 582 teri
186 541 375 594 aliquam
414 541 601 594 speciem
641 554 820 582 suarum
862 555 1006 582 rerum
1048 541 1431 582 administrationis
1472 542 1668 583 retinuis-

72 614 169 653 sent
201 610 363 665 (itaque
397 612 573 652 Tusculi
612 614 654 652 et
693 612 874 652 Lanuvii
912 614 1064 665 postea
1103 613 1326 664 supererat
1368 614 1492 653 vetus
1531 614 1668 666 magi-

73 685 233 723 stratus
294 695 472 732 nomen‚
538 681 799 734 dictatoris),
863 682 1008 723 alteris
1071 696 1246 735 prorsus
1309 683 1375 723 sui
1437 685 1666 736 magistra-

71 759 141 794 tus
189 752 381 805 adempti
432 755 596 801 essent;
651 753 796 805 itaque
852 752 894 793 in
951 753 1032 794 hac
1081 755 1204 806 parte
1252 753 1503 806 Anagninos
1553 756 1669 795 recte

72 823 206 876 ponit.
222 820 254 876 l)
316 823 395 864 His
437 836 523 873 005,
573 823 645 876 qui
683 826 835 876 postea
874 824 1000 876 vulgo
1041 824 1278 877 municipes
1319 824 1667 877 appellabantur,

75 893 280 946 adiungit,
329 893 402 946 qui
442 906 666 946 nunquam
710 895 927 935 civitatem
971 895 1061 935 sine
1105 894 1309 947 suffragio
1353 894 1620 936 habuissent.
1634 892 1668 948 2)

72 965 120 1005 In
153 965 288 1006 altero
319 964 412 1005 loco
446 977 579 1016 quum
612 965 855 1017 expositum
888 967 1013 1015 esset,
1048 965 1283 1018 quotuplici
1315 965 1482 1006 ratione
1516 965 1668 1018 aliquis

72 1035 295 1088 municeps
327 1035 506 1075 alicuius
539 1035 759 1088 municipii
793 1048 845 1076 ex
877 1036 1040 1088 vulgari
1080 1036 1150 1077 illo
1191 1049 1347 1089 genere
1381 1049 1476 1077 esse
1508 1039 1667 1089 posset,

73 1105 318 1158 adiungItur
351 1119 403 1146 ex
435 1105 543 1146 alius
577 1105 864 1146 iurisconsulti
896 1106 1006 1147 libro
1039 1106 1327 1159 fragmentum
1356 1107 1411 1147 ad
1438 1107 1575 1149 altera
1598 1108 1670 1149 illa

73 1175 306 1229 municipia
347 1176 501 1216 civium
544 1176 635 1217 sine
677 1176 880 1229 suffragio
919 1177 1160 1229 pertinens;
1208 1178 1252 1217 in
1291 1190 1375 1229 quo
1415 1191 1548 1230 quum
1588 1178 1669 1219 tria

73 1247 159 1288 sint
191 1247 401 1300 exempla,
452 1247 538 1288 duo
581 1247 735 1288 eadem
776 1250 905 1299 atque
944 1248 988 1288 in
1028 1247 1163 1289 altero
1196 1247 1289 1289 loco
1321 1251 1421 1289 sunt
1455 1248 1668 1302 (Cumani,

73 1316 315 1369 Acerrani).
380 1318 465 1359 Sed
497 1318 565 1358 hic
598 1320 746 1370 aperte
781 1331 806 1359 a
838 1318 1017 1359 Servilio
1051 1319 1156 1359 cives
1198 1317 1256 1358 illi
1288 1318 1486 1360 homines
1520 1321 1669 1373 appel-

73 1387 228 1437 lantur,
264 1389 335 1440 qui
353 1388 488 1430 altero
513 1389 605 1430 1000
632 1389 743 1429 cives
769 1401 856 1429 non
882 1388 1012 1429 fuisse
1039 1389 1251 1439 dicuntur,
1286 1389 1441 1430 eadem
1467 1391 1669 1432 nimirum

73 1457 372 1508 inconstantia,
409 1472 505 1512 quae
538 1459 580 1499 in
612 1460 693 1499 hoc
726 1460 949 1500 hominum
983 1472 1139 1512 genere
1172 1460 1433 1512 appellando
1466 1460 1669 1514 frequen-

72 1529 237 1570 tissima
271 1531 348 1578 est,
397 1529 439 1570 in
479 1530 529 1570 iis
569 1529 736 1579 saltem,
786 1530 858 1582 qui
897 1530 1086 1583 speciem
1118 1530 1236 1571 illam
1269 1544 1360 1571 suae
1393 1531 1454 1572 rei
1485 1532 1671 1584 publicae

72 1596 376 1652 retinebant&
439 1600 589 1653 Itaque
621 1613 674 1641 ex
706 1600 820 1640 Festi
861 1600 964 1641 locis
1004 1601 1085 1643 hoc
1124 1615 1258 1642 unum
1292 1601 1488 1652 efficitur,
1539 1604 1670 1644 etiam

73 1670 256 1711 subacta
288 1672 327 1711 01
362 1671 559 1723 parentia
593 1672 747 1711 civium
781 1672 872 1712 sine
905 1672 1109 1724 suffragio
1142 1673 1302 1725 oppida
1333 1673 1566 1726 municipia
1593 1688 1671 1727 ap-

72 1741 233 1793 pellata
266 1754 372 1781 esse.
436 1742 498 1782 De
531 1742 721 1795 Dionysii
753 1755 835 1782 usu
868 1743 1066 1784 vocabuli
1099 1747 1332 1784 ι’σοπολιτεῐας
1354 1743 1442 1784 13111
1466 1744 1564 1794 dixi,
1600 1745 1672 1797 qui

74 1812 203 1852 etiam
251 1811 490 1853 Formianis
538 1812 843 1864 Fundanisque
893 1812 1072 1865 aliisque
1120 1813 1232 1855 bello
1280 1814 1431 1855 Latino
1479 1815 1671 1856 subactis

73 1887 305 1924 ἰσοπολιτείας
329 1888 587 1932 ,ιιεταδοθῆιτιι
614 1883 759 1924 scribit
801 1882 861 1936 (in
901 1884 1098 1936 Excerpt.
1133 1898 1174 1936 p.
1209 1884 1294 1925 245
1328 1884 1524 1926 Tauclm.
1560 1884 1667 1937 [XV,

76 1954 96 1994 ’ἶ
134 1952 337 2006 Κ10551.]),
388 1954 502 2005 quod
535 1954 661 2006 quale
695 1955 761 2003 sit,
811 1967 863 1995 ex
910 1954 1028 1995 Livio
1076 1955 1324 2008 intelligitur
1364 1958 1406 1996 et
1447 1969 1499 1996 ex
1538 1957 1670 2009 ipsius

73 2025 334 2065 narratione.
398 2024 507 2065 Nam
542 2025 791 2066 sollicitatos
839 2038 911 2066 eos
958 2025 1091 2065 tradit
1137 2025 1193 2066 ad
1234 2027 1381 2078 iugum
1420 2026 1670 2068 Romanum

75 2094 391 2135 excutiendum.
455 2094 581 2144 Quod
614 2095 768 2136 deinde
801 2096 1062 2136 Niebuhrius
1097 2094 1156 2148 (p.
1192 2096 1259 2145 72,
1295 2097 1348 2137 76
1382 2096 1489 2149 not.)
1522 2098 1671 2139 Velleii

74 2166 289 2207 Paterculi
320 2166 567 2207 testimonio
600 2166 735 2206 utitur
768 2167 820 2207 de
853 2167 1024 2207 civitate
1067 2166 1296 2220 Campanis
1336 2173 1372 2208 et
1396 2170 1520 2222 parti
1552 2169 1671 2209 Sam-

75 2237 208 2277 nitum
250 2236 353 2277 data
391 2236 442 2277 T.
484 2237 660 2278 Veturio
700 2237 888 2286 Calvino,
939 2237 1011 2290 Sp.
1044 2237 1267 2278 Postumio
1308 2251 1417 2279 coss.
1462 2238 1517 2291 (a.
1553 2240 1669 2291 334).

112 2363 142 2407 ¹)
167 2366 242 2400 Liv.
270 2366 328 2406 IX,
356 2365 411 2407 13,
438 2377 549 2410 supra
574 2377 608 2410 p.
634 2365 703 2399 234
730 2369 803 2399 not.

113 2422 140 2467 ²)
167 2425 281 2466 Patet,
320 2436 467 2469 prorsus
507 2425 709 2459 necessario
748 2428 932 2468 receptam
971 2435 1047 2458 esse
1080 2424 1297 2468 scripturam
1337 2427 1544 2464 Urbinate3;
1586 2438 1671 2461 nam

169 2484 366 2527 Arpinates
393 2484 438 2517 ad
463 2484 623 2528 primum
650 2494 763 2528 genus
789 2483 1031 2528 pertinebant.

113 2539 140 2584 ³)
166 2542 342 2584 Antiates,
382 2554 473 2586 quos
504 2542 627 2576 Livius
661 2542 737 2586 ipse
769 2554 800 2576 a.
827 2541 896 2575 338
928 2542 1072 2576 civitate
1105 2543 1257 2577 donatos
1289 2543 1424 2585 scribit,
1465 2544 1510 2578 ad
1543 2555 1574 2578 a.
1603 2544 1672 2577 318

169 2600 242 2643 (IX,
270 2599 328 2644 ΞΟ)
362 2603 474 2635 socios
507 2601 682 2645 appellat;
722 2601 908 2635 Romanos
939 2601 1220 2645 Campanorum,
1261 2603 1323 2646 qui
1356 2602 1429 2636 iam
1464 2603 1559 2637 cives
1594 2604 1672 2637 51110

169 2659 338 2704 suffragio
366 2663 469 2694 erant
496 2660 600 2702 (VIII,
629 2659 698 2701 14),
726 2660 841 2693 500105
868 2659 1032 2694 nominat
1057 2661 1116 2702 IX,
1144 2661 1175 2702 6,
1204 2661 1234 2703 7,
1269 2662 1476 2705 Campanos
1503 2661 1671 2696 universe

170 2718 284 2752 socios
309 2719 435 2759 XXIII,
463 2718 494 2752 5.
536 2719 669 2753 Contra
694 2719 906 2756 Acerranos,
934 2730 1046 2763 quum
1075 2720 1203 2754 eodem
1222 2720 1378 2754 civitatis
1396 2732 1527 2764 genere
1546 2721 1670 2755 donati

170 2781 300 2818 essent,
328 2779 508 2812 Romanos
534 2778 647 2812 factos
674 2777 797 2811 scribit
823 2778 915 2819 VIII,
943 2777 996 2811 17.
1036 2778 1162 2822 Itaque
1188 2790 1284 2813 nunc
1311 2779 1523 2823 suffragium
1546 2780 1671 2813 datum

170 2836 346 2880 intelligit,
375 2839 420 2877 et,
448 2848 469 2869 a
495 2836 758 2870 iurisconsultis
784 2836 853 2870 illis
880 2836 1098 2881 discrepans,
1132 2837 1227 2871 cives
1253 2838 1330 2872 sine
1357 2838 1528 2881 suffragio
1555 2838 1671 2871 muni-

172 2895 292 2939 cipum
318 2895 465 2929 nomine
499 2895 666 2929 excludit.
717 2895 876 2929 Tenetur
907 2895 1084 2930 inferioris
1117 2896 1243 2937 aetatis,
1283 2907 1397 2941 quum
1430 2896 1519 2930 nulli
1552 2899 1673 2931 essent

173 2953 348 2988 eiusmodi
375 2953 482 2995 cives,
511 2954 681 2997 loquendi
709 2954 961 2995 inconstantia,
989 2954 1078 2988 nihil
1105 2955 1214 2989 aliud.

1344 3013 1386 3046 13

1690 1049 1742 1074 238
