1915 3235
840 115 925 156 483

92 243 180 298 5.1)
228 245 446 286 Omissum
469 247 533 285 est
557 249 599 285 ut
622 244 738 297 apud
759 244 900 285 Plaut.
925 244 1079 284 Bacch.
1098 243 1146 292 ΙΙ,
1170 243 1209 292 3,
1246 242 1347 283 10οε
1381 242 1484 282 milei
1515 241 1676 282 dederit

91 317 224 357 velim.
238 312 272 369 2)
333 316 513 356 Prorsus
546 314 705 355 eminet
737 314 868 355 futuri
900 314 1152 366 significatio
1192 313 1235 353 in
1275 313 1488 353 sententia
1529 325 1674 353 conse-

93 387 233 428 cutiva
266 386 383 438 apud
413 385 615 426 Plautum
649 385 763 426 Rud.
796 385 863 434 ΙΙΙ,
896 385 937 433 4,
971 384 1047 425 25:
1082 383 1153 424 Ita
1184 383 1280 423 hinc
1312 397 1381 437 eqo
1413 388 1449 423 te
1481 387 1673 423 ornatum

92 457 294 508 amittam,
338 460 382 496 tu
413 457 528 510 ipsus
558 460 595 496 te
629 460 670 496 iit
703 469 782 495 non
814 456 988 505 noveris,
1036 454 1079 494 id
1112 456 1188 503 est,
1238 453 1482 506 cogniturus
1515 453 1584 502 sis,
1634 454 1675 492 et

90 527 207 580 apud
239 527 406 567 Lucret.
439 526 487 577 ΙΙ,
529 526 634 567 982:
684 539 897 580 nunquam
929 526 1146 566 consistere
1178 528 1221 564 ut
1254 525 1380 573 ausis,
1421 523 1464 564 id
1497 525 1574 573 est,
1615 523 1674 563 ita

89 602 135 638 ut
167 610 254 638 non
286 609 470 638 ausurus
502 596 573 637 sis.
635 596 705 636 Ad
735 595 814 636 hos
854 596 960 636 duos
1000 595 1114 636 locos
1154 595 1259 636 mire
1300 593 1544 646 adiungitur
1584 593 1673 634 Sal—

90 667 203 708 lustii
235 667 278 707 in
317 667 509 708 oratione
550 666 698 718 Lepidi
739 664 855 719 (hist.
889 665 960 706 lib.
994 665 1023 715 Ι,
1063 665 1215 717 fragm.
1247 665 1317 714 41,
1361 664 1413 704 19
1446 661 1672 715 Dietsch.):

92 738 274 789 Quorum
307 737 408 777 adeo
441 736 602 777 Sullam
635 750 715 776 non
738 737 924 790 pcenitet,
958 741 1002 776 ut
1033 741 1068 776 et
1097 736 1215 788 faeta
1249 736 1291 775 in
1320 735 1458 789 ⁴qlorici
1491 738 1675 774 ›iimzeret

90 813 137 860 et,
171 809 209 848 si
240 808 373 860 liceat,
408 806 574 848 avidius
603 806 804 859 feeerit.

206 878 295 918 Iam
327 879 459 930 patet,
494 890 625 929 quum
656 877 750 917 haec
782 877 921 918 forma
952 890 1030 929 pro
1053 876 1254 929 praesenti
1284 875 1541 916 coniunctivi
1563 877 1673 915 tem—

87 961 204 1001 pore,
253 948 330 989 sed
373 950 541 989 tantum
586 947 826 997 dubitativi,
874 949 923 987 ut
965 947 1111 988 statim
1144 947 1297 996 dicam,
1345 948 1514 986 retenta
1547 947 1671 992 esset,

87 1018 190 1059 nihil
238 1018 354 1059 aliud
401 1031 530 1070 quam
579 1031 681 1059 casu
722 1018 777 1059 ad
817 1020 1006 1058 veterem
1045 1017 1247 1070 loquendi
1285 1017 1469 1058 formam
1510 1015 1672 1057 redisse

87 1088 397 1139 Quintilianum
431 1090 473 1129 et
505 1088 703 1129 Tacitum
737 1091 779 1129 et
811 1089 883 1141 qui
915 1088 998 1138 alii,
1046 1088 1223 1140 prolatis
1261 1100 1409 1128 rursus
1448 1087 1538 1127 eius
1572 1099 1672 1127 con-

87 1159 262 1200 iunctivi
293 1158 463 1208 finibus,
497 1158 556 1199 sic
589 1159 682 1200 ausi
714 1162 815 1200 sunt
846 1159 980 1212 loqui:
1014 1163 1057 1199 ut
1091 1159 1150 1199 ita
1182 1158 1362 1198 dixerim
1385 1157 1507 1210 (Tac.
1530 1157 1670 1210 Agric.

87 1228 144 1282 3),
186 1243 234 1270 ne
266 1230 427 1284 Zonyizcs
459 1229 634 1269 abierim
667 1229 727 1282 (id
758 1230 869 1270 Ann.
903 1230 969 1280 VI,
1010 1227 1097 1281 22),
1139 1234 1180 1269 ut
1218 1230 1276 1269 sie
1308 1228 1489 1268 (lixerim
1522 1226 1672 1281 (Quin-

87 1300 145 1340 til.
178 1300 195 1340 Ι
236 1313 416 1352 prooem.
450 1299 505 1340 23
545 1302 587 1340 et
625 1299 653 1349 I,
695 1300 734 1350 6,
776 1301 797 1341 1
839 1303 881 1341 et
919 1301 1022 1350 VIII,
1064 1300 1103 1349 3,
1143 1299 1219 1347 553
1268 1299 1372 1339 Tac.
1411 1298 1523 1339 Ann.
1563 1298 1670 1346 XIV,

85 1366 225 1423 53)3),
273 1370 391 1411 Pers.
424 1370 453 1421 l,
493 1371 540 1411 4:
590 1384 637 1410 ne
680 1370 782 1411 mihi
816 1371 1096 1424 prceiulerint.
1178 1369 1302 1420 Quod
1347 1369 1463 1422 apud
1506 1368 1669 1409 Livium

87 1441 238 1493 legitur
269 1440 373 1490 VIII,
410 1442 482 1482 18:
517 1455 565 1481 ne
596 1441 662 1481 cui
694 1446 909 1482 auctorum
938 1441 1063 1494 fidem
1097 1440 1396 1495 abroyccierim,
1431 1439 1484 1480 de
1517 1440 1672 1479 eventu

86 1511 230 1552 futuro
262 1512 440 1552 actionis
472 1512 793 1564 intelligendum
827 1514 891 1552 est
924 1511 990 1565 (ne
1022 1512 1088 1552 eui
1116 1511 1241 1564 fidem
1275 1511 1494 1565 abroyasse
1525 1509 1673 1549 videar

88 1580 355 1636 reperiarve).

202 1652 270 1693 ΙΙΙ.
332 1651 456 1703 Huic,
505 1665 632 1705 quem
681 1653 871 1706 exposui,
919 1654 1015 1694 usui
1062 1653 1193 1694 futuri
1233 1651 1371 1693 exacti
1415 1650 1671 1692 coniunctivi

86 1735 162 1775 per
209 1722 399 1763 futurum
448 1723 630 1775 simplex
669 1723 711 1763 in
750 1725 975 1776 praesentis
1015 1724 1369 1776 significationem
1408 1722 1671 1763 transeimtis

88 1792 314 1834 adiunctus
347 1794 412 1834 est
444 1796 486 1834 et
517 1794 723 1834 finitimus
754 1807 858 1835 usus
891 1795 981 1835 eius
1006 1795 1048 1835 in
1074 1795 1263 1847 optando
1287 1789 1670 1846 prohibendove4),

85 1863 128 1904 in
175 1876 260 1916 quo
306 1877 477 1917 semper
523 1864 715 1905 admixta
763 1867 827 1905 est
873 1865 1017 1917 aliqua
1055 1865 1186 1905 futuri
1225 1863 1431 1916 temporis
1472 1862 1671 1916 cogitatio

86 1934 194 1975 adeo
227 1934 378 1984 latens,
426 1937 474 1975 ut
512 1934 638 1987 vulgo
670 1947 756 1975 non
790 1935 1068 1987 exprimatur.
1131 1935 1339 1987 Exempla
1371 1933 1670 1975 auctoritates-

86 2017 170 2057 que
202 2005 245 2045 in
276 2004 357 2045 hoc
389 2018 544 2058 genere
576 2018 737 2057 ponere
777 2018 1145 2057 supervacaneum
1179 2008 1257 2046 est.
1321 2004 1401 2057 (Di
1439 2009 1474 2045 te
1511 2017 1670 2044 servas-

85 2076 179 2116 sint.
254 2074 330 2115 Vos
376 2076 491 2116 salus
536 2077 745 2116 sereassit.
816 2074 871 2115 Id
917 2080 954 2115 te
1002 2075 1193 2130 Iuppiter
1227 2075 1492 2129 prohibessit.
1566 2074 1671 2115 Cave

87 2146 269 2186 excessis.
333 2146 408 2186 Nil
454 2146 650 2186 eecrassis.
714 2145 777 2186 Ne
825 2147 1082 2200 appellasses.
1153 2146 1306 2186 Nullus
1351 2145 1511 2186 dixeris
1557 2143 1669 2196 cet.).

123 2284 151 2328 1)
178 2284 315 2328 [Cicero
341 2297 422 2319 cai-e
447 2287 617 2329 eoyz'tciris
643 2285 732 2319 dixit
758 2286 801 2319 ad
830 2286 896 2328 Qu.
923 2286 977 2320 Fr.
1004 2286 1063 2328 ΙΙΙ,
1091 2286 1121 2324 9,
1148 2286 1186 2324 4;
1221 2286 1283 2320 cfr.
1309 2286 1413 2330 Prop.
1440 2286 1471 2319 II
1498 2284 1587 2329 (ΙΙΙ),
1615 2285 1670 2326 13,

178 2344 235 2386 41,
262 2345 357 2378 Curt.
377 2344 416 2386 V,
444 2344 475 2385 9,
502 2344 557 2378 21.
584 2344 659 2378 Liv.
680 2344 804 2385 XXIX,
829 2343 873 2376 ⁴27
890 2344 927 2377 in
946 2345 1115 2388 precandi
1133 2345 1290 2379 formula
1307 2345 1494 2379 vetustatis
1513 2345 1670 2379 colorem

180 2406 324 2437 secutus
349 2403 487 2447 posuit:
507 2414 649 2446 precor,
677 2430 683 2437 .
712 2430 718 2436 .
747 2426 754 2433 .
781 2405 917 2436 auritis
944 2430 951 2437 .
981 2430 988 2437 .
1016 2430 1023 2437 .
1047 2401 1204 2445 faxitis]

125 2459 152 2504 ²)
178 2462 286 2506 Apud
312 2461 521 2496 Ciceronem
547 2462 592 2496 ad
617 2462 691 2496 Att.
718 2462 776 2503 IX,
803 2462 835 2503 9,
863 2462 881 2494 1
909 2461 1045 2504 (Quare
1068 2464 1139 2504 fae,
1175 2467 1210 2495 ut
1236 2464 1400 2506 ostendis,
1426 2474 1468 2496 ne
1493 2464 1670 2496 destiteris

180 2522 226 2554 ad
252 2531 314 2563 me,
340 2522 507 2564 quiequid
532 2522 597 2554 tibi
621 2523 658 2554 in
684 2526 830 2555 mentem
855 2523 997 2564 venerit,
1029 2518 1193 2563 scribere)
1225 2524 1287 2554 aut
1318 2521 1549 2555 scribendum
1575 2521 1669 2554 vide-

180 2583 256 2613 tur:
295 2590 375 2613 nei-e
406 2581 583 2613 destiteris
608 2583 670 2614 aut
703 2580 753 2613 sic
780 2580 1067 2624 interpungenda
1092 2579 1206 2613 oratio
1231 2583 1312 2623 post
1337 2582 1502 2621 ostendis,
1541 2583 1580 2613 ut
1606 2590 1669 2623 per

179 2649 216 2672 se
242 2638 396 2672 addatur
421 2650 462 2672 zie
487 2640 663 2672 destiteris
672 2651 679 2679 ;
707 2650 792 2672 nam
819 2638 980 2673 Ciceroni
1007 2650 1049 2673 ex
1075 2639 1143 2673 hoc
1168 2650 1240 2672 uno
1267 2639 1345 2673 loco
1371 2638 1470 2672 illam
1496 2637 1668 2682 loquendi

178 2696 333 2730 formam
358 2696 516 2731 tribuere
542 2708 614 2731 non
641 2698 767 2731 audeo.

123 2752 150 2797 ³)
175 2755 358 2790 Walchius
384 2756 428 2789 ad
454 2756 536 2790 Tac.
562 2756 679 2800 Agric.
705 2767 739 2799 p.
767 2755 834 2789 133
860 2755 982 2790 aoristi
1007 2756 1115 2791 inane
1140 2767 1286 2798 nomen,
1319 2767 1462 2800 semper
1487 2759 1667 2799 paratum,

178 2814 335 2849 adhibet.

123 2869 152 2915 ⁴)
180 2870 312 2915 [Etiam
351 2872 387 2907 in
431 2873 548 2917 prima
590 2884 761 2916 persona,
807 2876 846 2907 ut
884 2873 979 2916 apud
1017 2873 1159 2908 Livium
1197 2874 1310 2915 XXII,
1349 2873 1387 2916 3,
1427 2873 1471 2906 10
1508 2876 1543 2907 et
1579 2872 1668 2913 XLI,

178 2930 234 2974 24,
260 2929 331 2974 15.]

1320 2989 1385 3023 31*

1693 1873 1742 1897 105
