1915 3235
825 105 910 146 693

75 236 188 277 Add.
221 249 299 289 pro
333 236 449 277 Sext.
481 235 610 276 Rosc.
643 234 741 276 Am.
775 234 844 283 37,
881 234 977 275 108.
1025 233 1072 274 In
1105 232 1322 274 codicibus
1355 230 1663 284 antiquissimis

75 319 189 359 saepe
220 305 434 358 manibice,
467 305 666 346 manibiz's
696 301 910 358 legitur.¹)

191 376 284 417 Lib.
317 376 505 426 XXXIII,
538 376 609 417 48.
675 375 885 427 Quantum
916 388 983 415 res
1015 378 1051 414 et
1081 378 1241 427 tempus
1263 372 1550 427 patiebantur,
1591 384 1663 425 ap·
1683 382 1734 409 366

66 451 237 501 paratae
292 446 584 501 celebratceque
638 447 725 487 eius
776 446 862 486 diei
914 445 1043 499 epulae
1096 448 1204 484 sunt.
1282 443 1385 484 Cod.
1434 442 1662 495 Bamberg.

76 517 240 569 Quanto
273 530 340 558 res
371 521 408 557 et
438 522 597 571 tempus
620 516 896 571 patiebantur
921 515 1137 569 adparatu
1161 513 1464 568 celebrataeque.
1513 513 1663 553 Deleto

74 601 161 642 que,
194 600 342 629 veram
376 587 635 640 scripturam
666 586 948 644 habebimus:
985 585 1148 637 Quanto
1179 597 1247 624 res
1278 588 1315 624 et
1345 589 1503 638 tempus
1527 584 1663 637 patie-

75 658 239 711 bantur,
273 662 489 712 apparatu
520 657 734 698 celebratae
767 658 854 697 etus
885 656 926 697 d.
960 669 1021 709 ep.
1053 651 1209 706 suast)

191 728 283 769 Lib.
315 728 505 777 XXXIII,
543 724 656 780 1523)
711 726 977 768 Describitur
1007 726 1336 775 Androsthenis,
1370 725 1489 766 ducis
1521 724 1664 765 Mace-

75 798 210 849 donis,
259 799 331 852 qui
371 798 426 839 ad
465 799 675 839 Nemeam
714 810 888 839 amnem
926 796 1037 837 inter
1070 796 1320 838 Corinthum
1363 797 1405 836 et
1437 795 1664 848 Sicyonem

75 871 215 910 castra
246 869 454 918 habebat,
502 881 794 922 magnamque
834 867 1019 908 militum
1058 869 1227 920 partem
1262 866 1505 919 praedatum
1539 864 1664 906 dimi-

74 941 209 990 serat,
266 939 516 992 trepidatio,
573 952 705 992 quum
761 938 912 979 castris
967 938 1336 991 appropinquaret
1380 936 1663 985 Nicostratus,

74 1006 334 1051 Achaeor'um
366 1013 546 1063 praetor:
601 1009 835 1064 Trepidam
866 1008 966 1061 dax,
1005 1012 1050 1049 ut
1082 1009 1153 1063 qai
1183 1007 1315 1048 hostes
1346 1019 1550 1061 nusquam
1582 1005 1666 1046 m‘si

74 1094 174 1121 raro
214 1081 258 1120 in
295 1080 464 1121 collibus
503 1085 597 1121 ante
635 1079 866 1134 Sicyonem,
915 1093 995 1120 non
1035 1078 1231 1119 audentes
1271 1091 1417 1132 aqmen
1454 1077 1666 1117 demittere

75 1152 117 1191 in
150 1165 328 1205 campos,
361 1151 542 1204 vidisset,
577 1151 634 1191 ad
668 1150 844 1192 Cleonas
875 1150 1041 1204 quidem
1074 1162 1307 1189 accessuros
1337 1161 1552 1202 ‘tmtzquam
1576 1160 1664 1187 cre-

74 1221 260 1263 didisset.
322 1223 455 1275 Atqui
497 1235 551 1263 ne
592 1235 706 1262 nunc
749 1221 923 1274 quidem
957 1220 1012 1261 ad
1045 1219 1227 1261 Cleonas
1260 1219 1539 1268 accedebant,
1588 1217 1666 1260 sed

74 1292 129 1333 ad
173 1292 399 1342 Nemeam,
448 1293 523 1334 ubi
564 1293 889 1334 Androsthenes
934 1291 1127 1332 sedebat.
1191 1290 1359 1332 Cleonis
1398 1290 1665 1330 Nicostratus

74 1363 228 1413 fuerat,
263 1377 485 1417 quumque
529 1377 579 1405 eo
622 1364 798 1405 nuntius
832 1363 885 1404 de
916 1362 1124 1403 militibus
1162 1361 1477 1402 Androsthenis
1509 1360 1665 1413 palatis

74 1446 150 1486 per
183 1447 308 1487 agros
342 1435 497 1476 allatus
531 1440 656 1484 esset,
690 1435 789 1475 inde
817 1434 1025 1474 Nemeam
1053 1445 1202 1473 versus
1235 1431 1454 1485 profectus
1488 1433 1564 1472 est.
1618 1430 1666 1471 In

75 1504 219 1545 codice
251 1504 560 1557 Bambergensi
592 1504 798 1557 scriptum
834 1506 918 1544 est:
953 1503 1009 1544 ad
1044 1502 1221 1544 Cleonis.
1279 1502 1383 1553 Quis
1416 1515 1503 1543 non
1534 1501 1664 1551 videt,

74 1574 349 1616 scribendum
393 1575 544 1617 fuisse:
594 1590 620 1616 a
665 1575 854 1616 Cleonis?
913 1574 1112 1615 Ceterum
1158 1576 1206 1614 ut
1254 1575 1335 1614 hoc
1380 1571 1666 1613 certissimum

75 1647 151 1694 est,
194 1645 255 1686 ita
286 1658 372 1686 non
404 1647 540 1688 multo
572 1646 713 1687 minus
748 1648 911 1687 certum
946 1647 1023 1694 est,
1058 1657 1152 1685 cum
1188 1644 1358 1684 Dukero
1390 1643 1665 1684 scribendum

75 1728 168 1756 esse
202 1729 336 1756 raros.
399 1716 539 1766 Quam
573 1730 688 1770 saepe
721 1716 1047 1757 Androsthenes
1080 1715 1225 1756 hostes
1258 1715 1447 1764 vidisset,
1481 1713 1585 1754 nihil
1610 1713 1666 1754 ad

73 1798 163 1826 rem
198 1788 304 1826 erat.

192 1856 284 1897 Lib.
317 1857 505 1906 XXXIII,
540 1857 614 1898 31:
665 1857 899 1898 Identidem
935 1857 1163 1909 Quinctius,
1211 1855 1475 1897 liberandam
1508 1869 1666 1896 omnem

76 1926 300 1979 Grsecefam,
348 1929 385 1968 εἰ
423 1927 659 1968 AEtolorzcm
701 1929 868 1983 linquas
906 1927 1139 1979 retundere,
1187 1928 1224 1967 si
1262 1940 1403 1967 veram
1435 1927 1665 1977 caritatem,

74 1998 331 2038 maiestatem
365 1998 480 2052 apud
511 2011 649 2039 omnes
680 1998 861 2039 nominis
893 1997 1077 2038 Romani
1108 1997 1254 2038 vellent
1281 2010 1376 2038 esse.
1425 1998 1666 2039 Incommo-

75 2067 295 2109 dissimam
331 2081 426 2109 esse
459 2071 500 2110 et
532 2069 846 2110 intolerabilem
879 2068 1076 2122 asyndeti
1108 2068 1290 2120 figuram
1323 2068 1367 2108 in
1389 2068 1530 2109 verbis
1553 2069 1667 2109 eari-

74 2142 211 2191 tatem,
259 2140 516 2180 maiestatem
563 2153 732 2190 omnes,
781 2140 951 2193 opinor,
1001 2140 1207 2189 sentient,
1255 2139 1336 2180 nisi
1383 2140 1455 2191 qui
1502 2139 1666 2180 nullam

113 2337 142 2379 1)
168 2337 428 2383 [Kreyssigius‚
468 2339 576 2374 huius
615 2339 879 2373 emendationis
916 2339 1078 2382 ignarus,
1124 2337 1440 2382 interpolationem
1479 2339 1593 2373 tenuit
1633 2343 1668 2374 et

169 2398 345 2443 probavit.
397 2396 515 2441 1842]

115 2455 143 2499 ²)
171 2455 241 2500 [Ita
268 2457 493 2502 Kreyssigius
519 2458 641 2492 edidit.
693 2455 810 2499 1842]

115 2514 143 2559 ³)
169 2515 269 2559 [Haec
296 2520 330 2551 et
356 2517 522 2561 proxima
547 2527 643 2550 nunc
671 2516 819 2551 demum
847 2515 980 2557 addidi,
1019 2526 1064 2549 ne
1097 2514 1243 2558 exiguas
1277 2515 1342 2549 has
1374 2515 1556 2558 symbolas
1583 2518 1667 2549 ante

170 2575 303 2609 multos
329 2586 444 2609 annos
470 2575 684 2620 propositas,
718 2575 781 2609 sed
807 2575 857 2608 ita
882 2574 1095 2618 propositas,
1131 2578 1169 2608 ut
1196 2573 1320 2617 paucis
1346 2573 1546 2608 innotuisse
1572 2574 1667 2607 vide-

170 2638 288 2675 antur,
326 2645 424 2668 nunc
457 2635 533 2668 sine
565 2634 766 2668 adiectione
798 2637 1010 2677 repeterem.
1062 2633 1131 2666 Sed
1158 2643 1203 2666 ne
1229 2632 1370 2667 infinita
1396 2633 1548 2667 materia
1574 2635 1668 2667 esset

172 2691 230 2734 (cx
257 2703 328 2736 qua
353 2696 476 2727 tamen
503 2704 577 2727 non
602 2703 718 2737 pauca
745 2692 899 2726 delibavi
933 2703 1046 2735 quum
1078 2691 1115 2726 in
1148 2692 1329 2736 prioribus
1361 2691 1543 2736 opusculis
1569 2694 1603 2725 et
1630 2691 1666 2724 in

172 2751 226 2785 his
252 2751 348 2792 alibi,
374 2756 454 2785 tum
479 2751 515 2785 in
534 2751 691 2785 editione
710 2750 890 2785 Ciceronis
909 2750 1084 2784 librorum
1103 2751 1146 2784 de
1164 2750 1323 2792 finibus),
1351 2762 1394 2785 ex
1418 2751 1545 2784 eodem
1563 2750 1665 2791 libro,

171 2809 273 2844 cuius
298 2810 455 2844 duorum
482 2810 644 2843 locorum
670 2809 943 2843 emendationes
975 2809 1139 2853 proxime
1170 2809 1434 2853 praecedebant,
1473 2813 1545 2843 tres
1578 2809 1666 2842 alios

171 2868 329 2909 adiunxi,
363 2879 476 2912 quum
509 2868 709 2912 praesertim
742 2868 772 2902 is
798 2879 914 2912 nuper
939 2879 960 2902 a
986 2868 1188 2912 Kreyssigio
1215 2868 1486 2912 diligentissime
1512 2871 1665 2911 pertrac-

171 2930 267 2961 tatus
294 2931 397 2961 esset.
450 2925 568 2969 1842]

1687 1867 1737 1891 367
