1915 3235
832 100 915 141 329

76 230 224 271 stionis
273 229 448 270 crimine
496 230 649 282 aliquis
697 232 943 278 accusetur;
992 230 1230 270 secundum
1279 232 1356 279 est,
1406 230 1521 282 quod
1568 230 1670 271 ferri

76 302 232 354 potest,
281 313 529 353 quanquam
574 300 735 341 iustum
777 313 864 341 non
907 302 983 350 est,
1033 300 1227 341 accusari
1262 300 1468 352 aliquem,
1517 301 1552 341 si
1584 313 1671 341 non

76 371 250 424 proprio
283 370 530 423 quaestionis
565 370 755 420 crimine,
805 372 850 411 at
892 370 1067 411 crimine
1106 373 1267 420 tamen,
1317 370 1432 423 quod
1471 371 1671 411 universe

77 455 175 483 cum
206 441 396 482 iudicum
428 441 658 481 severitate
692 441 966 481 coniunctum
1000 441 1067 482 sit.
1115 441 1265 493 Itaque
1288 440 1356 482 hic
1378 441 1479 482 addi
1500 444 1673 494 poterat

77 511 255 567 quidem,
297 511 373 552 sed
406 514 575 553 mutata
607 512 812 552 orationis
846 511 1006 553 forma:
1046 525 1097 552 ne
1128 511 1331 552 eiusmodi
1363 512 1529 566 quidem
1561 513 1672 567 quic-

77 596 202 637 quam
234 582 426 622 obiicitur
458 584 538 623 cet.
589 581 715 632 Quod
747 584 894 623 autem
927 581 1111 623 Orellius
1144 582 1310 637 quidem
1341 582 1502 635 requiri
1534 585 1671 635 putat,

78 653 192 705 quod
231 655 436 705 sequatur
477 666 564 694 non
606 652 789 705 simplex
831 666 916 702 ozee,
966 653 1043 694 sed
1090 667 1162 693 nec
1208 667 1314 703 vero,
1363 653 1521 703 nescio,
1571 652 1674 705 quid

76 724 216 764 virum
250 723 535 764 clarissimum
568 723 779 764 fefellerit.
843 723 952 764 Nam
986 725 1068 765 hoc
1099 724 1241 776 ipsum
1283 737 1412 778 neque
1453 746 1508 751 —
1547 737 1675 777 neque

81 807 171 834 vero
203 794 360 846 saepius
394 796 435 834 et
467 793 638 846 proprie
670 795 856 846 ponitur,
892 807 1025 846 quum
1058 794 1241 835 alterum
1266 807 1318 835 ex
1342 793 1511 835 duobus
1536 806 1675 834 mem-

79 864 166 906 bris
210 878 298 906 non
340 878 516 917 prorsus
564 877 615 905 ex
659 878 782 917 aequo
826 865 1095 918 adiungitur,
1145 867 1193 905 ut
1226 865 1354 905 Tusc.
1387 865 1435 914 V,
1484 864 1552 914 33,
1599 864 1674 904 93:

79 949 149 976 nec
181 935 238 975 ad
277 935 517 989 potiendum
563 934 739 988 difficile
778 949 861 975 esse
900 940 1032 976 censet
1074 949 1146 976 nec
1188 949 1282 976 vero
1328 935 1385 976 ad
1427 935 1675 983 carendum,

77 1019 155 1058 pro
189 1006 298 1046 Sest.
335 1007 401 1055 16,
436 1005 512 1046 36:
545 1019 674 1060 neque
706 1005 802 1046 huic
836 1011 964 1046 vestro
996 1011 1111 1047 tanto
1143 1007 1281 1047 scaldio
1315 1005 1518 1047 audiendi
1549 1019 1678 1060 neque

78 1089 171 1116 vero
213 1076 309 1116 huic
351 1081 478 1117 tcmtoe
518 1076 780 1117 multitudini
827 1101 883 1105 —
923 1077 1044 1118 deero
1093 1076 1196 1130 (non
1240 1090 1292 1118 ex
1335 1089 1458 1129 aequo
1501 1075 1676 1124 iudices,

79 1159 262 1199 quorum
304 1147 442 1188 maior
484 1146 593 1188 ratio
634 1147 839 1188 habenda
882 1150 993 1197 erat,
1043 1151 1086 1188 et
1133 1161 1291 1189 corona
1339 1148 1676 1199 componuntur3

77 1230 132 1258 ne
166 1230 335 1258 coronae
368 1217 542 1269 quidem
584 1217 834 1258 defuturum
874 1231 920 1259 se
959 1217 1098 1271 dicit);
1148 1218 1249 1259 ibid.
1283 1218 1352 1267 59,
1397 1217 1502 1258 125:
1551 1230 1680 1272 neque

80 1288 279 1329 contionis
313 1288 439 1329 ullius
470 1302 599 1343 «neque
631 1302 725 1329 vero
758 1289 940 1329 ullorum
988 1290 1247 1329 eomitiormn
1296 1287 1368 1342 (ne
1409 1288 1679 1329 comitiorum

80 1358 253 1411 quidem
286 1361 453 1399 tantam
489 1372 582 1400 esse
616 1359 918 1412 frequentiam,
953 1360 1129 1412 intelligi
1162 1358 1284 1412 vult).
1333 1359 1445 1400 Add.
1481 1359 1534 1399 de
1558 1358 1678 1399 Orat.

77 1429 145 1479 ΙΙΙ,
180 1430 248 1479 22,
283 1429 338 1471 85
372 1429 464 1483 (ubi
497 1443 649 1471 sensus
684 1426 768 1471 est:
804 1433 845 1471 et
876 1443 930 1471 ne
964 1432 1094 1471 antea
1128 1431 1303 1483 quidem
1336 1433 1509 1482 tempus
1537 1428 1678 1469 habu-

78 1501 162 1542 isse
210 1501 468 1553 sepositum;
517 1500 833 1542 Germanorum
882 1504 968 1542 est:
1018 1501 1117 1542 noch
1168 1499 1306 1553 auch).
1385 1500 1584 1549 Omnino,
1635 1501 1681 1539 ut

78 1571 177 1612 illuc
209 1571 399 1621 redeam,
432 1572 504 1612 illa
537 1572 749 1624 particula
782 1572 1008 1624 permultis
1041 1572 1144 1613 locis
1178 1571 1292 1612 male
1325 1584 1351 1612 a
1382 1570 1568 1611 librariis
1602 1569 1679 1610 ad-

79 1642 169 1682 dita
203 1644 280 1683 est.
345 1642 556 1694 Exempla
589 1644 689 1683 sunt
723 1643 766 1683 in
798 1643 918 1684 Verr.
952 1643 1018 1693 IV,
1052 1644 1123 1692 46,
1161 1643 1264 1691 1033
1306 1643 1348 1682 in
1381 1641 1504 1683 Catil.
1538 1641 1604 1691 IV,
1643 1642 1679 1689 1,

83 1713 125 1761 1;
174 1726 251 1765 pro
284 1712 364 1765 leg.
398 1713 512 1753 Man.
549 1713 616 1762 14,
660 1713 713 1753 41
761 1713 851 1766 (ubi
897 1727 974 1767 ego
1016 1715 1060 1754 in
1105 1714 1206 1755 edit.
1240 1713 1316 1754 XII
1356 1715 1483 1754 oratt.
1528 1711 1680 1760 delevi,

79 1783 310 1824 obsecutus
355 1783 447 1824 cod.
492 1783 578 1824 Erf.
623 1786 666 1824 et
708 1784 907 1837 palimps.
953 1783 1128 1836 Taur.);
1177 1797 1255 1837 pro
1289 1783 1456 1824 Cluent.
1503 1782 1576 1831 18,
1626 1781 1682 1822 50

80 1853 183 1907 (vid.
217 1854 317 1895 edit.
352 1853 600 1906 Classenii);
651 1867 729 1907 pro
763 1855 871 1896 Sest.
907 1857 945 1904 6,
992 1856 1046 1896 14
1086 1854 1178 1908 (ubi
1218 1854 1401 1895 Orellius
1440 1854 1484 1893 in
1516 1852 1682 1905 minore

82 1925 183 1966 edit.
217 1937 271 1965 ne
305 1925 662 1966 commemoravit
695 1925 882 1977 quidem,
927 1926 1067 1967 omitti
1101 1939 1126 1966 a
1158 1924 1375 1966 nonnullis
1408 1923 1680 1976 particulam,

81 1995 245 2048 opinor,
280 1996 396 2048 quod
427 1995 470 2036 in
502 1995 795 2037 Bernensibus
828 1996 1076 2049 reperiebat
1100 1996 1391 2047 credebatque
1414 1995 1457 2035 in
1480 1993 1682 2035 omnibus

81 2066 330 2108 melioribus
378 2079 494 2115 esse3
542 2079 693 2107 verum
741 2067 981 2108 Bernenses
1028 2068 1088 2108 ibi
1127 2068 1213 2108 iam
1254 2065 1503 2118 interpolati
1537 2067 1681 2113 erant;

81 2151 183 2178 nam
216 2137 468 2178 Parisiensis
503 2150 601 2178 cum
635 2137 736 2178 edit.
770 2138 906 2190 Naug.
942 2140 983 2178 et
1017 2138 1165 2190 Steph.
1200 2136 1372 2178 omittit.
1435 2136 1571 2176 Recte
1603 2148 1682 2188 po—

81 2213 268 2258 neretur,
318 2209 353 2249 si
394 2209 438 2249 in
479 2208 654 2261 reliquis
688 2208 1013 2261 magistratibus
1047 2208 1174 2249 Sestii
1205 2208 1334 2258 idem,
1383 2207 1500 2259 quod
1531 2207 1574 2247 in
1605 2206 1682 2246 tri-

82 2279 263 2329 bunatu,
297 2279 439 2320 minus
474 2281 622 2332 aperte
656 2278 842 2331 perspici
876 2278 1049 2329 diceret,
1084 2281 1177 2320 tum
1206 2279 1250 2319 in
1274 2278 1500 2319 tribunatu
1525 2277 1682 2318 certius

82 2350 374 2402 illustriusque
408 2348 653 2402 apparere).

200 2420 336 2462 Paulo
369 2423 467 2473 post
499 2419 521 2472 ἓ
548 2421 601 2460 73
636 2433 688 2461 ex
721 2420 873 2462 eodem
908 2420 1053 2461 codice
1085 2421 1369 2473 palimpsesto
1402 2419 1544 2460 minus
1567 2421 1683 2459 recte

83 2494 306 2544 receptum
338 2494 464 2544 puto:
512 2492 558 2531 in
601 2505 681 2546 qua
708 2492 931 2544 provincia
965 2505 1091 2545 quum
1122 2505 1189 2532 res
1221 2496 1312 2531 erat
1344 2495 1380 2531 et
1403 2490 1684 2543 possessiones

77 2567 285 2616 paternoe,
319 2567 403 2603 tum
438 2564 561 2603 etiam
597 2564 691 2611 cet.,
725 2562 800 2602 ubi
834 2561 985 2614 reliqui
1017 2562 1182 2603 habent
1215 2565 1348 2602 erant.
1396 2560 1509 2601 Nam
1541 2572 1683 2612 neque

85 2647 150 2674 res
189 2634 248 2674 sic
287 2633 402 2675 nude
451 2633 604 2674 dicitur
652 2632 735 2686 (res
783 2637 839 2674 est
886 2633 1015 2673 alicui
1061 2633 1106 2673 in
1153 2633 1299 2687 aliqua
1337 2629 1592 2685 provincia),
1642 2632 1684 2671 et

85 2704 180 2757 ipsa
212 2705 425 2746 sententia
459 2718 556 2746 cum
590 2704 802 2745 adiectivo
827 2708 1022 2757 paternae
1063 2703 1261 2755 coniungi
1300 2702 1433 2752 iubet,
1482 2701 1599 2754 quod
1636 2703 1685 2741 ut

85 2774 176 2815 fieri
208 2778 367 2828 posset,
417 2776 507 2816 sine
551 2775 682 2816 dubio
727 2774 875 2816 Cicero
916 2787 1098 2815 numero
1142 2786 1314 2826 quoque
1355 2775 1438 2814 hoc
1479 2773 1684 2813 substan-

86 2845 222 2886 tivum
256 2846 379 2887 alteri
419 2846 557 2887 simile
601 2846 720 2891 fecit:
768 2858 848 2885 nec
890 2845 1081 2898 ambigui
1125 2844 1357 2897 quicquam
1400 2847 1493 2884 erat
1537 2843 1684 2883 addito

1701 1582 1752 1606 -107
