1915 3235
117 1455 167 1479 335

948 103 1033 144 272

191 236 291 287 quia
323 234 440 275 nulla
480 236 648 274 naturae
690 232 749 273 sic
792 232 908 284 loqui
951 232 1138 273 iubentis
1181 234 1439 274 necessitate
1483 235 1662 282 constat,
1712 233 1788 274 sed

190 307 283 358 ipsa
316 306 356 345 vi
390 304 726 353 consuetudinis,
762 316 848 356 qua
879 303 1030 344 nititur
1062 303 1316 353 intellectus,
1360 304 1520 344 mutari
1552 303 1712 344 sensim
1744 303 1788 344 in

190 375 366 428 singulis
405 375 559 427 linguis
601 376 763 427 potest,
812 373 890 414 sed
931 373 1047 426 apud
1087 374 1287 427 antiquos
1327 375 1522 423 Latinos,
1572 373 1787 415 Ciceronis

190 449 317 487 aetate
352 448 394 486 et
427 445 647 498 aliquanto
680 447 791 498 post,
842 446 955 485 certe
997 444 1052 485 ab
1094 444 1188 497 ipso
1228 445 1444 495 Cicerone,
1498 445 1712 486 variatum
1744 445 1788 485 in

188 518 270 558 hac
302 530 348 557 re
380 529 467 557 non
501 529 607 565 esse,
641 528 728 557 non
761 518 851 556 tam
885 515 1052 556 infinita
1086 516 1382 568 exemplorum
1416 516 1660 557 observatae
1684 515 1787 568 legis

188 588 463 629 multitudine
496 587 691 635 efficitur,
727 599 857 639 quam
891 586 1018 639 quod,
1053 587 1096 627 in
1129 586 1284 639 quibus
1316 586 1418 627 locis
1452 587 1666 628 variatum
1694 599 1788 627 esse

189 659 371 709 videtur,
405 659 432 699 ii
466 661 541 699 aut
573 658 629 699 ad
663 658 791 698 aliam
827 657 1011 698 formam
1044 658 1275 710 pertinent,
1309 670 1395 698 non
1423 657 1479 698 ad
1503 659 1615 699 hanc
1640 669 1786 710 aequa-

189 730 292 770 lium
327 729 712 778 enumerationem,
748 731 823 769 aut
855 728 1086 769 manifesta
1118 728 1264 769 mendi
1296 731 1408 777 sunt,
1450 741 1654 781 magnam
1686 741 1787 781 par-

190 803 276 842 tem
310 800 474 853 optima
508 801 765 841 auctoritate
798 795 1121 851 emendandi.¹)
1185 798 1280 849 Qua
1320 799 1372 839 de
1413 811 1458 840 re
1500 812 1596 852 quae
1629 799 1787 851 saepius

190 872 374 924 sparsim
400 870 619 919 annotavi,
653 871 733 911 sub
760 883 896 911 unum
922 872 1201 922 conspectum
1226 870 1455 911 adducam.
1504 870 1599 911 Non
1625 869 1788 911 attendi

190 943 248 984 ita
281 942 336 983 ad
368 942 481 982 hanc
513 944 604 983 tam
640 943 854 982 minutam
886 954 979 982 rem
1022 942 1065 982 in
1105 942 1306 982 omnibus
1350 941 1566 982 Ciceronis
1605 940 1787 993 scriptis,

189 1016 236 1054 ut
268 1013 371 1053 nulli
405 1026 474 1053 me
507 1012 587 1054 loci
612 1013 810 1065 fugerint.
846 1013 990 1053 sedin
1016 1012 1283 1054 orationibus
1309 1011 1510 1061 Verrinis,
1546 1002 1786 1059 duodecim,

190 1098 296 1138 quas
330 1087 430 1125 ante
464 1085 686 1125 biennium
721 1083 846 1134 edidi,
888 1083 1071 1133 selectis,
1120 1084 1162 1123 in
1203 1084 1252 1123 iis
1285 1085 1510 1135 praeterea,
1561 1095 1656 1134 quae
1690 1083 1790 1122 sunt

188 1169 266 1208 pro
300 1155 509 1205 Cluentio,
543 1155 733 1204 Plancio,
779 1154 930 1204 Sestio,
973 1154 1115 1203 Caelio,
1166 1154 1361 1195 Cornelio
1395 1153 1544 1203 Balbo,
1593 1152 1637 1193 in
1668 1151 1787 1193 Vati-

187 1228 321 1276 nium,
371 1226 424 1267 de
456 1227 686 1279 provinciis
729 1226 1040 1273 consularibus,
1088 1227 1181 1266 tum
1215 1225 1257 1265 in
1290 1225 1408 1266 libris
1442 1225 1494 1265 de
1528 1225 1699 1265 oratore
1733 1224 1787 1272 et,

189 1311 317 1351 quem
365 1310 504 1350 nuper
552 1298 755 1350 percurri,
806 1297 982 1346 Catone,
1032 1296 1285 1349 fragmentis
1333 1309 1518 1349 quoque,
1566 1294 1672 1335 nihil
1719 1307 1789 1335 me

187 1368 517 1422 praetermisisse
549 1371 668 1421 puto.
732 1368 1010 1408 Verrinarum
1061 1370 1265 1419 quattuor
1313 1368 1427 1408 locos
1474 1367 1518 1407 in
1566 1365 1688 1418 epist.
1734 1364 1789 1406 ad

188 1439 395 1481 Orellium
420 1454 461 1492 p.
482 1439 535 1480 39
570 1439 768 1487 indicavi,
804 1452 988 1491 quorum
1022 1441 1109 1480 tres
1143 1452 1313 1480 summo
1347 1450 1560 1479 consensu
1593 1435 1786 1478 omnium

187 1512 401 1553 bonorum
435 1511 631 1552 codicum
666 1524 743 1563 ego
784 1513 826 1551 et
865 1509 1090 1562 Zumptius
1125 1510 1467 1560 emendavimus,
1518 1508 1648 1549 etiam
1689 1506 1782 1548 aliis

188 1583 241 1624 de
274 1582 414 1623 causis
448 1583 762 1623 emendationis
790 1583 985 1633 egentes3
1020 1586 1223 1633 quartum
1252 1594 1384 1633 quum
1410 1580 1669 1621 mendosum
1695 1590 1789 1619 esse

188 1654 280 1695 aliis
314 1654 502 1706 vestigiis
536 1652 822 1694 ostendissem
865 1653 1196 1704 coniecturaque
1239 1651 1555 1701 emendassem,
1605 1649 1705 1702 quia
1746 1649 1790 1689 in

188 1728 380 1766 extrema
414 1728 538 1777 parte
570 1725 667 1765 libri
705 1724 832 1777 primi
873 1723 977 1764 nulli
1021 1725 1145 1764 erant
1187 1723 1289 1763 boni
1332 1722 1514 1771 codices,
1563 1719 1788 1772 Zumptius

188 1798 334 1837 autem
373 1796 602 1837 violentius
640 1796 771 1848 paulo
813 1796 1037 1843 tentasset,
1086 1806 1200 1834 nunc
1247 1806 1391 1834 meam
1441 1792 1789 1834 emendationem

189 1866 323 1907 codex
355 1866 491 1907 Vatic.
526 1867 586 1907 ita
620 1866 903 1915 confirmavit,
953 1868 1000 1906 ut
1041 1878 1092 1905 ex
1133 1878 1197 1915 eo,
1248 1865 1364 1917 quod
1403 1864 1533 1905 scribi
1564 1862 1787 1904 volueram

186 1950 344 1976 summo
371 1936 535 1990 pudore
569 1941 604 1977 et
635 1950 794 1977 smnmo
828 1935 978 1989 officio,
1019 1937 1190 1976 tantum
1231 1936 1489 1988 particulam
1523 1933 1785 1975 detraheret.

187 2007 394 2057 Quintum
418 2007 560 2048 locum
584 2020 637 2048 ex
653 2007 749 2048 Act.
768 2007 798 2056 Ι,
826 2008 891 2056 18,
917 2006 986 2056 55,
1010 2007 1083 2047 ubi
1108 2009 1172 2047 est
1196 2006 1506 2061 interrofflmdo,
1532 2004 1789 2059 aryumentis

188 2083 308 2133 atque
350 2079 549 2127 oratione,
599 2079 643 2119 in
686 2079 873 2131 append.
919 2078 1076 2130 disput.
1119 2077 1172 2118 de
1211 2077 1368 2118 Ascon.
1409 2091 1451 2130 p.
1486 2076 1541 2118 35
1580 2074 1705 2129 posui
1745 2077 1787 2115 et

186 2149 422 2202 perspicuis
457 2149 710 2198 rationibus,
745 2162 877 2202 quam
911 2151 1025 2190 esset
1056 2148 1304 2198 mendosus,
1339 2148 1455 2201 quod
1488 2148 1619 2188 etiam
1650 2146 1788 2187 Hoto-

188 2233 343 2261 manus
377 2223 571 2261 senserat
605 2223 647 2261 et
679 2220 953 2269 Garatonius,
995 2215 1491 2272 quamquenecessario
1524 2218 1579 2265 ob
1613 2219 1786 2259 senten-

188 2292 292 2332 tiam
318 2290 555 2331 tollendum
581 2291 842 2332 vocabulum
870 2289 1179 2344 interroycmdo,
1214 2290 1394 2339 ostendi,
1430 2302 1612 2341 eamque
1642 2288 1788 2340 dispu-

188 2363 397 2403 tationem
442 2374 529 2402 non
571 2375 749 2415 possum
792 2374 879 2402 non
922 2360 1112 2402 iudicare
1154 2360 1282 2413 plane
1326 2360 1570 2401 confirmari
1603 2358 1789 2411 Zumptii

191 2434 340 2474 contra
387 2432 685 2473 Hotomanum
733 2432 955 2485 vulgatam
1003 2432 1261 2484 scripturam
1300 2432 1460 2472 tuentis
1501 2429 1787 2483 argumentis;

191 2517 291 2545 nam
325 2504 385 2544 ita
418 2503 600 2547 disserit,
643 2505 702 2552 ut,
753 2503 787 2543 si
819 2516 922 2543 vera
955 2515 1006 2543 ea
1039 2505 1165 2552 esset,
1215 2502 1361 2543 Cicero
1394 2501 1438 2542 in
1469 2500 1613 2542 media
1646 2499 1788 2540 crimi-

190 2588 293 2615 num
328 2574 592 2626 singulorum
626 2573 924 2626 explicatione,
960 2587 1056 2626 quae
1089 2573 1354 2626 argumentis
1387 2572 1666 2624 orationeque
1691 2584 1790 2624 per-

186 2650 315 2699 petua
347 2645 481 2693 fieret,
515 2645 803 2697 interrogasse
826 2646 959 2685 testes
984 2646 1211 2696 putaretur
1236 2646 1278 2684 et
1301 2643 1344 2684 id
1367 2643 1534 2691 fecisse,
1569 2646 1787 2696 antequam

192 2721 308 2757 ‚restes
341 2715 398 2755 (αἱ
437 2716 593 2766 crimea
635 2715 975 2756 accommodaret.
1039 2715 1152 2756 Satis
1202 2717 1350 2767 aperte
1398 2714 1545 2755 Cicero
1592 2713 1635 2753 in
1683 2712 1789 2752 duas

232 2878 260 2923 1)
289 2879 355 2924 [De
388 2880 488 2914 Livio
522 2880 591 2913 vid.
626 2880 775 2913 Emend.
809 2879 884 2913 Liv.
917 2890 951 2923 p.
979 2878 1023 2911 82
1050 2890 1127 2923 sqq.
1156 2879 1209 2913 ed.
1237 2877 1275 2919 2,
1314 2878 1357 2912 de
1389 2877 1506 2922 poetis
1538 2877 1581 2911 M.
1611 2875 1791 2920 Hauptius

289 2939 436 2973 OserVV.
464 2938 565 2973 Critt.
592 2950 626 2982 p.
653 2937 696 2971 31
725 2949 805 2982 sqq.
834 2937 980 2983 (Opusc.
1008 2938 1022 2972 I
1048 2949 1081 2982 p.
1110 2937 1176 2971 104
1204 2935 1312 2981 sqq.)]
