1915 3235
118 1457 167 1482 175

935 1018 1042 1078 Vll.

254 1131 334 1191 De
373 1131 521 1192 locis
560 1131 795 1208 aliquot
835 1131 1211 1191 selectarum
1249 1131 1545 1192 Ciceronis
1585 1149 1722 1192 ora-

525 1228 768 1287 tionum
808 1227 1146 1304 disputatio
1187 1225 1402 1286 altera.
1417 1225 1449 1292 ยน)

310 1416 472 1499 Quum
505 1454 726 1508 superiore
759 1454 1050 1508 disputatione
1085 1454 1138 1495 de
1164 1453 1393 1506 praecipuis
1417 1452 1519 1494 locis
1544 1451 1787 1494 orationum

188 1538 213 1566 a
246 1538 316 1566 me
349 1525 564 1566 editarum
597 1539 695 1567 mea
736 1526 981 1568 coniectura
1022 1525 1199 1566 mutatis
1244 1524 1486 1577 expositum
1527 1526 1654 1573 esset,
1702 1536 1789 1565 non

188 1596 610 1649 praetermittendum
651 1597 813 1649 putavi,
863 1596 978 1649 quin,
1028 1598 1088 1645 ut,
1138 1598 1351 1648 quantum
1390 1595 1482 1636 fieri
1514 1596 1673 1647 posset,
1723 1607 1787 1645 ea,

188 1680 284 1719 quae
330 1680 433 1708 vera
476 1670 520 1708 et
560 1672 680 1709 recta
723 1667 828 1708 mihi
871 1667 963 1708 Visa
996 1669 1152 1716 essent,
1203 1666 1296 1707 aliis
1346 1667 1592 1719 probarem,
1641 1678 1694 1707 ex
1740 1665 1789 1706 iis

188 1751 360 1791 quoque
392 1738 509 1788 locis,
559 1751 666 1791 quos
707 1738 903 1780 codicum
937 1738 1228 1779 editionumve
1263 1736 1654 1778 vetustissimarum
1687 1749 1790 1777 auc-

187 1810 361 1850 toritate
396 1809 691 1859 correxissem,
725 1809 855 1862 paulo
887 1809 1046 1862 plures,
1082 1821 1214 1861 quam
1244 1807 1429 1860 exempli
1455 1820 1587 1848 causa
1610 1807 1654 1848 in
1677 1820 1789 1860 pree-

188 1879 350 1922 fatione
385 1880 583 1922 editionis
618 1881 1087 1929 commemoravissem,
1129 1879 1368 1932 seligerem,
1409 1877 1598 1919 maxime
1629 1878 1790 1919 scilicet

189 1964 275 2002 eos,
325 1951 397 2004 qui
445 1954 521 1992 aut
567 1951 845 2004 insigniorem
890 1950 1081 2003 aliquam
1121 1950 1334 1991 haberent
1383 1949 1668 1990 mutationem
1717 1950 1792 1990 aut

189 2023 461 2064 occasionem
494 2022 741 2075 praeberent
778 2035 911 2063 unam
951 2021 1190 2062 alteramve
1234 2033 1325 2062 rem
1370 2020 1426 2061 ad
1469 2019 1654 2061 formam
1698 2032 1790 2060 ser-

188 2095 328 2135 monis
371 2094 512 2135 Latini
559 2095 849 2147 pertinentem
892 2092 1144 2146 attingendi,
1194 2094 1237 2133 et
1284 2091 1337 2132 de
1385 2090 1541 2144 quibus
1589 2090 1645 2132 ab
1693 2090 1790 2131 aliis

189 2164 353 2205 dictum
384 2178 472 2206 non
513 2168 640 2214 esset,
688 2165 765 2206 sed
807 2166 957 2206 tamen
1000 2163 1230 2205 nonnullos
1272 2175 1443 2215 quoque
1482 2162 1659 2203 minoris
1700 2174 1791 2202 mo-

189 2236 336 2285 menti,
372 2237 415 2276 et
446 2236 490 2276 in
521 2235 571 2276 iis
604 2235 865 2288 corrigendis
899 2235 1003 2288 quid
1035 2247 1177 2277 essem
1202 2235 1389 2283 secutus,
1424 2232 1711 2282 ostenderem,
1747 2231 1791 2273 in

189 2319 275 2358 quo
306 2306 434 2347 simul
467 2307 614 2347 liceret
645 2320 779 2348 unum
813 2309 855 2348 et
888 2306 1073 2348 alterum
1114 2305 1257 2346 locum
1298 2304 1341 2345 in
1380 2302 1602 2356 superiore
1641 2302 1789 2356 dispu-

189 2377 353 2418 tatione
401 2377 625 2418 brevitatis
674 2377 817 2418 studio
866 2376 1075 2418 omissum
1123 2386 1478 2417 commemorare.
1558 2366 1646 2414 Sed
1692 2386 1791 2426 quae

190 2460 362 2488 summa
395 2450 489 2488 erat
520 2448 563 2488 in
595 2448 811 2489 nonnullis
844 2446 1111 2489 orationibus
1144 2447 1252 2495 tum,
1302 2458 1435 2498 quum
1475 2457 1548 2485 eas
1588 2443 1790 2494 edebam,

191 2517 435 2567 difficultas,
485 2519 602 2571 quod
645 2519 841 2560 codicum
885 2518 1109 2570 scripturae
1155 2529 1296 2569 neque
1338 2516 1479 2569 plenae
1521 2527 1663 2568 neque
1696 2514 1791 2555 dili-

191 2590 340 2641 genter
373 2590 559 2630 enotatae
593 2591 729 2639 erant,
772 2602 868 2630 eam
908 2591 1007 2641 post
1044 2588 1150 2629 illud
1189 2589 1360 2640 tempus
1392 2599 1551 2639 magna
1584 2598 1637 2626 ex
1668 2587 1792 2638 parte

191 2659 342 2700 tollere
374 2660 515 2712 potuit
547 2672 598 2700 ac
631 2659 794 2709 debuit,
830 2660 901 2712 qui
935 2659 1114 2700 easdem
1148 2658 1377 2706 orationes,
1412 2655 1595 2697 exclusis
1620 2658 1791 2697 tantum

190 2729 441 2782 Philippicis
475 2732 518 2770 et
550 2729 727 2770 adiectis
762 2729 825 2779 iis,
869 2743 964 2783 quae
998 2743 1075 2782 pro
1110 2729 1289 2770 Murena
1322 2729 1365 2768 et
1396 2727 1596 2769 Marcello
1629 2727 1793 2768 habitae

193 2802 307 2850 sunt,
342 2799 477 2840 edidit
508 2800 768 2853 Moguntiaci
802 2813 840 2841 a.
877 2800 1002 2850 1833,
1046 2799 1191 2841 multis
1224 2797 1428 2839 adhibitis
1461 2797 1693 2850 codicibus,
1733 2797 1791 2839 lo.

234 2963 260 3007 1>
289 2963 407 3007 [Nunc
435 2964 595 3008 primum
621 2963 728 2998 edita.
782 2962 900 3006 1834]
