1915 3235
830 154 914 195 655

82 282 234 336 agitari
265 282 490 333 diceretur,
541 285 583 324 et
620 283 900 324 indicativum
940 283 983 324 in
1023 295 1121 324 eam
1159 281 1418 322 sententiam
1450 280 1670 329 inducens,

83 366 179 406 quae
222 365 320 393 eum
362 355 539 406 propter
580 356 717 395 totam
762 366 859 395 cum
901 353 1067 395 infinita
1105 351 1298 394 oratione
1337 351 1672 404 implicationem

82 423 457 464 vehementissime
490 425 666 477 respuit.
731 424 893 465 Eodem
925 424 1018 466 loco
1051 422 1425 475 Stuerenburgius,
1469 421 1671 470 Klotzius,

83 494 332 544 Beneckius,
367 493 551 535 Orellius
582 508 661 547 pro
693 495 902 536 lectissimi
933 495 1017 535 viri
1049 493 1351 547 appellatione,
1393 506 1479 545 qua
1511 492 1671 541 Cicero,

82 564 118 606 si
150 565 301 606 ceteris
334 564 553 606 codicibus
587 565 814 614 credimus,
862 565 905 606 in
947 565 1079 606 fratre
1118 578 1195 605 suo
1235 565 1420 617 praetore
1459 576 1561 603 usus
1595 564 1671 603 est.

85 635 303 676 rectissimi
336 648 387 676 ex
418 635 499 676 illis
522 636 693 677 scholiis
716 635 1043 685 substituerunt,
1078 635 1194 688 quod
1215 633 1476 676 vocabulum
1498 632 1673 674 laudem

82 705 216 747 habet
246 705 404 759 ingenii
441 719 528 747 non
568 705 750 747 contorti
790 718 869 746 nec
910 705 1032 758 pravi
1071 704 1137 758 (ut
1169 718 1301 758 quum
1335 703 1505 744 auditor
1536 707 1669 743 rectus·

83 775 235 817 dicitur
277 776 395 829 apud
435 776 619 817 Plinium
664 778 739 817 aut
782 788 914 828 quum
957 776 1002 816 L.
1037 776 1182 817 Caesar
1220 775 1369 828 firmus
1412 779 1448 815 et
1478 778 1612 814 reatus
1644 786 1670 814 a

83 845 286 887 Cicerone
325 846 581 899 appellatur,
631 846 687 887 ad
724 846 844 887 Fam.
878 846 966 896 XII,
1001 846 1058 898 5),
1108 846 1163 887 ab
1204 847 1285 887 hoc
1323 846 1415 887 loco
1457 847 1499 885 et
1537 844 1592 885 ab
1624 857 1670 884 re

82 918 212 969 atque
244 917 458 957 sententia
490 916 689 957 alienam.
752 917 863 958 Nam
904 930 1035 970 quum
1076 918 1156 958 hoc
1197 916 1345 958 Cicero
1386 915 1513 962 dicat,
1562 915 1671 956 iudi-

83 999 181 1028 cum
213 987 430 1028 consessui
462 1000 618 1040 parum
661 987 887 1028 convenire
928 987 1062 1028 videri
1105 987 1325 1036 leviorum,
1374 990 1422 1028 ut
1463 986 1671 1027 Romanis

83 1057 269 1110 antiquis
317 1057 594 1107 videbantur,
644 1057 799 1098 artium
847 1060 937 1098 tam
985 1058 1158 1111 longam
1205 1057 1674 1099 commemorationem.

85 1127 288 1180 quoniam
321 1128 562 1169 severitatis
593 1128 700 1177 laus,
751 1141 846 1180 quae
879 1128 1042 1168 levitati
1076 1128 1291 1170 contraria
1323 1131 1400 1176 est,
1449 1127 1674 1174 iudicibus,

84 1211 267 1252 quorum
305 1199 494 1240 muneris
535 1199 739 1240 severitas
779 1200 954 1251 propria
994 1202 1070 1249 est,
1119 1199 1329 1240 reservari
1370 1199 1519 1248 debet,
1568 1212 1675 1251 prae-

82 1272 234 1319 torem,
282 1283 336 1311 ne
375 1270 465 1310 sine
508 1270 746 1311 adiectione
784 1269 988 1320 nominet,
1039 1270 1256 1311 communi
1297 1270 1442 1323 aliqua
1474 1269 1602 1310 laude
1635 1271 1676 1310 et

84 1353 180 1393 quae
212 1340 347 1393 magis
381 1341 437 1381 ad
462 1340 714 1393 dignitatem
741 1340 967 1393 pertineat,
1003 1342 1275 1389 cohonestat;
1308 1341 1503 1385 modeste
1529 1342 1675 1381 tamen

84 1410 365 1452 lectissimum
388 1411 502 1461 dicit,
537 1411 715 1452 fratrem
738 1424 890 1452 verens
914 1412 1218 1465 amplissimzmi
1240 1412 1473 1464 appellare.
1489 1408 1521 1463 ¹)
1569 1411 1675 1452 Pra—

83 1480 176 1521 vius
208 1482 356 1522 tamen
387 1482 523 1523 multo
557 1495 688 1535 quam
720 1482 763 1522 in
795 1482 876 1523 hoc
909 1482 1002 1523 loco
1035 1482 1205 1524 scholiis
1237 1482 1317 1523 illis
1351 1482 1540 1523 Klotzius
1573 1495 1675 1522 usus

86 1552 150 1592 est
180 1551 223 1592 in
255 1552 449 1594 oratione
481 1566 558 1605 pro
591 1553 676 1593 Mil.
711 1551 732 1604 ξ
769 1554 835 1601 12,
880 1552 953 1594 ubi
986 1567 1119 1606 quum
1152 1553 1416 1603 scholiastes,
1465 1566 1519 1593 ne
1550 1553 1675 1593 nimis

86 1621 222 1662 multa
254 1622 387 1664 verba
421 1623 699 1673 describeret,
742 1623 796 1664 ab
829 1624 894 1664 his
926 1625 1069 1665 verbis
1109 1637 1231 1665 orsus
1265 1626 1396 1665 esset:
1447 1623 1677 1677 appelletur

86 1692 146 1732 iia
176 1706 289 1742 sane,
334 1706 383 1734 ac
415 1697 575 1743 tamen,
616 1707 700 1747 quo
733 1697 948 1747 spectaret
981 1709 1063 1736 vox
1094 1696 1167 1743 «effici,
1216 1694 1498 1747 significasset
1529 1693 1676 1735 addito

77 1764 265 1815 potentia
298 1762 375 1816 (ita
407 1778 507 1805 sane
522 1763 740 1818 potentia),
774 1765 854 1806 hoc
877 1765 945 1806 ille
969 1765 1105 1806 editor
1127 1765 1170 1805 in
1193 1765 1406 1806 Ciceronis
1439 1765 1675 1806 orationem

122 1913 151 1956 ¹)
176 1915 293 1950 Nihilo
319 1916 450 1950 melius
477 1917 545 1949 hoc
571 1916 789 1951 adiectivum
815 1923 931 1952 rectus
957 1930 977 1952 a
1003 1917 1185 1952 codicibus
1217 1921 1253 1951 et
1286 1918 1542 1952 recentissimis
1569 1917 1677 1950 edito—

179 1974 279 2008 ribus
305 1975 449 2009 obtrudi
478 1975 618 2009 videtur
645 1974 806 2009 Ciceroni
838 1976 874 2010 in
908 1977 1070 2011 oratione
1102 1989 1166 2022 pro
1200 1977 1368 2011 Deiotaro
1395 1976 1415 2019 §
1442 1976 1496 2017 16,
1535 1976 1597 2009 ubi
1629 1975 1678 2009 sic

179 2033 359 2068 scribunt:
398 2036 484 2076 Quis
511 2037 768 2069 consideratior
793 2037 880 2070 illo?
909 2038 989 2079 quis
1020 2039 1174 2071 rectior?
1203 2038 1283 2080 quis
1311 2037 1554 2079 prudentior?
1588 2034 1678 2068 Nam

178 2097 294 2126 rectus
319 2094 420 2127 homo
448 2104 576 2137 neque,
602 2096 643 2127 ut
669 2093 973 2138 Stuerenburgius
998 2095 1086 2135 vult,
1114 2098 1282 2129 constans
1309 2098 1344 2128 et
1369 2094 1487 2138 gravis
1513 2093 1676 2137 intelligi-

180 2154 249 2192 tur,
276 2154 465 2186 temerario
492 2153 692 2186 contrarius
718 2151 859 2194 (firmus
885 2158 917 2186 et
940 2158 1057 2186 rectus
1083 2164 1197 2197 quum
1223 2153 1364 2195 dicitur,
1399 2153 1631 2197 significatur,
1658 2164 1678 2186 a

178 2213 277 2244 recta
302 2210 361 2244 Via
387 2210 548 2254 aliquem
574 2211 694 2255 pravis
721 2211 878 2245 consiliis
904 2222 977 2245 non
1005 2211 1214 2254 demoveri),
1241 2223 1370 2256 neque,
1404 2215 1445 2246 ut
1478 2211 1678 2246 Beneckius

179 2271 294 2313 putat,
329 2269 390 2313 qui
424 2273 520 2303 recte
556 2269 699 2303 iudicat.
751 2270 874 2314 Neque
901 2271 977 2304 haec
1002 2274 1077 2304 tam
1102 2271 1175 2305 late
1208 2274 1336 2314 patens
1362 2271 1441 2304 laus
1468 2274 1565 2304 recte
1591 2270 1679 2304 iudi-

181 2327 286 2361 candi
317 2328 360 2361 ad
396 2328 492 2362 hunc
524 2328 644 2362 locum
676 2331 761 2372 apta
793 2333 856 2363 est.
908 2329 1012 2372 Quod
1045 2333 1168 2364 autem
1194 2341 1215 2363 a
1240 2331 1320 2363 tecti
1344 2331 1498 2364 hominis
1524 2329 1679 2373 appella-

182 2385 279 2420 tione
312 2386 473 2420 honestae
506 2387 682 2421 cautionis
715 2387 902 2422 notionem
936 2389 1126 2422 excludere
1158 2392 1345 2429 conantur,
1385 2391 1425 2422 ut
1457 2388 1679 2422 fraudulenti

181 2444 293 2478 animi
318 2445 546 2489 relinquatur
578 2444 689 2489 (quod
715 2456 885 2480 occULTcs
912 2452 943 2480 et
968 2452 1077 2482 tectus
1103 2448 1139 2482 in
1171 2448 1389 2482 deteriorem
1422 2450 1564 2491 partem
1597 2446 1679 2480 dici-

181 2502 271 2545 tur),
310 2504 443 2538 frustra
480 2515 627 2548 prorsus
664 2504 839 2539 nituntur.
895 2505 986 2539 Nam
1018 2517 1136 2550 neque
1169 2507 1324 2550 Philipp.
1350 2506 1452 2547 XIII,
1491 2505 1512 2538 6
1544 2505 1612 2539 nisi
1645 2506 1679 2539 vi

180 2562 343 2606 eripient,
376 2563 497 2597 locum
524 2567 558 2597 et
584 2563 747 2596 Vaticani
772 2563 903 2598 codicis
929 2575 950 2598 a
975 2565 1092 2608 prima
1117 2577 1230 2599 manu
1256 2566 1434 2609 scriptura
1460 2568 1493 2598 et
1520 2565 1598 2608 ipsa
1624 2575 1679 2598 ce-

181 2623 342 2655 terorum
368 2621 645 2666 interpolatione
669 2622 894 2665 (protectior)
921 2623 1103 2658 munitum
1130 2628 1166 2658 et
1191 2624 1382 2665 sententia,
1409 2635 1430 2657 a
1450 2634 1523 2667 qua
1543 2626 1578 2656 et
1599 2633 1679 2656 con-

181 2679 322 2713 stantiae
360 2683 396 2714 et
433 2680 521 2714 recti
560 2680 681 2714 iudicii
718 2680 928 2724 significatio
962 2682 1141 2723 abhorret,
1180 2693 1299 2727 neque
1333 2682 1377 2716 de
1410 2681 1507 2716 Orat.
1535 2682 1576 2721 II,
1610 2680 1678 2713 296

183 2737 349 2779 efficient,
376 2742 416 2773 ut
442 2739 632 2782 Antonius,
660 2739 761 2773 cuius
787 2750 900 2784 genus
918 2740 977 2781 ΙΙΙ,
1004 2740 1049 2773 32
1068 2743 1330 2785 praemunitum
1356 2745 1387 2774 et
1404 2751 1447 2774 ea:
1464 2742 1562 2774 omni
1574 2744 1678 2783 parte

182 2802 332 2840 soeptum
358 2798 573 2842 appellatur,
612 2798 668 2831 hic
701 2798 821 2841 potius
846 2800 1065 2834 rectissimus
1091 2799 1126 2833 in
1153 2800 1304 2833 dicendo
1332 2798 1381 2841 (id
1407 2801 1501 2832 esset
1527 2810 1598 2832 non
1624 2800 1678 2841 af-

180 2856 342 2897 fectatus,
369 2860 410 2890 ut
435 2856 584 2890 Caesaris
611 2857 861 2895 commentarii
887 2867 908 2890 a
933 2857 1103 2892 Cicerone
1134 2861 1222 2892 recti
1253 2857 1444 2898 vocantur)
1477 2867 1587 2900 quam
1613 2862 1678 2890 tec-

182 2915 342 2948 tissimus
368 2915 517 2949 dicatur.
568 2915 659 2949 Nam
685 2920 794 2949 tectus
819 2918 884 2954 est,
923 2916 994 2960 qui,
1033 2919 1072 2951 ut
1106 2916 1156 2951 ait
1182 2916 1352 2950 Horatius
1379 2915 1466 2958 (Sat.
1495 2916 1520 2956 I,
1546 2915 1578 2956 3,
1606 2915 1676 2956 59),

183 2972 274 3006 nulli
298 2973 394 3007 malo
421 2974 517 3007 latus
543 2973 642 3007 obdit
668 2977 844 3017 apertum.

1695 711 1745 736 318

1697 1560 1747 1584 :319
