1915 3235
944 101 1028 142 718

184 236 293 266 νικῶν
329 233 469 277 παῖδες,
518 229 616 271 adV.
651 230 891 272 Grammat.
925 231 941 271 Ι
974 229 997 283 ἓ
1033 228 1148 283 113),
1188 230 1273 281 alii,
1308 244 1415 284 quos
1449 231 1658 284 Stephani
1689 231 1785 273 the-

183 314 337 342 saurus
369 301 545 342 indicat.

301 431 369 472 VI.
433 430 650 472 Ciceronis
697 431 836 481 locus,
894 431 966 483 qui
1015 433 1080 472 est
1128 431 1180 473 de
1230 431 1381 473 officiis
1413 432 1470 482 II,
1520 445 1555 473 c.
1589 432 1665 483 23,
1715 432 1785 484 83,

183 504 425 543 enarratus.

300 584 538 637 Postquam
579 583 728 625 Cicero
766 584 891 625 Arati
930 584 1181 637 aequitatem
1220 585 1264 626 in
1304 585 1541 626 commodis
1581 588 1623 627 et
1661 585 1786 628 bonis

183 655 340 697 civium
383 655 654 696 diversarum
706 654 945 696 factionum
988 655 1160 696 tuendis
1203 655 1417 706 laudavit,
1465 658 1618 698 notata
1659 657 1787 698 simul

182 726 312 768 Sullae
331 728 373 767 et
391 726 574 768 Caesaris
597 739 770 767 summa
795 725 1034 778 iniquitate,
1061 739 1245 779 eamque
1263 726 1504 768 orationem
1529 727 1590 769 sic
1615 728 1787 770 conclu-

182 798 255 838 sit:
290 811 416 851 eaque
439 802 495 838 est
515 811 682 838 summa
704 798 814 838 ratio
846 801 882 837 et
903 797 1113 850 sapientia
1135 796 1230 838 boni
1252 798 1364 850 civis,
1398 798 1613 839 commoda
1635 799 1788 840 civium

183 882 264 908 non
296 868 491 908 divellere
525 873 645 923 atque
677 882 816 909 omnes
848 867 992 908 eadem
1025 869 1219 923 {equitate
1251 869 1471 920 continere,
1504 882 1665 923 magna
1688 883 1786 911 cum

181 938 470 989 vehementia,
520 941 580 989 ut,
629 952 726 991 quae
765 952 904 992 nuper
936 940 1028 992 ipse
1060 939 1250 989 vidisset,
1299 939 1528 992 significari
1561 943 1785 993 appareat,

182 1010 275 1051 haec
308 1009 449 1051 addit:
490 1009 695 1051 Habitent
725 1011 863 1064 yrcctls
896 1011 940 1051 in
973 1011 1122 1051 alieno.
1190 1010 1300 1061 Quid
1332 1011 1424 1051 ita?
1458 1016 1517 1064 ut,
1558 1026 1684 1067 quum
1716 1026 1787 1067 eqo

182 1081 365 1133 emerim,
400 1080 664 1134 (edificarem,
697 1085 833 1131 tuear,
866 1080 1122 1135 {impendana
1156 1085 1200 1122 tu
1231 1094 1295 1121 me
1325 1082 1455 1122 invito
1485 1082 1641 1136 fruare
1671 1083 1789 1124 meo?

186 1152 296 1203 Quid
329 1156 386 1192 est
419 1152 540 1192 aliud
573 1153 672 1193 aliis
703 1166 782 1193 sua
815 1153 987 1206 eripere,
1023 1152 1122 1193 aliis
1154 1152 1260 1192 clare
1293 1153 1465 1194 aliena?
1500 1153 1655 1194 Primis
1688 1167 1787 1195 ver-

182 1223 248 1263 bis
282 1223 409 1275 vulgo
442 1222 736 1275 interrogandi
775 1225 924 1264 notam
958 1223 1233 1272 adscribunt;
1274 1223 1420 1277 itaque
1453 1224 1600 1266 durior
1639 1225 1784 1276 etiam,

183 1307 314 1347 quam
347 1306 500 1346 reapse
534 1295 611 1343 est,
653 1294 859 1335 orationis
893 1294 1100 1335 transitus
1140 1293 1323 1335 videtur.
1387 1293 1614 1347 (Usitatius
1654 1295 1786 1337 etiam

182 1364 225 1405 in
264 1364 601 1417 interrogatione
643 1364 952 1417 improbantis:
1001 1364 1180 1406 Habetes
1222 1370 1267 1406 tu
1310 1364 1410 1418 —?)
1459 1366 1691 1419 Tanquam
1734 1379 1786 1407 ex

181 1435 355 1490 tyranni
388 1434 608 1489 (Caesaris)
641 1449 714 1477 ore
747 1435 829 1477 hoc
862 1436 1026 1477 editum
1058 1436 1298 1489 profertur:
1340 1436 1543 1478 Habitent
1572 1437 1710 1491 ‹cn-atis
1740 1437 1787 1478 in

183 1507 332 1548 alieno.
396 1507 487 1548 Iam
529 1509 646 1547 recte
690 1507 812 1559 quasi
854 1507 1075 1548 admirans
1121 1506 1270 1549 Cicero
1313 1507 1503 1549 subiicit:
1555 1508 1666 1559 Quid
1696 1508 1789 1549 ita?

182 1577 421 1631 significari
453 1579 601 1619 autem
641 1580 810 1630 putant,
860 1578 933 1630 qui
976 1577 1138 1630 aliquid
1183 1578 1343 1629 dicunt,
1392 1578 1557 1631 praedia
1601 1578 1785 1620 dominis

182 1652 332 1702 erepta
377 1648 558 1701 aliisque
602 1648 860 1699 condonata,
910 1652 1265 1702 comparantque‚
1316 1662 1413 1702 quae
1446 1662 1481 1690 0.
1515 1650 1584 1699 22,
1626 1649 1680 1690 79
1720 1649 1785 1691 di-

183 1722 358 1760 cuntur:
411 1720 544 1771 Quam
585 1725 723 1760 autem
762 1719 883 1760 habet
922 1720 1170 1774 (equitatem,
1219 1725 1264 1760 ut
1304 1734 1455 1775 aqi-um
1486 1721 1629 1761 multis
1661 1720 1786 1762 amnis

183 1795 255 1832 (met
298 1791 423 1831 etiam
463 1792 627 1832 soeczclz's
667 1796 762 1832 ante
792 1804 1049 1844 possessum,
1098 1791 1170 1845 qui
1206 1791 1366 1831 millum
1407 1791 1572 1844 hahuit,
1620 1790 1784 1844 habeat,

182 1862 253 1915 (μιὶ
295 1865 433 1902 autem
475 1861 641 1915 Imbuat,
692 1862 887 1903 emittat?
937 1861 1071 1914 Atqui
1113 1861 1172 1902 ibi
1215 1861 1446 1903 manifesto
1489 1861 1785 1915 significantur

182 1932 297 1985 leges
330 1932 525 1985 agrariae,
560 1932 717 1985 quibus
749 1945 1036 1985 possessores,
1069 1945 1157 1974 non
1190 1932 1352 1974 domini
1376 1933 1610 1986 pelluntur,
1645 1933 1785 1974 cuius-

182 2003 298 2044 modi
337 2003 442 2044 nihil
482 2003 627 2045 Caesar
666 2003 851 2045 dictator
890 2003 988 2056 egit.
1059 2003 1332 2056 Omninoque
1379 2017 1467 2045 non
1514 2004 1571 2045 ad
1616 2016 1785 2057 posses-

182 2086 301 2115 sores
333 2087 413 2115 nec
446 2075 502 2115 ad
542 2074 740 2116 dominos
780 2087 925 2116 rerum
965 2077 1238 2127 permutatos
1276 2076 1371 2116 haec
1410 2075 1640 2128 pertinere,
1688 2074 1785 2127 ipsa

182 2145 316 2186 verba
349 2146 596 2187 ostendunt.
659 2146 856 2188 Primum
887 2159 975 2187 non
1015 2145 1190 2186 dicitur:
1239 2145 1439 2186 Habeam
1481 2147 1635 2197 aliena,
1684 2145 1783 2187 sed:

183 2215 385 2256 Habitent
419 2217 462 2256 m
495 2217 651 2266 alien03
686 2217 842 2258 deinde
875 2216 1070 2258 additur:
1110 2221 1168 2269 ut,
1202 2230 1330 2271 quum
1362 2230 1433 2277 690
1467 2217 1649 2270 emerim,
1684 2216 1785 2257 oedi-

179 2286 366 2339 ficarium
414 2287 560 2340 itaque
604 2288 661 2329 ad
700 2287 883 2329 aedificia
921 2287 1016 2329 haee
1054 2287 1286 2340 pertinent,
1334 2300 1422 2328 non
1464 2287 1520 2328 ad
1552 2287 1708 2329 fundos
1742 2289 1786 2328 et

182 2370 328 2410 agros;
368 2358 444 2398 sed
483 2361 724 2411 sequuntur
755 2358 984 2412 praesentis
1016 2357 1224 2411 temporis
1256 2357 1413 2399 verba:
1453 2363 1587 2411 tuear,
1627 2359 1785 2412 impen-

182 2428 302 2477 (Zam3
350 2429 497 2481 itaque
540 2431 665 2471 vetus
708 2429 908 2471 dominus
951 2431 1101 2470 manet
1145 2431 1187 2470 et
1225 2429 1407 2471 aedificia
1438 2431 1598 2480 tuetur,
1647 2429 1783 2470 altero

181 2499 313 2552 gratis
361 2502 523 2540 utente.
602 2500 880 2541 Manifestum
929 2502 1014 2553 est,
1063 2499 1294 2552 significari
1339 2500 1563 2541 mercedes
1609 2499 1783 2541 habita-

182 2571 348 2612 tionum
396 2568 517 2623 (certi
565 2569 792 2624 temporis)
848 2569 1183 2612 conductoribus
1230 2570 1434 2612 remissas
1482 2584 1581 2612 cum
1626 2570 1783 2612 iniuria

182 2640 470 2691 dominorum,
514 2643 562 2682 ut
593 2641 651 2682 ilh
683 2641 815 2694 gratis
849 2641 1060 2691 habitent,
1100 2640 1145 2681 hi
1182 2642 1322 2683 nullos
1355 2641 1520 2683 reditus
1554 2641 1782 2694 accipiant.

182 2712 289 2753 Eam
322 2711 593 2764 largitionem
626 2725 665 2753 a.
688 2712 744 2753 48
778 2714 1024 2753 tentaverat
1055 2712 1111 2753 M.
1136 2712 1291 2754 Caelius
1313 2712 1477 2761 Rufus3
1511 2725 1645 2765 quum
1668 2711 1783 2752 enim

183 2782 354 2824 Caesare
387 2781 569 2823 absente
601 2782 644 2823 in
676 2783 783 2823 urbe
816 2782 968 2824 turbas
1002 2782 1216 2833 excitavit,
1249 2783 1603 2836 promulgaverat
1629 2782 1781 2835 legem,

184 2866 269 2905 qua
322 2853 546 2894 mercedes
600 2853 920 2895 habitationum
975 2866 1142 2895 annuas
1199 2853 1532 2895 conductoribus
1589 2852 1784 2894 donabat

184 2923 310 2977 (Caes.
344 2923 391 2964 B.
426 2923 515 2965 Civ.
548 2924 616 2974 III,
657 2924 726 2974 21,
767 2923 891 2965 Dion.
933 2923 1051 2965 Cass.
1084 2924 1209 2975 XLII,
1250 2922 1338 2977 22).
1409 2924 1495 2966 Sed
1534 2923 1651 2977 quod
1688 2925 1782 2965 tum
