1915 3235
858 139 939 180 143

100 267 147 308 B.
171 267 484 308 Steinmetzius.
533 267 692 308 Verum
725 268 760 309 is
783 267 945 321 aliquid
968 269 1144 310 contulit
1179 270 1234 311 ad
1268 283 1416 312 earum
1445 273 1688 315 orationum
1710 286 1759 312 176

99 338 459 387 emendationem,
508 338 645 379 multo
684 340 832 379 tamen
864 339 1019 389 minus,
1069 353 1199 392 quam
1233 342 1470 394 exspectari
1504 346 1687 395 poterat,

98 420 151 448 ex
181 410 302 449 tanto
336 407 529 449 codicum
565 409 923 450 conferendorum
955 409 1104 451 labore
1136 410 1299 452 fructus
1324 413 1523 464 provenit
1555 414 1687 466 ipsius

98 478 235 531 culpa.
298 478 409 519 Nam
443 481 484 519 et
516 492 640 520 veras
673 479 869 520 codicum
902 480 1136 532 scripturas
1168 481 1327 522 multas
1359 483 1557 532 restituit,
1593 498 1688 537 quae

97 549 184 590 iam
217 551 317 589 ante
350 562 402 589 ex
435 549 526 590 aliis
560 549 777 591 codicibus
810 551 977 591 restitui
1008 552 1209 603 poterant
1243 553 1282 592 et
1317 565 1341 593 a
1374 566 1443 594 me
1476 555 1688 597 restitutae

97 621 233 668 erant,
266 620 425 672 partim
458 620 588 661 etiam
621 622 721 662 ante
755 620 810 661 ab
845 620 1015 671 Orellio,
1051 624 1094 662 et
1117 622 1281 674 aliquot
1304 624 1482 675 protulit
1507 627 1688 679 recepit-

101 703 183 743 que
216 692 292 731 aut
322 703 457 732 novas
489 693 564 732 aut
602 691 662 731 ita
703 693 831 732 antea
871 692 1068 741 incertas,
1117 695 1164 733 ut
1202 692 1332 745 recipi
1371 707 1459 735 non
1497 699 1687 748 possent,

97 763 140 802 et
161 761 314 811 effecit,
349 763 397 802 ut
426 761 731 803 nonnullorum
763 762 957 803 locorum
990 762 1149 803 menda
1181 763 1450 807 manifestius
1484 779 1689 820 coargue-

95 827 312 884 rentur¹);
359 832 436 873 sed
482 834 774 885 praeterquam
822 832 939 885 quod
984 833 1222 885 permultas
1261 834 1397 876 bonas
1439 837 1687 890 scripturas,

100 916 196 955 quae
233 903 300 943 vel
340 915 391 943 ex
440 902 657 944 codicibus
705 905 805 944 ante
853 903 1017 944 collatis
1065 904 1177 944 sumi
1224 907 1439 957 poterant,
1487 908 1687 960 neglexit,

97 986 229 1026 quum
263 973 368 1014 alias
402 973 672 1023 adscisceret,
722 987 818 1026 quae
861 974 1151 1015 adsciscendae
1190 988 1276 1016 non
1316 979 1451 1026 erant,
1500 991 1554 1019 ne
1587 979 1690 1031 quid

96 1043 149 1085 de
181 1056 232 1085 eo
264 1044 418 1092 dicam,
453 1044 567 1097 quod
599 1045 808 1097 postulari
840 1045 982 1085 minus
1014 1046 1169 1097 potest,
1214 1046 1329 1098 quod
1364 1047 1418 1088 ad
1452 1061 1524 1089 eos
1558 1049 1686 1099 locos,

95 1113 138 1154 in
170 1113 326 1167 quibus
358 1114 537 1167 vestigia
569 1117 738 1156 tantum
771 1115 947 1156 verioris
971 1116 1194 1168 scripturae
1223 1117 1390 1158 codices
1416 1119 1685 1171 praebebant,
1709 1142 1759 1167 177

95 1184 187 1237 ipse
219 1197 374 1236 parum
407 1186 499 1238 opis
533 1185 677 1226 attulit
708 1185 930 1238 multaque
964 1186 1018 1226 ab
1052 1186 1145 1227 aliis
1170 1187 1351 1229 feliciter
1374 1189 1551 1231 inventa
1576 1204 1689 1243 prae-

95 1255 222 1305 teriit,
262 1256 520 1308 pravissimo
553 1256 728 1298 consilio
762 1256 956 1298 codicum
989 1269 1165 1298 suorum
1199 1258 1433 1310 scripturas
1468 1261 1557 1302 fere
1590 1264 1687 1302 tan-

94 1328 188 1366 tum
220 1327 263 1366 in
295 1326 344 1367 iis
378 1327 493 1376 locis,
540 1327 614 1368 ubi
646 1327 737 1380 ipse
768 1327 818 1367 iis
851 1327 1067 1377 utebatur,
1109 1329 1381 1371 annotandas
1414 1332 1596 1383 putavit,
1646 1333 1689 1373 in

94 1397 268 1449 reliquis
301 1397 456 1447 omisit,
505 1411 620 1451 saepe
663 1398 794 1438 etiam
826 1398 869 1438 in
901 1399 1230 1450 suspectissimis
1265 1402 1307 1440 et
1340 1403 1687 1455 corruptissimis,

95 1468 169 1508 ubi
201 1468 368 1509 codices
402 1468 492 1510 eius
525 1482 611 1510 non
645 1468 911 1510 consensisse
954 1482 1051 1509 cum
1091 1469 1205 1511 edita
1246 1471 1459 1524 scriptura
1498 1474 1602 1514 satis
1636 1487 1686 1515 ex

95 1538 187 1579 aliis
221 1539 439 1581 codicibus
473 1535 701 1590 constatfl)
749 1539 898 1591 Itaque
932 1540 1047 1592 quod
1080 1543 1209 1582 antea
1242 1544 1335 1583 erat
1367 1543 1610 1593 molestum,
1644 1545 1686 1586 id

131 1725 160 1768 ¹)
185 1727 237 1762 Ex
263 1728 365 1762 novis
391 1728 576 1773 scripturis
603 1727 902 1772 praestantissima
920 1715 991 1763 est,
1020 1739 1131 1772 quarn
1151 1729 1188 1763 in
1208 1730 1283 1763 Cat.
1305 1730 1346 1769 II,
1375 1729 1429 1770 12,
1456 1729 1500 1763 27
1527 1742 1546 1765 e
1567 1732 1687 1767 codice

161 1822 163 1824 ,
187 1787 439 1832 antiquissimo
465 1787 725 1832 Tegernseensi
750 1787 918 1828 restituit,
952 1789 1134 1821 connivere
1160 1799 1311 1831 possum
1336 1799 1400 1832 pro
1427 1800 1480 1830 eo,
1515 1791 1611 1834 quod
1638 1792 1687 1825 in-

187 1847 384 1890 terpolator
410 1847 539 1892 aliquis
565 1847 813 1887 substituerat,
841 1847 1020 1880 consulere
1045 1847 1114 1880 sibi
1132 1852 1297 1890 possunt,
1324 1857 1435 1890 quam
1461 1848 1570 1883 etiam
1592 1851 1687 1894 apud

187 1906 372 1941 Valerium
398 1907 559 1941 Probum
586 1904 865 1950 grammaticum
892 1905 1050 1949 repperit
1075 1904 1119 1946 (e.
1149 1904 1239 1938 1482
1268 1904 1322 1947 Ρ.)
1354 1909 1389 1939 et
1422 1906 1459 1940 in
1485 1908 1687 1944 scholiastae

187 1966 422 2000 annotatione
448 1966 560 2000 latere
587 1965 755 1999 ostendit.
793 1965 834 1998 In
860 1964 962 1998 Catil.
986 1965 1011 2005 I,
1037 1963 1069 2005 8,
1097 1963 1142 1997 ‘20
1166 1964 1222 2006 (ut
1247 1965 1363 1999 obiter
1383 1975 1543 2001 errorem
1564 1978 1688 2002 meum

187 2024 380 2068 corrigam)
406 2024 572 2059 sufficere
600 2024 689 2058 mihi
715 2023 891 2058 debuerat
917 2026 1090 2057 annotata
1116 2023 1189 2057 iam
1215 2024 1260 2058 ab
1282 2024 1360 2058 aliis
1382 2025 1547 2060 codicum
1568 2031 1687 2062 aucto-

186 2083 284 2125 ritas,
324 2084 368 2117 ad
402 2095 513 2128 quam
546 2094 643 2118 nunc
675 2078 951 2126 Tegernseensis
986 2082 1046 2116 ille
1078 2085 1209 2125 praeter
1234 2082 1324 2116 alios
1350 2085 1498 2126 accedit,
1539 2097 1585 2121 ne
1610 2088 1688 2122 loco

186 2153 252 2176 suo
285 2142 515 2178 demoverem
550 2146 685 2177 rectam
718 2142 951 2186 scripturam,
989 2143 1023 2175 si
1052 2143 1164 2175 emori
1194 2153 1293 2185 oequo
1327 2145 1447 2178 animo
1479 2156 1549 2180 non
1576 2152 1688 2190 potes,

186 2201 382 2235 substituta
414 2202 544 2243 altera,
582 2204 616 2236 si
645 2203 701 2235 hie
733 2202 888 2241 morari,
928 2210 1039 2244 quam
1071 2199 1325 2235 Steinmetzius
1365 2213 1510 2247 quoque
1542 2206 1688 2249 probat3

188 2270 275 2293 nam
301 2271 367 2295 nec
392 2263 532 2296 morari
557 2272 622 2305 pro
649 2271 790 2295 manere
816 2270 882 2293 nec
908 2261 942 2293 si
966 2270 1030 2303 pro
1063 2261 1234 2303 quoniam
1266 2259 1351 2294 ferri
1383 2264 1513 2305 potest,
1552 2267 1588 2298 et
1620 2265 1689 2299 hoc

186 2318 308 2353 Cicero
335 2319 430 2361 dicit,
465 2320 526 2364 qui
552 2323 665 2361 tanto,
699 2322 835 2364 quanto
861 2318 1024 2358 Catilina,
1058 2317 1227 2352 omnibus
1260 2318 1342 2353 odio
1368 2319 1424 2360 sit,
1464 2321 1577 2356 vitam
1603 2324 1689 2358 abii-

186 2387 266 2412 cere
291 2378 440 2416 debere3
479 2379 535 2413 sin
566 2378 602 2413 id
635 2390 708 2413 non
740 2378 927 2418 sustineat,
966 2388 987 2410 a
1019 2376 1136 2421 patria
1168 2375 1292 2420 fugere
1324 2389 1436 2422 quam
1462 2379 1687 2425 longissime;

184 2446 252 2470 nec
277 2437 444 2472 hortatur
469 2449 554 2473 vere
579 2438 782 2478 Catilinam,
821 2439 862 2471 ut
895 2435 1081 2476 moriatur,
1120 2435 1183 2469 sed
1217 2435 1313 2469 exire
1339 2436 1389 2470 ita
1415 2438 1536 2481 iubet,¹
1566 2444 1605 2475 ut
1632 2443 1688 2477 vel

185 2495 363 2530 moriendi
402 2508 546 2532 causam
583 2499 709 2532 adesse
743 2489 848 2531 dicat.
899 2495 939 2529 In
971 2494 1047 2528 Cat.
1074 2493 1117 2535 II,
1155 2492 1186 2535 5,
1228 2493 1269 2526 11
1303 2498 1401 2530 recte
1434 2496 1688 2535 Steinmetzius

185 2554 342 2589 restituit
367 2568 511 2591 manere
536 2556 609 2598 (cui
636 2556 858 2591 contrarium
884 2557 939 2588 est
963 2550 1144 2593 resecari),
1177 2552 1239 2586 ubi
1265 2563 1330 2596 ego
1357 2555 1478 2590 nescio
1504 2561 1687 2601 quomodo

185 2624 336 2648 manare
362 2615 501 2660 reliqui,
529 2617 625 2660 quod
652 2627 696 2650 ex
722 2625 841 2650 errore
867 2612 1125 2658 typographico
1151 2614 1272 2646 ortum
1299 2615 1362 2646 est.
1409 2614 1481 2649 Nec
1508 2616 1544 2650 in
1571 2618 1626 2652 ed.
1655 2630 1685 2653 a.

186 2671 278 2706 1480
303 2673 353 2707 sic
379 2677 443 2716 est,
479 2675 540 2709 sed
567 2687 720 2716 manere,
754 2685 820 2708 nec
856 2672 892 2707 in
918 2672 992 2707 ullo
1018 2671 1150 2706 codice.
1202 2671 1313 2705 Recte
1340 2672 1448 2707 etiam
1476 2674 1518 2716 II,
1547 2675 1601 2713 11,
1642 2676 1687 2711 25

187 2733 462 2775 suppeditantur
487 2733 608 2768 edidit.
660 2734 748 2777 Quae
774 2732 908 2776 recepit
936 2742 1010 2765 non
1034 2729 1252 2773 recipienda,
1292 2740 1365 2763 non
1398 2736 1483 2766 sunt
1516 2733 1583 2768 hoc
1609 2736 1686 2770 loco

185 2789 394 2826 refellenda.
445 2792 633 2827 Interdum
667 2793 741 2837 ipse
775 2794 920 2826 enarrat
951 2790 1168 2834 scripturam
1203 2787 1366 2830 eiectam,
1404 2793 1444 2823 ut
1471 2790 1544 2825 Cat.
1573 2793 1614 2833 ΙΙ,
1653 2794 1685 2835 8,

188 2846 243 2889 18,
271 2849 332 2883 ubi
359 2855 390 2884 et
415 2851 553 2885 addidit
579 2855 663 2886 ante
683 2853 920 2896 proediorum.

131 2903 160 2948 ²)
184 2906 358 2952 Exemplo
384 2920 461 2944 esse
487 2914 605 2955 potest
638 2912 674 2945 in
707 2911 808 2945 initio
842 2911 964 2945 statim
998 2911 1185 2946 Roscianae
1219 2906 1394 2949 orationis
1427 2926 1455 2949 ρ,
1482 2913 1515 2954 3,
1554 2912 1586 2954 8,
1625 2912 1687 2946 ubi

187 2970 313 3001 contra
344 2968 497 3004 Ernestii
529 2970 773 3005 coniecturam
811 2969 950 3014 (spoliis
988 2972 1089 3006 Sexti
1124 2972 1246 3007 Roscii
1282 2981 1325 3004 ex
1362 2975 1428 3008 hoc
1459 2974 1591 3007 iudicio
1622 2983 1686 3016 pro
