1915 3235
165 1613 196 1637 31

965 122 1051 163 432

211 253 334 303 desit,
385 255 426 294 et
474 253 526 293 de
573 252 644 294 illo
683 252 846 293 foedere
886 251 990 292 nihil
1031 264 1124 292 esse
1163 252 1299 293 latum
1339 253 1514 294 omnino
1554 251 1647 306 (cfr.
1682 266 1716 294 c.
1753 254 1803 294 17

211 322 336 375 init).
400 323 487 364 Nec
521 325 615 364 erat
646 325 737 363 tam
770 323 940 375 ineptus
973 324 1212 372 accusator,
1259 325 1307 364 ut
1346 323 1408 369 de,
1431 324 1524 376 lege
1557 323 1807 376 simpliciter

212 393 487 443 mentiretur;
535 407 615 435 nec
654 393 697 434 id
729 393 878 435 Cicero
910 406 997 434 non
1029 393 1173 434 multis
1206 394 1349 435 verbis
1382 396 1731 447 persequeretur,
1773 396 1807 436 si

212 466 390 517 negaret
421 465 596 506 omnino
629 466 905 506 sacrosancta
939 467 1119 517 excepta
1152 477 1258 514 esse,
1301 466 1355 514 et,
1397 464 1567 506 etiamsi
1597 467 1807 518 tanquam

212 535 353 576 minus
386 535 560 576 firmum
598 535 873 588 relinqueret,
922 535 1182 588 significaret
1220 538 1381 586 tamen,
1430 549 1476 577 se
1525 536 1642 586 dare,
1692 536 1809 589 quod

213 619 389 647 necesse
422 619 508 648 non
541 608 669 647 esset.
732 606 822 646 Iam
856 608 1051 659 apparet,
1087 619 1217 659 quam
1249 620 1383 659 prave
1416 607 1651 648 scribatur:
1696 606 1808 658 Quid

210 676 297 730 fuit
337 678 382 718 in
423 678 637 731 roqatione
679 691 740 729 ea,
784 690 875 731 (luce
919 677 969 717 de
1011 677 1204 731 Pompeio
1248 692 1274 718 α
1319 678 1450 719 Gellio
1495 683 1533 718 et
1574 692 1599 718 α
1634 677 1809 718 Lentulo

214 748 447 789 consulibus
479 749 569 789 lata
601 753 670 801 est,
719 749 764 788 in
803 762 880 802 (μισ
914 747 1078 802 aliquid
1098 750 1420 790 'sacroscmctmn
1454 754 1662 803 exceptum
1694 748 1805 789 vide-

214 820 361 861 retur?
399 820 481 861 Hic
514 821 627 861 enim
660 833 738 872 per
768 819 1115 872 interrogationis
1140 819 1324 861 formam
1346 823 1542 873 negatur,
1577 820 1809 873 quicquam

216 904 310 932 esse
344 893 585 943 exceptum.
649 890 734 932 Sed
767 890 873 943 ipsa,
922 892 970 931 ut
1009 890 1108 940 dixi,
1158 892 1354 932 subiecta
1396 893 1653 944 argumenta
1696 889 1809 944 (Pri-

215 976 329 1002 mum
372 963 479 1002 enim
523 960 621 1014 cet.)
666 974 856 1002 errorem
894 961 1103 1014 produnt;
1152 963 1369 1015 pertinent
1412 963 1526 1003 enini
1569 962 1625 1003 ad
1665 961 1812 1002 defini-

217 1033 374 1074 endam
407 1032 670 1074 sacrosancti
701 1032 935 1083 notionem,
984 1034 1032 1073 ut
1077 1046 1139 1083 ea,
1190 1034 1395 1086 quoniam
1435 1033 1487 1074 de
1520 1033 1623 1086 legis
1657 1045 1812 1085 excep-

215 1104 331 1144 tione
365 1104 638 1153 concedatur,
687 1103 730 1144 in
770 1103 932 1144 foedere
974 1103 1188 1145 Gaditano
1231 1104 1512 1145 desideretur.
1577 1104 1811 1145 Senserant

217 1174 378 1227 aliquid
411 1175 713 1216 emendatores
747 1174 1144 1216 recentissiinorum
1179 1174 1388 1224 codicum,
1434 1175 1519 1227 qui,
1567 1178 1616 1216 ut
1655 1175 1708 1215 de
1741 1187 1811 1216 sa-

217 1247 454 1294 crosancto,
504 1246 685 1287 nonde
725 1246 990 1286 sacrosancti
1039 1247 1289 1299 exceptione
1338 1249 1552 1299 ageretur,
1603 1250 1809 1299 exceptmn

217 1317 496 1367 sustulerunt,
545 1317 663 1357 Velut
702 1317 744 1357 in
785 1317 954 1357 duobus
988 1316 1096 1358 Oxx.
1138 1320 1180 1358 et
1212 1317 1325 1366 aliis;
1374 1317 1452 1358 sed
1483 1317 1527 1358 in
1560 1316 1812 1369 corrigendo

218 1388 497 1436 aberrarunt,
530 1401 633 1429 nam
667 1387 771 1440 quid
804 1390 918 1429 esset
950 1389 1213 1429 sacrosancti
1247 1389 1290 1428 in
1322 1388 1415 1441 lege
1441 1388 1576 1429 Gellia
1601 1387 1812 1436 Cornelia,

219 1458 455 1500 admodum
488 1459 632 1511 inepte
666 1461 946 1511 quaereretur.
999 1459 1259 1500 Tollendum
1293 1459 1436 1500 suerat
1468 1459 1652 1500 alterum
1684 1471 1814 1500 voca-

218 1531 382 1580 bulum,
427 1529 775 1583 antiquissimum
810 1530 1259 1582 interpretamentum,
1302 1530 1356 1572 ob
1391 1530 1710 1583 praecedentem
1747 1542 1814 1570 sa-

219 1602 430 1642 crosancti
462 1602 727 1642 mentionem
768 1602 811 1641 et
849 1601 904 1642 ob
945 1601 1171 1653 sequentia
1210 1601 1406 1654 imperite
1447 1601 1658 1642 additum.
1721 1599 1815 1641 Hoc

219 1672 373 1724 quaerit
395 1671 562 1713 Cicero:
601 1671 711 1722 Quid
740 1671 826 1724 fuit
848 1672 893 1711 in
917 1672 1131 1726 inflatione
1164 1686 1225 1722 ea,
1260 1687 1337 1727 (juo
1371 1672 1536 1727 aliquid
1568 1670 1812 1725 (eiusmodi,

219 1743 346 1795 quale
393 1744 440 1783 tu
487 1742 569 1792 ris,
625 1743 743 1783 Velut
796 1742 937 1783 foedus
987 1742 1268 1791 Gaditanum)
1319 1749 1527 1797 exceptum
1574 1742 1819 1783 videretur?

220 1813 387 1866 Excipit
427 1814 540 1854 enim
582 1816 752 1854 tantum
796 1816 1093 1863 sacrosancta,
1142 1814 1258 1855 istud
1300 1816 1446 1855 autem
1490 1816 1813 1856 sacrosanctum

219 1897 305 1926 non
339 1886 415 1925 est.
480 1885 671 1925 Priimmn
705 1886 813 1925 enim
848 1887 927 1926 cet.

339 1955 559 2008 Sequitur:
595 1956 914 1997 Sacrosanctmn
950 1970 1032 1996 esse
1065 1956 1173 2010 nihil
1196 1961 1343 2009 potest,
1378 1957 1462 1996 nise?
1495 1955 1603 2011 quod
1633 1955 1816 2009 populus

213 2027 400 2080 plebesve
431 2028 637 2067 saumis-set
669 2027 777 2068 adeo
810 2040 944 2079 pravo
977 2027 1393 2080 plusquamperfecti
1420 2040 1514 2077 usu,
1548 2028 1596 2067 ut
1625 2026 1814 2068 colorem

222 2111 307 2139 non
339 2098 530 2150 recipiat.
579 2098 713 2139 Multo
745 2100 893 2139 tamen
926 2098 1206 2151 probabilius,
1241 2111 1327 2139 non
1360 2098 1498 2138 solum
1527 2097 1582 2138 ad
1607 2097 1817 2138 sermonis

222 2169 359 2221 legem
393 2169 562 2218 rectius,
611 2169 862 2210 restituetur
906 2170 1047 2209 sunm}
1087 2181 1217 2221 quam
1256 2168 1458 2209 semmei-it.
1473 2165 1506 2221 1)
1570 2168 1694 2209 Hanc
1728 2168 1814 2208 for-

222 2253 339 2280 mam
371 2253 499 2281 nemo
532 2242 764 2289 mutasset,
805 2240 915 2281 illius
949 2240 1169 2281 indicativi
1201 2242 1299 2293 post.
1331 2240 1379 2289 si,
1422 2240 1506 2279 nisi
1538 2239 1582 2279 in
1615 2239 1817 2279 coniunc-

221 2311 358 2350 tivum
390 2311 545 2351 mutati
577 2310 620 2351 in
653 2310 960 2363 antiquissimis
994 2311 1211 2352 codicibus
1246 2310 1445 2362 exempla
1477 2312 1590 2359 sunt,
1625 2309 1743 2350 Velut
1775 2308 1817 2349 in

223 2381 422 2422 omnibus
471 2382 713 2423 Milonianae
762 2381 884 2422 codd.
932 2384 1091 2434 praeter
1133 2382 1462 2434 palimpsestum
1504 2380 1819 2421 Taurinensem

225 2465 259 2492 c.
296 2452 362 2502 11,
404 2452 460 2492 30
493 2451 594 2504 (vid.
629 2452 832 2505 Opuscul.
866 2452 1010 2505 priora
1043 2466 1083 2505 p.
1122 2452 1200 2493 161
1236 2450 1343 2504 not.)
1390 2454 1445 2502 et,
1495 2451 1611 2503 quod
1651 2451 1817 2504 aptissi-

224 2535 344 2562 mum
385 2524 449 2562 est
489 2523 747 2575 exemplum,
797 2524 839 2563 in
884 2523 1084 2564 omnibus
1129 2522 1337 2564 Sestianae
1383 2522 1520 2567 codd..
1571 2522 1642 2574 qui
1687 2521 1815 2562 iidem

224 2593 351 2633 huius
385 2593 651 2634 Cornelianae
695 2596 807 2643 sunt,
849 2607 883 2634 c.
919 2594 956 2644 7,
1002 2595 1067 2644 16,
1109 2594 1182 2634 ubi
1222 2593 1384 2634 scholia
1424 2593 1633 2634 Vaticana
1670 2605 1818 2633 veram

226 2663 484 2715 scripturam
516 2664 811 2715 praebuerunt.

344 2734 546 2775 Nondum
595 2735 698 2775 satis
748 2735 800 2775 de
848 2736 927 2776 hoc
976 2737 1115 2788 capite
1165 2735 1363 2776 diximus.
1435 2735 1636 2788 Sequitur
1684 2734 1818 2775 enim:

226 2805 376 2845 deinde
423 2806 654 2845 saofeetiowes
699 2806 922 2846 sam-(mem
950 2811 1063 2846 sunt
1111 2810 1183 2846 cavit
1227 2819 1374 2860 ywere
1413 2806 1501 2859 ipso
1541 2810 1613 2846 am
1650 2805 1820 2846 obtesta-

266 2956 293 3000 1)
323 2959 493 2992 Sanscerit
519 2960 656 2991 rectum
685 2961 789 2999 esset,
817 2957 845 2991 si
872 2958 1090 3001 praecederet
1111 2959 1253 3001 poterit.
