<?xml version="1.0" encoding="UTF-8"?>
<!DOCTYPE html PUBLIC "-//W3C//DTD XHTML 1.0 Transitional//EN"
    "http://www.w3.org/TR/xhtml1/DTD/xhtml1-transitional.dtd">
<html xmlns="http://www.w3.org/1999/xhtml" xml:lang="en" lang="en">
 <head>
  <title>
</title>
<meta http-equiv="Content-Type" content="text/html;charset=utf-8" />
  <meta name='ocr-system' content='tesseract 3.04.00' />
  <meta name='ocr-capabilities' content='ocr_page ocr_carea ocr_par ocr_line ocrx_word'/>
</head>
<body>
  <div class='ocr_page' id='page_1' title='image "./ionicolaimadvigi00madvuoft_0577.png"; bbox 0 0 1915 3235; ppageno 0'>
   <div class='ocr_carea' id='block_1_1' title="bbox 838 120 922 162">
    <p class='ocr_par' dir='ltr' id='par_1_1' title="bbox 838 120 922 162">
     <span class='ocr_line' id='line_1_1' title="bbox 838 120 922 162; baseline 0 -1"><span class='ocrx_word' id='word_1_1' title='bbox 838 120 922 162; x_wconf 74' lang='lat'>553</span> 
     </span>
    </p>
   </div>
   <div class='ocr_carea' id='block_1_2' title="bbox 86 246 1688 2489">
    <p class='ocr_par' dir='ltr' id='par_1_2' title="bbox 86 246 1688 2489">
     <span class='ocr_line' id='line_1_2' title="bbox 87 246 1678 304; baseline -0.003 -13"><span class='ocrx_word' id='word_1_2' title='bbox 87 251 242 304; x_wconf 79' lang='lat' dir='ltr'>posuit,</span> <span class='ocrx_word' id='word_1_3' title='bbox 276 250 332 291; x_wconf 88' lang='lat' dir='ltr'>ad</span> <span class='ocrx_word' id='word_1_4' title='bbox 364 250 555 290; x_wconf 85' lang='lat' dir='ltr'>Atticum</span> <span class='ocrx_word' id='word_1_5' title='bbox 580 249 628 299; x_wconf 91' lang='grc' dir='ltr'>ΙΙ,</span> <span class='ocrx_word' id='word_1_6' title='bbox 666 250 737 291; x_wconf 84' lang='grc'>13;</span> <span class='ocrx_word' id='word_1_7' title='bbox 772 249 950 291; x_wconf 75' lang='lat' dir='ltr'>Iuratus.</span> <span class='ocrx_word' id='word_1_8' title='bbox 979 249 1054 290; x_wconf 72' lang='lat' dir='ltr'>tibi</span> <span class='ocrx_word' id='word_1_9' title='bbox 1077 263 1245 303; x_wconf 74' lang='lat' dir='ltr'>possum</span> <span class='ocrx_word' id='word_1_10' title='bbox 1281 248 1430 300; x_wconf 77' lang='lat' dir='ltr'>dicere,</span> <span class='ocrx_word' id='word_1_11' title='bbox 1463 246 1571 288; x_wconf 73' lang='lat' dir='ltr'><em>nihil</em></span> <span class='ocrx_word' id='word_1_12' title='bbox 1596 259 1678 287; x_wconf 81' lang='lat' dir='ltr'>esse</span> 
     </span>
     <span class='ocr_line' id='line_1_3' title="bbox 87 317 1679 373; baseline -0.003 -11"><span class='ocrx_word' id='word_1_13' title='bbox 87 322 194 362; x_wconf 75' lang='lat' dir='ltr'>tanti</span> <span class='ocrx_word' id='word_1_14' title='bbox 204 337 213 370; x_wconf 89' lang='lat'>;</span> <span class='ocrx_word' id='word_1_15' title='bbox 261 321 308 371; x_wconf 96' lang='lat' dir='ltr'>V,</span> <span class='ocrx_word' id='word_1_16' title='bbox 343 321 368 361; x_wconf 82' lang='lat'>8</span> <span class='ocrx_word' id='word_1_17' title='bbox 402 322 530 360; x_wconf 61' lang='lat' dir='ltr'>extu:</span> <span class='ocrx_word' id='word_1_18' title='bbox 575 320 697 360; x_wconf 71' lang='lat' dir='ltr'><em>Nihil</em></span> <span class='ocrx_word' id='word_1_19' title='bbox 727 320 843 361; x_wconf 72' lang='lat' dir='ltr'>nobis</span> <span class='ocrx_word' id='word_1_20' title='bbox 879 320 1025 373; x_wconf 75' lang='lat' dir='ltr'>fuerat</span> <span class='ocrx_word' id='word_1_21' title='bbox 1062 317 1235 372; x_wconf 67' lang='lat' dir='ltr'>tanttl);</span> <span class='ocrx_word' id='word_1_22' title='bbox 1278 319 1386 368; x_wconf 91' lang='lat' dir='ltr'>XIII,</span> <span class='ocrx_word' id='word_1_23' title='bbox 1429 319 1506 359; x_wconf 78' lang='lat'>42:</span> <span class='ocrx_word' id='word_1_24' title='bbox 1556 317 1679 358; x_wconf 77' lang='lat' dir='ltr'><em>Nunc</em></span> 
     </span>
     <span class='ocr_line' id='line_1_4' title="bbox 88 388 1678 445; baseline -0.001 -14"><span class='ocrx_word' id='word_1_25' title='bbox 88 391 194 432; x_wconf 71' lang='lat' dir='ltr'><em>nihil</em></span> <span class='ocrx_word' id='word_1_26' title='bbox 223 390 329 431; x_wconf 68' lang='lat' dir='ltr'>mihi</span> <span class='ocrx_word' id='word_1_27' title='bbox 360 391 468 430; x_wconf 74' lang='lat' dir='ltr'>tanti</span> <span class='ocrx_word' id='word_1_28' title='bbox 500 395 569 431; x_wconf 77' lang='lat' dir='ltr'>est.</span> <span class='ocrx_word' id='word_1_29' title='bbox 635 390 825 443; x_wconf 68' lang='lat' dir='ltr'>Faciam,</span> <span class='ocrx_word' id='word_1_30' title='bbox 859 390 966 445; x_wconf 77' lang='lat' dir='ltr'>quod</span> <span class='ocrx_word' id='word_1_31' title='bbox 998 391 1149 431; x_wconf 73' lang='lat' dir='ltr'>volunt.</span> <span class='ocrx_word' id='word_1_32' title='bbox 1214 390 1374 442; x_wconf 88' lang='lat' dir='ltr'>(Verba</span> <span class='ocrx_word' id='word_1_33' title='bbox 1406 392 1505 430; x_wconf 88' lang='lat' dir='ltr'>sunt</span> <span class='ocrx_word' id='word_1_34' title='bbox 1532 388 1678 439; x_wconf 77' lang='lat' dir='ltr'>Quinti</span> 
     </span>
     <span class='ocr_line' id='line_1_5' title="bbox 88 459 1678 514; baseline -0.002 -12"><span class='ocrx_word' id='word_1_35' title='bbox 88 461 301 503; x_wconf 80' lang='lat' dir='ltr'>Ciceronis</span> <span class='ocrx_word' id='word_1_36' title='bbox 335 461 633 511; x_wconf 85' lang='lat' dir='ltr'>adolescentis,</span> <span class='ocrx_word' id='word_1_37' title='bbox 683 461 755 514; x_wconf 85' lang='lat' dir='ltr'>qui</span> <span class='ocrx_word' id='word_1_38' title='bbox 795 461 980 502; x_wconf 86' lang='lat' dir='ltr'>antehac</span> <span class='ocrx_word' id='word_1_39' title='bbox 1012 473 1057 501; x_wconf 90' lang='lat' dir='ltr'>se</span> <span class='ocrx_word' id='word_1_40' title='bbox 1090 461 1241 501; x_wconf 87' lang='lat' dir='ltr'>matris</span> <span class='ocrx_word' id='word_1_41' title='bbox 1275 462 1316 500; x_wconf 90' lang='lat' dir='ltr'>et</span> <span class='ocrx_word' id='word_1_42' title='bbox 1348 459 1548 500; x_wconf 80' lang='lat' dir='ltr'>avunculi</span> <span class='ocrx_word' id='word_1_43' title='bbox 1580 471 1678 500; x_wconf 87' lang='lat' dir='ltr'>sen-</span> 
     </span>
     <span class='ocr_line' id='line_1_6' title="bbox 86 529 1678 584; baseline -0.001 -12"><span class='ocrx_word' id='word_1_44' title='bbox 86 531 232 572; x_wconf 80' lang='lat' dir='ltr'>tentiae</span> <span class='ocrx_word' id='word_1_45' title='bbox 265 531 542 572; x_wconf 83' lang='lat' dir='ltr'>adversatum</span> <span class='ocrx_word' id='word_1_46' title='bbox 575 531 712 584; x_wconf 84' lang='lat' dir='ltr'>dixit.)</span> <span class='ocrx_word' id='word_1_47' title='bbox 774 531 938 572; x_wconf 90' lang='lat' dir='ltr'>Eodem</span> <span class='ocrx_word' id='word_1_48' title='bbox 971 530 1211 583; x_wconf 85' lang='lat' dir='ltr'>significatu</span> <span class='ocrx_word' id='word_1_49' title='bbox 1244 530 1299 571; x_wconf 91' lang='lat' dir='ltr'>ad</span> <span class='ocrx_word' id='word_1_50' title='bbox 1331 530 1460 570; x_wconf 89' lang='lat' dir='ltr'>Attic.</span> <span class='ocrx_word' id='word_1_51' title='bbox 1487 529 1575 579; x_wconf 89' lang='lat' dir='ltr'>XV,</span> <span class='ocrx_word' id='word_1_52' title='bbox 1609 529 1678 575; x_wconf 78' lang='lat'>26,</span> 
     </span>
     <span class='ocr_line' id='line_1_7' title="bbox 88 599 1679 657; baseline -0.003 -14"><span class='ocrx_word' id='word_1_53' title='bbox 88 602 127 653; x_wconf 84' lang='lat'>3,</span> <span class='ocrx_word' id='word_1_54' title='bbox 162 602 286 643; x_wconf 77' lang='lat' dir='ltr'>dixit:</span> <span class='ocrx_word' id='word_1_55' title='bbox 320 601 407 642; x_wconf 81' lang='lat' dir='ltr'>Nec</span> <span class='ocrx_word' id='word_1_56' title='bbox 437 602 542 642; x_wconf 72' lang='lat' dir='ltr'>mihi</span> <span class='ocrx_word' id='word_1_57' title='bbox 564 603 784 657; x_wconf 76' lang='lat' dir='ltr'>quicquam</span> <span class='ocrx_word' id='word_1_58' title='bbox 818 615 900 643; x_wconf 78' lang='lat' dir='ltr'>esse</span> <span class='ocrx_word' id='word_1_59' title='bbox 931 602 1051 642; x_wconf 77' lang='lat' dir='ltr'>tanti.</span> <span class='ocrx_word' id='word_1_60' title='bbox 1101 599 1225 653; x_wconf 84' lang='lat' dir='ltr'>[Hor.</span> <span class='ocrx_word' id='word_1_61' title='bbox 1259 601 1310 641; x_wconf 88' lang='lat' dir='ltr'>A.</span> <span class='ocrx_word' id='word_1_62' title='bbox 1344 601 1391 641; x_wconf 89' lang='lat' dir='ltr'>P.</span> <span class='ocrx_word' id='word_1_63' title='bbox 1425 599 1544 652; x_wconf 71' lang='lat'>303]</span> <span class='ocrx_word' id='word_1_64' title='bbox 1595 599 1679 640; x_wconf 86' lang='lat' dir='ltr'>Sed</span> 
     </span>
     <span class='ocr_line' id='line_1_8' title="bbox 88 670 1679 724; baseline -0.002 -11"><span class='ocrx_word' id='word_1_65' title='bbox 88 672 242 713; x_wconf 90' lang='lat' dir='ltr'>deinde</span> <span class='ocrx_word' id='word_1_66' title='bbox 273 685 449 724; x_wconf 88' lang='lat' dir='ltr'>prorsus</span> <span class='ocrx_word' id='word_1_67' title='bbox 481 673 700 724; x_wconf 88' lang='lat' dir='ltr'>perficitur</span> <span class='ocrx_word' id='word_1_68' title='bbox 731 673 814 722; x_wconf 86' lang='lat' dir='ltr'>ille,</span> <span class='ocrx_word' id='word_1_69' title='bbox 848 685 977 724; x_wconf 85' lang='lat' dir='ltr'>quem</span> <span class='ocrx_word' id='word_1_70' title='bbox 1004 672 1103 721; x_wconf 80' lang='lat' dir='ltr'>dixi,</span> <span class='ocrx_word' id='word_1_71' title='bbox 1136 671 1358 712; x_wconf 77' lang='lat' dir='ltr'>transitus.</span> <span class='ocrx_word' id='word_1_72' title='bbox 1406 670 1517 711; x_wconf 90' lang='lat' dir='ltr'>Nam</span> <span class='ocrx_word' id='word_1_73' title='bbox 1546 682 1679 722; x_wconf 85' lang='lat' dir='ltr'>quum</span> 
     </span>
     <span class='ocr_line' id='line_1_9' title="bbox 88 740 1681 796; baseline -0.002 -13"><span class='ocrx_word' id='word_1_74' title='bbox 88 755 138 784; x_wconf 92' lang='lat' dir='ltr'>eo</span> <span class='ocrx_word' id='word_1_75' title='bbox 169 743 346 783; x_wconf 88' lang='lat' dir='ltr'>redacta</span> <span class='ocrx_word' id='word_1_76' title='bbox 385 746 500 784; x_wconf 87' lang='lat' dir='ltr'>esset</span> <span class='ocrx_word' id='word_1_77' title='bbox 537 743 787 796; x_wconf 85' lang='lat' dir='ltr'>quotidiano</span> <span class='ocrx_word' id='word_1_78' title='bbox 829 755 911 783; x_wconf 89' lang='lat' dir='ltr'>usu</span> <span class='ocrx_word' id='word_1_79' title='bbox 953 744 1046 783; x_wconf 82' lang='lat' dir='ltr'>haec</span> <span class='ocrx_word' id='word_1_80' title='bbox 1088 741 1283 794; x_wconf 57' lang='lat' dir='ltr'>locutiO„</span> <span class='ocrx_word' id='word_1_81' title='bbox 1306 743 1354 782; x_wconf 93' lang='lat' dir='ltr'>ut</span> <span class='ocrx_word' id='word_1_82' title='bbox 1397 741 1502 781; x_wconf 90' lang='lat' dir='ltr'>nihil</span> <span class='ocrx_word' id='word_1_83' title='bbox 1543 740 1587 781; x_wconf 92' lang='lat' dir='ltr'>in</span> <span class='ocrx_word' id='word_1_84' title='bbox 1630 752 1681 780; x_wconf 92' lang='lat' dir='ltr'>ea</span> 
     </span>
     <span class='ocr_line' id='line_1_10' title="bbox 88 812 1681 865; baseline -0.003 -11"><span class='ocrx_word' id='word_1_85' title='bbox 88 813 303 854; x_wconf 86' lang='lat' dir='ltr'>audienda</span> <span class='ocrx_word' id='word_1_86' title='bbox 344 815 589 863; x_wconf 78' lang='lat' dir='ltr'>sentiretur,</span> <span class='ocrx_word' id='word_1_87' title='bbox 637 815 718 854; x_wconf 89' lang='lat' dir='ltr'>nisi</span> <span class='ocrx_word' id='word_1_88' title='bbox 763 814 974 862; x_wconf 81' lang='lat' dir='ltr'>universe,</span> <span class='ocrx_word' id='word_1_89' title='bbox 1023 812 1178 865; x_wconf 82' lang='lat' dir='ltr'>agendi</span> <span class='ocrx_word' id='word_1_90' title='bbox 1222 824 1397 852; x_wconf 88' lang='lat' dir='ltr'>causam</span> <span class='ocrx_word' id='word_1_91' title='bbox 1439 823 1554 860; x_wconf 86' lang='lat' dir='ltr'>esse,</span> <span class='ocrx_word' id='word_1_92' title='bbox 1601 822 1681 850; x_wconf 91' lang='lat' dir='ltr'>nec</span> 
     </span>
     <span class='ocr_line' id='line_1_11' title="bbox 88 881 1679 936; baseline -0.002 -12"><span class='ocrx_word' id='word_1_93' title='bbox 88 883 192 924; x_wconf 87' lang='lat' dir='ltr'>satis</span> <span class='ocrx_word' id='word_1_94' title='bbox 225 883 369 924; x_wconf 88' lang='lat' dir='ltr'>animo</span> <span class='ocrx_word' id='word_1_95' title='bbox 403 887 659 934; x_wconf 90' lang='lat' dir='ltr'>occurreret,</span> <span class='ocrx_word' id='word_1_96' title='bbox 709 883 1077 936; x_wconf 78' lang='lat' dir='ltr'>quemadmodum</span> <span class='ocrx_word' id='word_1_97' title='bbox 1121 895 1172 923; x_wconf 87' lang='lat' dir='ltr'>ea</span> <span class='ocrx_word' id='word_1_98' title='bbox 1213 882 1467 935; x_wconf 82' lang='lat' dir='ltr'>significatio</span> <span class='ocrx_word' id='word_1_99' title='bbox 1506 881 1679 929; x_wconf 85' lang='lat' dir='ltr'>inesset,</span> 
     </span>
     <span class='ocr_line' id='line_1_12' title="bbox 88 953 1682 1005; baseline -0.002 -11"><span class='ocrx_word' id='word_1_100' title='bbox 88 954 258 994; x_wconf 84' lang='lat' dir='ltr'>inversa</span> <span class='ocrx_word' id='word_1_101' title='bbox 290 954 463 995; x_wconf 89' lang='lat' dir='ltr'>omnino</span> <span class='ocrx_word' id='word_1_102' title='bbox 497 955 676 1004; x_wconf 88' lang='lat' dir='ltr'>ratione,</span> <span class='ocrx_word' id='word_1_103' title='bbox 719 954 901 996; x_wconf 89' lang='lat' dir='ltr'>subiecti</span> <span class='ocrx_word' id='word_1_104' title='bbox 935 954 1027 995; x_wconf 92' lang='lat' dir='ltr'>loco</span> <span class='ocrx_word' id='word_1_105' title='bbox 1059 954 1161 1005; x_wconf 90' lang='lat' dir='ltr'>poni</span> <span class='ocrx_word' id='word_1_106' title='bbox 1194 954 1338 1005; x_wconf 89' lang='lat' dir='ltr'>coepta</span> <span class='ocrx_word' id='word_1_107' title='bbox 1370 955 1446 1001; x_wconf 86' lang='lat' dir='ltr'>est,</span> <span class='ocrx_word' id='word_1_108' title='bbox 1487 965 1586 1000; x_wconf 90' lang='lat' dir='ltr'>non,</span> <span class='ocrx_word' id='word_1_109' title='bbox 1635 953 1682 991; x_wconf 93' lang='lat' dir='ltr'>ut</span> 
     </span>
     <span class='ocr_line' id='line_1_13' title="bbox 90 1022 1683 1077; baseline -0.002 -13"><span class='ocrx_word' id='word_1_110' title='bbox 90 1026 230 1074; x_wconf 87' lang='lat' dir='ltr'>antea,</span> <span class='ocrx_word' id='word_1_111' title='bbox 271 1037 339 1065; x_wconf 88' lang='lat' dir='ltr'>res</span> <span class='ocrx_word' id='word_1_112' title='bbox 372 1026 559 1077; x_wconf 87' lang='lat' dir='ltr'>pretium</span> <span class='ocrx_word' id='word_1_113' title='bbox 591 1025 772 1074; x_wconf 89' lang='lat' dir='ltr'>habens,</span> <span class='ocrx_word' id='word_1_114' title='bbox 812 1026 989 1077; x_wconf 88' lang='lat' dir='ltr'>propter</span> <span class='ocrx_word' id='word_1_115' title='bbox 1022 1037 1151 1076; x_wconf 87' lang='lat' dir='ltr'>quam</span> <span class='ocrx_word' id='word_1_116' title='bbox 1186 1023 1278 1063; x_wconf 85' lang='lat' dir='ltr'>fieri</span> <span class='ocrx_word' id='word_1_117' title='bbox 1309 1022 1472 1075; x_wconf 87' lang='lat' dir='ltr'>aliquid</span> <span class='ocrx_word' id='word_1_118' title='bbox 1504 1022 1683 1062; x_wconf 83' lang='lat' dir='ltr'>deberet</span> 
     </span>
     <span class='ocr_line' id='line_1_14' title="bbox 91 1093 1683 1149; baseline -0.002 -14"><span class='ocrx_word' id='word_1_119' title='bbox 91 1094 228 1146; x_wconf 76' lang='lat' dir='ltr'>(merx</span> <span class='ocrx_word' id='word_1_120' title='bbox 247 1094 464 1147; x_wconf 89' lang='lat' dir='ltr'>emenda),</span> <span class='ocrx_word' id='word_1_121' title='bbox 487 1096 562 1136; x_wconf 88' lang='lat' dir='ltr'>sed</span> <span class='ocrx_word' id='word_1_122' title='bbox 580 1109 649 1137; x_wconf 90' lang='lat' dir='ltr'>res</span> <span class='ocrx_word' id='word_1_123' title='bbox 669 1109 732 1145; x_wconf 89' lang='lat' dir='ltr'>ea,</span> <span class='ocrx_word' id='word_1_124' title='bbox 753 1109 883 1149; x_wconf 85' lang='lat' dir='ltr'>quam</span> <span class='ocrx_word' id='word_1_125' title='bbox 902 1095 995 1147; x_wconf 82' lang='lat' dir='ltr'>quis</span> <span class='ocrx_word' id='word_1_126' title='bbox 1015 1095 1122 1135; x_wconf 91' lang='lat' dir='ltr'>alius</span> <span class='ocrx_word' id='word_1_127' title='bbox 1141 1094 1201 1134; x_wconf 89' lang='lat' dir='ltr'>rei</span> <span class='ocrx_word' id='word_1_128' title='bbox 1220 1093 1533 1145; x_wconf 79' lang='lat' dir='ltr'>consequendae</span> <span class='ocrx_word' id='word_1_129' title='bbox 1552 1105 1683 1132; x_wconf 88' lang='lat' dir='ltr'>causa</span> 
     </span>
     <span class='ocr_line' id='line_1_15' title="bbox 90 1160 1680 1219; baseline -0.003 -13"><span class='ocrx_word' id='word_1_130' title='bbox 90 1165 306 1218; x_wconf 86' lang='lat' dir='ltr'>suscipere</span> <span class='ocrx_word' id='word_1_131' title='bbox 353 1166 499 1206; x_wconf 78' lang='lat' dir='ltr'>fierive</span> <span class='ocrx_word' id='word_1_132' title='bbox 546 1167 636 1219; x_wconf 90' lang='lat' dir='ltr'>pati</span> <span class='ocrx_word' id='word_1_133' title='bbox 684 1167 812 1207; x_wconf 85' lang='lat' dir='ltr'>vellet</span> <span class='ocrx_word' id='word_1_134' title='bbox 860 1166 1092 1206; x_wconf 80' lang='lat' dir='ltr'>deberetve</span> <span class='ocrx_word' id='word_1_135' title='bbox 1142 1164 1345 1217; x_wconf 88' lang='lat' dir='ltr'>(pretium</span> <span class='ocrx_word' id='word_1_136' title='bbox 1393 1160 1680 1214; x_wconf 81' lang='lat' dir='ltr'>solvendum),</span> 
     </span>
     <span class='ocr_line' id='line_1_16' title="bbox 89 1232 1682 1278; baseline -0.003 -2"><span class='ocrx_word' id='word_1_137' title='bbox 89 1236 179 1276; x_wconf 72' lang='lat' dir='ltr'>sive</span> <span class='ocrx_word' id='word_1_138' title='bbox 226 1237 499 1277; x_wconf 77' lang='lat' dir='ltr'>substantivo</span> <span class='ocrx_word' id='word_1_139' title='bbox 547 1238 635 1277; x_wconf 78' lang='lat' dir='ltr'>sive</span> <span class='ocrx_word' id='word_1_140' title='bbox 678 1237 886 1278; x_wconf 77' lang='lat' dir='ltr'>infinitivo</span> <span class='ocrx_word' id='word_1_141' title='bbox 927 1237 1017 1277; x_wconf 83' lang='lat' dir='ltr'>sive</span> <span class='ocrx_word' id='word_1_142' title='bbox 1058 1235 1302 1276; x_wconf 86' lang='lat' dir='ltr'>accusativo</span> <span class='ocrx_word' id='word_1_143' title='bbox 1344 1247 1441 1274; x_wconf 89' lang='lat' dir='ltr'>cum</span> <span class='ocrx_word' id='word_1_144' title='bbox 1473 1232 1682 1273; x_wconf 83' lang='lat' dir='ltr'>infinitivo</span> 
     </span>
     <span class='ocr_line' id='line_1_17' title="bbox 91 1303 1682 1359; baseline -0.003 -12"><span class='ocrx_word' id='word_1_145' title='bbox 91 1308 402 1359; x_wconf 84' lang='lat' dir='ltr'>comprehensa</span> <span class='ocrx_word' id='word_1_146' title='bbox 434 1308 522 1349; x_wconf 83' lang='lat' dir='ltr'>sive</span> <span class='ocrx_word' id='word_1_147' title='bbox 554 1309 597 1348; x_wconf 92' lang='lat' dir='ltr'>in</span> <span class='ocrx_word' id='word_1_148' title='bbox 629 1308 940 1349; x_wconf 87' lang='lat' dir='ltr'>sententiarum</span> <span class='ocrx_word' id='word_1_149' title='bbox 975 1306 1235 1347; x_wconf 68' lang='lat' dir='ltr'>cohaerentia</span> <span class='ocrx_word' id='word_1_150' title='bbox 1268 1304 1328 1345; x_wconf 87' lang='lat' dir='ltr'>sic</span> <span class='ocrx_word' id='word_1_151' title='bbox 1352 1304 1505 1352; x_wconf 81' lang='lat' dir='ltr'>latens,</span> <span class='ocrx_word' id='word_1_152' title='bbox 1538 1305 1586 1344; x_wconf 93' lang='lat' dir='ltr'>ut</span> <span class='ocrx_word' id='word_1_153' title='bbox 1618 1303 1682 1343; x_wconf 86' lang='lat' dir='ltr'>fa-</span> 
     </span>
     <span class='ocr_line' id='line_1_18' title="bbox 90 1374 1682 1431; baseline -0.003 -14"><span class='ocrx_word' id='word_1_154' title='bbox 90 1377 167 1418; x_wconf 87' lang='lat' dir='ltr'>cile</span> <span class='ocrx_word' id='word_1_155' title='bbox 201 1380 443 1426; x_wconf 75' lang='lat' dir='ltr'>erue1¹etur;</span> <span class='ocrx_word' id='word_1_156' title='bbox 491 1391 567 1430; x_wconf 89' lang='lat' dir='ltr'>per</span> <span class='ocrx_word' id='word_1_157' title='bbox 609 1383 649 1418; x_wconf 76' lang='lat' dir='ltr'>nt</span> <span class='ocrx_word' id='word_1_158' title='bbox 687 1378 945 1431; x_wconf 77' lang='lat' dir='ltr'>particulam</span> <span class='ocrx_word' id='word_1_159' title='bbox 978 1380 1054 1418; x_wconf 88' lang='lat' dir='ltr'>aut</span> <span class='ocrx_word' id='word_1_160' title='bbox 1085 1376 1185 1416; x_wconf 70' lang='lat' dir='ltr'>datm</span> <span class='ocrx_word' id='word_1_161' title='bbox 1217 1375 1336 1415; x_wconf 78' lang='lat' dir='ltr'>modo</span> <span class='ocrx_word' id='word_1_162' title='bbox 1369 1378 1445 1415; x_wconf 89' lang='lat' dir='ltr'>aut</span> <span class='ocrx_word' id='word_1_163' title='bbox 1476 1374 1575 1414; x_wconf 73' lang='lat' dir='ltr'>dnm</span> <span class='ocrx_word' id='word_1_164' title='bbox 1609 1387 1682 1414; x_wconf 90' lang='lat' dir='ltr'>an-</span> 
     </span>
     <span class='ocr_line' id='line_1_19' title="bbox 89 1448 1683 1501; baseline -0.003 -13"><span class='ocrx_word' id='word_1_165' title='bbox 89 1448 345 1488; x_wconf 83' lang='lat' dir='ltr'>nectebatur</span> <span class='ocrx_word' id='word_1_166' title='bbox 378 1449 439 1489; x_wconf 87' lang='lat' dir='ltr'>rei</span> <span class='ocrx_word' id='word_1_167' title='bbox 472 1449 787 1501; x_wconf 62' lang='lat' dir='ltr'>consequendae&gt;</span> <span class='ocrx_word' id='word_1_168' title='bbox 819 1448 1086 1501; x_wconf 83' lang='lat' dir='ltr'>significatio,</span> <span class='ocrx_word' id='word_1_169' title='bbox 1135 1459 1232 1499; x_wconf 82' lang='lat' dir='ltr'>quae</span> <span class='ocrx_word' id='word_1_170' title='bbox 1272 1450 1420 1486; x_wconf 88' lang='lat' dir='ltr'>tamen</span> <span class='ocrx_word' id='word_1_171' title='bbox 1458 1457 1545 1485; x_wconf 90' lang='lat' dir='ltr'>non</span> <span class='ocrx_word' id='word_1_172' title='bbox 1585 1457 1683 1484; x_wconf 87' lang='lat' dir='ltr'>raro</span> 
     </span>
     <span class='ocr_line' id='line_1_20' title="bbox 90 1515 1685 1572; baseline -0.003 -14"><span class='ocrx_word' id='word_1_173' title='bbox 90 1518 385 1559; x_wconf 85' lang='lat' dir='ltr'>omittebatur.</span> <span class='ocrx_word' id='word_1_174' title='bbox 455 1520 545 1560; x_wconf 90' lang='lat' dir='ltr'>Iam</span> <span class='ocrx_word' id='word_1_175' title='bbox 587 1520 715 1572; x_wconf 81' lang='lat' dir='ltr'>igitur</span> <span class='ocrx_word' id='word_1_176' title='bbox 756 1520 864 1560; x_wconf 69' lang='lat' dir='ltr'>tanti</span> <span class='ocrx_word' id='word_1_177' title='bbox 908 1523 964 1559; x_wconf 77' lang='lat' dir='ltr'>est</span> <span class='ocrx_word' id='word_1_178' title='bbox 1006 1531 1139 1570; x_wconf 84' lang='lat' dir='ltr'>quum</span> <span class='ocrx_word' id='word_1_179' title='bbox 1184 1516 1349 1565; x_wconf 85' lang='lat' dir='ltr'>dicitur,</span> <span class='ocrx_word' id='word_1_180' title='bbox 1398 1516 1510 1556; x_wconf 89' lang='lat' dir='ltr'>hanc</span> <span class='ocrx_word' id='word_1_181' title='bbox 1552 1515 1685 1555; x_wconf 91' lang='lat' dir='ltr'>habet</span> 
     </span>
     <span class='ocr_line' id='line_1_21' title="bbox 89 1585 1682 1642; baseline -0.002 -14"><span class='ocrx_word' id='word_1_182' title='bbox 89 1588 189 1638; x_wconf 80' lang='lat' dir='ltr'>vim,</span> <span class='ocrx_word' id='word_1_183' title='bbox 238 1588 464 1630; x_wconf 87' lang='lat' dir='ltr'>ferendum</span> <span class='ocrx_word' id='word_1_184' title='bbox 513 1590 675 1642; x_wconf 85' lang='lat' dir='ltr'>aliquid</span> <span class='ocrx_word' id='word_1_185' title='bbox 723 1603 816 1631; x_wconf 89' lang='lat' dir='ltr'>esse</span> <span class='ocrx_word' id='word_1_186' title='bbox 863 1589 924 1630; x_wconf 90' lang='lat' dir='ltr'>rei</span> <span class='ocrx_word' id='word_1_187' title='bbox 972 1589 1151 1630; x_wconf 91' lang='lat' dir='ltr'>alicuius</span> <span class='ocrx_word' id='word_1_188' title='bbox 1200 1600 1344 1635; x_wconf 86' lang='lat' dir='ltr'>causa,</span> <span class='ocrx_word' id='word_1_189' title='bbox 1394 1585 1682 1634; x_wconf 85' lang='lat' dir='ltr'>subeundum,</span> 
     </span>
     <span class='ocr_line' id='line_1_22' title="bbox 89 1656 1682 1713; baseline -0.002 -15"><span class='ocrx_word' id='word_1_190' title='bbox 89 1658 416 1711; x_wconf 81' lang='lat' dir='ltr'>negligendum3</span> <span class='ocrx_word' id='word_1_191' title='bbox 464 1664 666 1712; x_wconf 88' lang='lat' dir='ltr'>paratum</span> <span class='ocrx_word' id='word_1_192' title='bbox 710 1661 897 1713; x_wconf 83' lang='lat' dir='ltr'>aliquem</span> <span class='ocrx_word' id='word_1_193' title='bbox 942 1673 1036 1701; x_wconf 89' lang='lat' dir='ltr'>esse</span> <span class='ocrx_word' id='word_1_194' title='bbox 1084 1659 1141 1699; x_wconf 91' lang='lat' dir='ltr'>ad</span> <span class='ocrx_word' id='word_1_195' title='bbox 1184 1657 1364 1710; x_wconf 86' lang='lat' dir='ltr'>aliquid,</span> <span class='ocrx_word' id='word_1_196' title='bbox 1415 1656 1537 1697; x_wconf 87' lang='lat' dir='ltr'>facile</span> <span class='ocrx_word' id='word_1_197' title='bbox 1580 1656 1682 1708; x_wconf 88' lang='lat' dir='ltr'>pati,</span> 
     </span>
     <span class='ocr_line' id='line_1_23' title="bbox 89 1726 1684 1780; baseline -0.003 -10"><span class='ocrx_word' id='word_1_198' title='bbox 89 1743 176 1770; x_wconf 92' lang='lat' dir='ltr'>non</span> <span class='ocrx_word' id='word_1_199' title='bbox 207 1730 333 1780; x_wconf 87' lang='lat' dir='ltr'>nolle,</span> <span class='ocrx_word' id='word_1_200' title='bbox 382 1730 612 1779; x_wconf 87' lang='lat' dir='ltr'>interdum,</span> <span class='ocrx_word' id='word_1_201' title='bbox 661 1732 777 1771; x_wconf 90' lang='lat' dir='ltr'>omni</span> <span class='ocrx_word' id='word_1_202' title='bbox 818 1732 1101 1771; x_wconf 74' lang='lat' dir='ltr'>evanescente</span> <span class='ocrx_word' id='word_1_203' title='bbox 1144 1729 1205 1769; x_wconf 87' lang='lat' dir='ltr'>rei</span> <span class='ocrx_word' id='word_1_204' title='bbox 1245 1728 1439 1769; x_wconf 80' lang='lat' dir='ltr'>molestae</span> <span class='ocrx_word' id='word_1_205' title='bbox 1471 1726 1684 1779; x_wconf 81' lang='lat' dir='ltr'>significa—</span> 
     </span>
     <span class='ocr_line' id='line_1_24' title="bbox 89 1798 1686 1852; baseline -0.003 -12"><span class='ocrx_word' id='word_1_206' title='bbox 89 1800 218 1848; x_wconf 85' lang='lat' dir='ltr'>tione,</span> <span class='ocrx_word' id='word_1_207' title='bbox 260 1813 402 1852; x_wconf 84' lang='lat' dir='ltr'>operae</span> <span class='ocrx_word' id='word_1_208' title='bbox 436 1801 623 1852; x_wconf 89' lang='lat' dir='ltr'>pretium</span> <span class='ocrx_word' id='word_1_209' title='bbox 657 1813 763 1842; x_wconf 85' lang='lat' dir='ltr'>esse.</span> <span class='ocrx_word' id='word_1_210' title='bbox 827 1801 1133 1852; x_wconf 81' lang='lat' dir='ltr'>Exemplorum</span> <span class='ocrx_word' id='word_1_211' title='bbox 1167 1799 1290 1851; x_wconf 90' lang='lat' dir='ltr'>copia</span> <span class='ocrx_word' id='word_1_212' title='bbox 1321 1811 1413 1839; x_wconf 90' lang='lat' dir='ltr'>rem</span> <span class='ocrx_word' id='word_1_213' title='bbox 1447 1800 1609 1837; x_wconf 86' lang='lat' dir='ltr'>certam</span> <span class='ocrx_word' id='word_1_214' title='bbox 1644 1798 1686 1837; x_wconf 91' lang='lat' dir='ltr'>et</span> 
     </span>
     <span class='ocr_line' id='line_1_25' title="bbox 90 1866 1686 1924; baseline -0.003 -13"><span class='ocrx_word' id='word_1_215' title='bbox 90 1870 363 1924; x_wconf 84' lang='lat' dir='ltr'>perspicuam</span> <span class='ocrx_word' id='word_1_216' title='bbox 395 1871 560 1911; x_wconf 89' lang='lat' dir='ltr'>reddet.</span> <span class='ocrx_word' id='word_1_217' title='bbox 624 1871 692 1911; x_wconf 84' lang='lat' dir='ltr'>Sic</span> <span class='ocrx_word' id='word_1_218' title='bbox 731 1872 858 1924; x_wconf 83' lang='lat' dir='ltr'>igitur</span> <span class='ocrx_word' id='word_1_219' title='bbox 896 1872 1043 1912; x_wconf 85' lang='lat' dir='ltr'>Cicero</span> <span class='ocrx_word' id='word_1_220' title='bbox 1083 1871 1126 1911; x_wconf 92' lang='lat' dir='ltr'>in</span> <span class='ocrx_word' id='word_1_221' title='bbox 1159 1869 1281 1911; x_wconf 83' lang='lat' dir='ltr'>Catil.</span> <span class='ocrx_word' id='word_1_222' title='bbox 1315 1868 1363 1917; x_wconf 91' lang='lat' dir='ltr'>II,</span> <span class='ocrx_word' id='word_1_223' title='bbox 1405 1868 1442 1918; x_wconf 84' lang='lat'>7,</span> <span class='ocrx_word' id='word_1_224' title='bbox 1488 1867 1560 1908; x_wconf 78' lang='lat'>15:</span> <span class='ocrx_word' id='word_1_225' title='bbox 1611 1866 1686 1907; x_wconf 79' lang='lat' dir='ltr'>Est</span> 
     </span>
     <span class='ocr_line' id='line_1_26' title="bbox 90 1938 1685 1995; baseline -0.003 -13"><span class='ocrx_word' id='word_1_226' title='bbox 90 1941 195 1982; x_wconf 66' lang='lat' dir='ltr'>mihi</span> <span class='ocrx_word' id='word_1_227' title='bbox 226 1942 346 1993; x_wconf 66' lang='lat' dir='ltr'>temti,</span> <span class='ocrx_word' id='word_1_228' title='bbox 383 1941 578 1994; x_wconf 64' lang='lat' dir='ltr'>Quirites,</span> <span class='ocrx_word' id='word_1_229' title='bbox 611 1941 735 1982; x_wconf 67' lang='lat' dir='ltr'>huius</span> <span class='ocrx_word' id='word_1_230' title='bbox 769 1942 939 1982; x_wconf 65' lang='lat' dir='ltr'>invidis&amp;</span> <span class='ocrx_word' id='word_1_231' title='bbox 971 1946 1249 1995; x_wconf 71' lang='lat' dir='ltr'>tempestatem</span> <span class='ocrx_word' id='word_1_232' title='bbox 1280 1939 1431 1991; x_wconf 74' lang='lat' dir='ltr'>subire,</span> <span class='ocrx_word' id='word_1_233' title='bbox 1465 1938 1685 1978; x_wconf 72' lang='lat' dir='ltr'>‹lmumodo</span> 
     </span>
     <span class='ocr_line' id='line_1_27' title="bbox 92 2000 1684 2066; baseline -0.003 -14"><span class='ocrx_word' id='word_1_234' title='bbox 92 2026 118 2052; x_wconf 83' lang='lat' dir='ltr'>a</span> <span class='ocrx_word' id='word_1_235' title='bbox 152 2011 260 2052; x_wconf 67' lang='lat' dir='ltr'>vobis</span> <span class='ocrx_word' id='word_1_236' title='bbox 291 2012 416 2052; x_wconf 73' lang='lat' dir='ltr'>huius</span> <span class='ocrx_word' id='word_1_237' title='bbox 449 2012 542 2052; x_wconf 63' lang='lat' dir='ltr'>belle·</span> <span class='ocrx_word' id='word_1_238' title='bbox 566 2014 803 2066; x_wconf 70' lang='lat' dir='ltr'>periculum</span> <span class='ocrx_word' id='word_1_239' title='bbox 835 2000 1139 2066; x_wconf 42' lang='lat' dir='ltr'>depellcttmstk</span> <span class='ocrx_word' id='word_1_240' title='bbox 1187 2011 1302 2051; x_wconf 87' lang='lat' dir='ltr'>idem</span> <span class='ocrx_word' id='word_1_241' title='bbox 1336 2010 1423 2050; x_wconf 91' lang='lat' dir='ltr'>ibd.</span> <span class='ocrx_word' id='word_1_242' title='bbox 1457 2009 1486 2057; x_wconf 90' lang='grc'>1,</span> <span class='ocrx_word' id='word_1_243' title='bbox 1528 2009 1567 2058; x_wconf 84' lang='grc'>9,</span> <span class='ocrx_word' id='word_1_244' title='bbox 1610 2009 1684 2049; x_wconf 74' lang='lat'>22:</span> 
     </span>
     <span class='ocr_line' id='line_1_28' title="bbox 92 2079 1685 2134; baseline -0.003 -11"><span class='ocrx_word' id='word_1_245' title='bbox 92 2081 174 2123; x_wconf 77' lang='lat' dir='ltr'>Sed</span> <span class='ocrx_word' id='word_1_246' title='bbox 206 2087 262 2122; x_wconf 79' lang='lat' dir='ltr'>est</span> <span class='ocrx_word' id='word_1_247' title='bbox 293 2082 398 2122; x_wconf 69' lang='lat' dir='ltr'>milei</span> <span class='ocrx_word' id='word_1_248' title='bbox 429 2083 536 2123; x_wconf 72' lang='lat' dir='ltr'>tanti</span> <span class='ocrx_word' id='word_1_249' title='bbox 569 2082 672 2134; x_wconf 90' lang='lat' dir='ltr'>(non</span> <span class='ocrx_word' id='word_1_250' title='bbox 705 2082 1035 2130; x_wconf 61' lang='lat' dir='ltr'>erilium&#39;tmcm,</span> <span class='ocrx_word' id='word_1_251' title='bbox 1069 2083 1159 2132; x_wconf 90' lang='lat' dir='ltr'>sed,</span> <span class='ocrx_word' id='word_1_252' title='bbox 1195 2081 1310 2134; x_wconf 84' lang='lat' dir='ltr'>quod</span> <span class='ocrx_word' id='word_1_253' title='bbox 1342 2079 1575 2133; x_wconf 81' lang='lat' dir='ltr'>praecessit,</span> <span class='ocrx_word' id='word_1_254' title='bbox 1619 2080 1685 2119; x_wconf 75' lang='lat' dir='ltr'>in-</span> 
     </span>
     <span class='ocr_line' id='line_1_29' title="bbox 91 2151 1683 2206; baseline -0.002 -14"><span class='ocrx_word' id='word_1_255' title='bbox 91 2153 252 2193; x_wconf 74' lang='lat' dir='ltr'>vidiam</span> <span class='ocrx_word' id='word_1_256' title='bbox 282 2153 408 2193; x_wconf 72' lang='lat' dir='ltr'>istam</span> <span class='ocrx_word' id='word_1_257' title='bbox 439 2152 677 2206; x_wconf 69' lang='lat' dir='ltr'>suscipere),</span> <span class='ocrx_word' id='word_1_258' title='bbox 726 2153 948 2194; x_wconf 54' lang='lat' dir='ltr'>dammodo</span> <span class='ocrx_word' id='word_1_259' title='bbox 986 2154 1069 2193; x_wconf 74' lang='lat' dir='ltr'>ista</span> <span class='ocrx_word' id='word_1_260' title='bbox 1102 2154 1279 2206; x_wconf 72' lang='lat' dir='ltr'>privata</span> <span class='ocrx_word' id='word_1_261' title='bbox 1310 2152 1363 2192; x_wconf 73' lang='lat' dir='ltr'>sit</span> <span class='ocrx_word' id='word_1_262' title='bbox 1395 2151 1616 2191; x_wconf 70' lang='lat' dir='ltr'>calamitas</span> <span class='ocrx_word' id='word_1_263' title='bbox 1648 2154 1683 2190; x_wconf 80' lang='lat' dir='ltr'>et</span> 
     </span>
     <span class='ocr_line' id='line_1_30' title="bbox 93 2220 1686 2278; baseline -0.003 -14"><span class='ocrx_word' id='word_1_264' title='bbox 93 2237 119 2264; x_wconf 80' lang='grc' dir='ltr'><em>α</em></span> <span class='ocrx_word' id='word_1_265' title='bbox 152 2224 213 2264; x_wconf 73' lang='lat' dir='ltr'>rei</span> <span class='ocrx_word' id='word_1_266' title='bbox 236 2223 419 2276; x_wconf 72' lang='lat' dir='ltr'>publicoe</span> <span class='ocrx_word' id='word_1_267' title='bbox 443 2224 649 2276; x_wconf 66' lang='lat' dir='ltr'>periculis</span> <span class='ocrx_word' id='word_1_268' title='bbox 679 2225 944 2278; x_wconf 64' lang='grc' dir='ltr'>εεὶαηςχαίηνς</span> <span class='ocrx_word' id='word_1_269' title='bbox 978 2223 1034 2264; x_wconf 91' lang='lat' dir='ltr'>id.</span> <span class='ocrx_word' id='word_1_270' title='bbox 1069 2223 1125 2264; x_wconf 89' lang='lat' dir='ltr'>ad</span> <span class='ocrx_word' id='word_1_271' title='bbox 1149 2223 1278 2263; x_wconf 88' lang='lat' dir='ltr'>Attic.</span> <span class='ocrx_word' id='word_1_272' title='bbox 1304 2222 1353 2271; x_wconf 93' lang='lat' dir='ltr'>V,</span> <span class='ocrx_word' id='word_1_273' title='bbox 1388 2222 1456 2270; x_wconf 79' lang='lat'>20,</span> <span class='ocrx_word' id='word_1_274' title='bbox 1491 2222 1538 2261; x_wconf 77' lang='lat'>6:</span> <span class='ocrx_word' id='word_1_275' title='bbox 1575 2220 1686 2272; x_wconf 74' lang='lat' dir='ltr'>Quid</span> 
     </span>
     <span class='ocr_line' id='line_1_31' title="bbox 93 2291 1684 2348; baseline -0.001 -14"><span class='ocrx_word' id='word_1_276' title='bbox 93 2294 276 2348; x_wconf 71' lang='lat' dir='ltr'>quceris?</span> <span class='ocrx_word' id='word_1_277' title='bbox 322 2294 424 2334; x_wconf 75' lang='lat' dir='ltr'>Fuit</span> <span class='ocrx_word' id='word_1_278' title='bbox 455 2295 563 2334; x_wconf 71' lang='lat' dir='ltr'>tanti</span> <span class='ocrx_word' id='word_1_279' title='bbox 595 2293 842 2346; x_wconf 81' lang='lat' dir='ltr'>(provinciae</span> <span class='ocrx_word' id='word_1_280' title='bbox 877 2294 1120 2335; x_wconf 88' lang='lat' dir='ltr'>molestiam</span> <span class='ocrx_word' id='word_1_281' title='bbox 1143 2291 1327 2344; x_wconf 83' lang='lat' dir='ltr'>subire);</span> <span class='ocrx_word' id='word_1_282' title='bbox 1360 2292 1475 2333; x_wconf 92' lang='lat' dir='ltr'>idem</span> <span class='ocrx_word' id='word_1_283' title='bbox 1499 2292 1542 2332; x_wconf 89' lang='lat' dir='ltr'>in</span> <span class='ocrx_word' id='word_1_284' title='bbox 1564 2292 1684 2332; x_wconf 86' lang='lat' dir='ltr'>Verr.</span> 
     </span>
     <span class='ocr_line' id='line_1_32' title="bbox 92 2361 1688 2417; baseline -0.001 -13"><span class='ocrx_word' id='word_1_285' title='bbox 92 2364 159 2413; x_wconf 91' lang='lat' dir='ltr'>IV,</span> <span class='ocrx_word' id='word_1_286' title='bbox 193 2364 374 2414; x_wconf 79' lang='lat'>20,-43:</span> <span class='ocrx_word' id='word_1_287' title='bbox 409 2364 485 2405; x_wconf 80' lang='lat' dir='ltr'>Est</span> <span class='ocrx_word' id='word_1_288' title='bbox 517 2365 624 2405; x_wconf 75' lang='lat' dir='ltr'>tanti</span> <span class='ocrx_word' id='word_1_289' title='bbox 654 2364 713 2417; x_wconf 88' lang='lat' dir='ltr'>(te</span> <span class='ocrx_word' id='word_1_290' title='bbox 746 2366 827 2406; x_wconf 86' lang='lat' dir='ltr'>isto</span> <span class='ocrx_word' id='word_1_291' title='bbox 860 2364 1036 2405; x_wconf 87' lang='lat' dir='ltr'>crimine</span> <span class='ocrx_word' id='word_1_292' title='bbox 1068 2361 1272 2415; x_wconf 88' lang='lat' dir='ltr'>liberari),</span> <span class='ocrx_word' id='word_1_293' title='bbox 1307 2363 1408 2403; x_wconf 77' lang='lat' dir='ltr'>dum</span> <span class='ocrx_word' id='word_1_294' title='bbox 1431 2376 1500 2417; x_wconf 75' lang='lat'>690</span> <span class='ocrx_word' id='word_1_295' title='bbox 1522 2362 1688 2403; x_wconf 74' lang='lat' dir='ltr'>tabulas</span> 
     </span>
     <span class='ocr_line' id='line_1_33' title="bbox 94 2434 1687 2489; baseline -0.001 -14"><span class='ocrx_word' id='word_1_296' title='bbox 94 2435 307 2489; x_wconf 61' lang='lat' dir='ltr'>adspicere</span> <span class='ocrx_word' id='word_1_297' title='bbox 331 2436 509 2489; x_wconf 74' lang='lat' dir='ltr'>possim;</span> <span class='ocrx_word' id='word_1_298' title='bbox 559 2436 723 2477; x_wconf 86' lang='lat' dir='ltr'>Seneca</span> <span class='ocrx_word' id='word_1_299' title='bbox 766 2436 819 2476; x_wconf 93' lang='lat' dir='ltr'>de</span> <span class='ocrx_word' id='word_1_300' title='bbox 851 2435 1036 2475; x_wconf 84' lang='lat' dir='ltr'>Benefic.</span> <span class='ocrx_word' id='word_1_301' title='bbox 1070 2434 1136 2484; x_wconf 94' lang='lat' dir='ltr'>VI,</span> <span class='ocrx_word' id='word_1_302' title='bbox 1170 2434 1246 2474; x_wconf 82' lang='lat'>35:</span> <span class='ocrx_word' id='word_1_303' title='bbox 1298 2434 1379 2484; x_wconf 73' lang='lat' dir='ltr'>Qut</span> <span class='ocrx_word' id='word_1_304' title='bbox 1410 2439 1523 2487; x_wconf 72' lang='lat' dir='ltr'>optat</span> <span class='ocrx_word' id='word_1_305' title='bbox 1556 2434 1687 2473; x_wconf 78' lang='lat' dir='ltr'>amico</span> 
     </span>
    </p>
   </div>
   <div class='ocr_carea' id='block_1_3' title="bbox 131 2585 1688 2984">
    <p class='ocr_par' dir='ltr' id='par_1_3' title="bbox 131 2585 1687 2690">
     <span class='ocr_line' id='line_1_34' title="bbox 131 2585 1687 2630; baseline -0.002 -9"><span class='ocrx_word' id='word_1_306' title='bbox 131 2585 159 2629; x_wconf 78' lang='grc'>1)</span> <span class='ocrx_word' id='word_1_307' title='bbox 185 2587 277 2621; x_wconf 87' lang='lat' dir='ltr'>Male</span> <span class='ocrx_word' id='word_1_308' title='bbox 308 2587 469 2622; x_wconf 82' lang='lat' dir='ltr'>Graevius</span> <span class='ocrx_word' id='word_1_309' title='bbox 502 2591 537 2621; x_wconf 90' lang='lat' dir='ltr'>et</span> <span class='ocrx_word' id='word_1_310' title='bbox 570 2587 724 2622; x_wconf 89' lang='lat' dir='ltr'>Orellius</span> <span class='ocrx_word' id='word_1_311' title='bbox 755 2589 878 2630; x_wconf 78' lang='lat' dir='ltr'>fuerit.</span> <span class='ocrx_word' id='word_1_312' title='bbox 929 2586 1006 2620; x_wconf 89' lang='lat' dir='ltr'>Hoc</span> <span class='ocrx_word' id='word_1_313' title='bbox 1038 2586 1160 2620; x_wconf 90' lang='lat' dir='ltr'>Cicero</span> <span class='ocrx_word' id='word_1_314' title='bbox 1194 2586 1296 2620; x_wconf 88' lang='lat' dir='ltr'>dicit:</span> <span class='ocrx_word' id='word_1_315' title='bbox 1334 2586 1439 2627; x_wconf 89' lang='lat' dir='ltr'>Tum,</span> <span class='ocrx_word' id='word_1_316' title='bbox 1479 2596 1592 2629; x_wconf 89' lang='lat' dir='ltr'>quum</span> <span class='ocrx_word' id='word_1_317' title='bbox 1631 2596 1687 2619; x_wconf 89' lang='lat' dir='ltr'>res</span> 
     </span>
     <span class='ocr_line' id='line_1_35' title="bbox 190 2645 1514 2690; baseline -0.002 -10"><span class='ocrx_word' id='word_1_318' title='bbox 190 2649 270 2680; x_wconf 86' lang='lat' dir='ltr'>acta</span> <span class='ocrx_word' id='word_1_319' title='bbox 296 2650 360 2687; x_wconf 85' lang='lat' dir='ltr'>est,</span> <span class='ocrx_word' id='word_1_320' title='bbox 388 2650 505 2680; x_wconf 86' lang='lat' dir='ltr'>totum</span> <span class='ocrx_word' id='word_1_321' title='bbox 532 2646 717 2690; x_wconf 83' lang='lat' dir='ltr'>negotium</span> <span class='ocrx_word' id='word_1_322' title='bbox 743 2657 816 2679; x_wconf 89' lang='lat' dir='ltr'>non</span> <span class='ocrx_word' id='word_1_323' title='bbox 843 2656 1055 2679; x_wconf 86' lang='lat' dir='ltr'>curaveram</span> <span class='ocrx_word' id='word_1_324' title='bbox 1082 2656 1149 2679; x_wconf 90' lang='lat' dir='ltr'>nec</span> <span class='ocrx_word' id='word_1_325' title='bbox 1174 2645 1514 2679; x_wconf 85' lang='lat' dir='ltr'>animadverteram.</span> 
     </span>
    </p>

    <p class='ocr_par' dir='ltr' id='par_1_4' title="bbox 132 2702 1688 2984">
     <span class='ocr_line' id='line_1_36' title="bbox 132 2702 1687 2748; baseline -0.001 -11"><span class='ocrx_word' id='word_1_326' title='bbox 132 2702 167 2747; x_wconf 74' lang='lat'><em>¹¹).</em></span> <span class='ocrx_word' id='word_1_327' title='bbox 192 2705 276 2747; x_wconf 88' lang='lat' dir='ltr'>„Die</span> <span class='ocrx_word' id='word_1_328' title='bbox 302 2705 444 2739; x_wconf 87' lang='lat' dir='ltr'>Formel</span> <span class='ocrx_word' id='word_1_329' title='bbox 469 2710 519 2739; x_wconf 79' lang='lat' dir='ltr'>est</span> <span class='ocrx_word' id='word_1_330' title='bbox 544 2707 638 2739; x_wconf 77' lang='lat' dir='ltr'>tanti</span> <span class='ocrx_word' id='word_1_331' title='bbox 661 2704 751 2739; x_wconf 87' lang='lat' dir='ltr'>wird</span> <span class='ocrx_word' id='word_1_332' title='bbox 783 2705 914 2738; x_wconf 78' lang='lat' dir='ltr'>immet·</span> <span class='ocrx_word' id='word_1_333' title='bbox 945 2704 1154 2748; x_wconf 78' lang='lat' dir='ltr'>gebraucht,</span> <span class='ocrx_word' id='word_1_334' title='bbox 1186 2714 1291 2737; x_wconf 88' lang='lat' dir='ltr'>wenn</span> <span class='ocrx_word' id='word_1_335' title='bbox 1326 2703 1510 2747; x_wconf 81' lang='lat' dir='ltr'>angezeigt</span> <span class='ocrx_word' id='word_1_336' title='bbox 1541 2702 1687 2736; x_wconf 84' lang='lat' dir='ltr'>werden</span> 
     </span>
     <span class='ocr_line' id='line_1_37' title="bbox 190 2761 1688 2806; baseline -0.003 -8"><span class='ocrx_word' id='word_1_337' title='bbox 190 2764 272 2805; x_wconf 85' lang='lat' dir='ltr'>soll,</span> <span class='ocrx_word' id='word_1_338' title='bbox 311 2764 393 2798; x_wconf 83' lang='lat' dir='ltr'>dass</span> <span class='ocrx_word' id='word_1_339' title='bbox 425 2767 537 2798; x_wconf 85' lang='lat' dir='ltr'>etwas</span> <span class='ocrx_word' id='word_1_340' title='bbox 568 2774 639 2797; x_wconf 90' lang='lat' dir='ltr'>von</span> <span class='ocrx_word' id='word_1_341' title='bbox 671 2763 812 2797; x_wconf 88' lang='lat' dir='ltr'>solcher</span> <span class='ocrx_word' id='word_1_342' title='bbox 843 2762 1073 2806; x_wconf 80' lang='lat' dir='ltr'>Wiehtigkeit</span> <span class='ocrx_word' id='word_1_343' title='bbox 1104 2762 1173 2804; x_wconf 87' lang='lat' dir='ltr'>sei,</span> <span class='ocrx_word' id='word_1_344' title='bbox 1211 2762 1371 2796; x_wconf 85' lang='lat' dir='ltr'>weshalb</span> <span class='ocrx_word' id='word_1_345' title='bbox 1404 2765 1515 2796; x_wconf 82' lang='lat' dir='ltr'>etwas</span> <span class='ocrx_word' id='word_1_346' title='bbox 1553 2761 1688 2804; x_wconf 83' lang='lat' dir='ltr'>gethan</span> 
     </span>
     <span class='ocr_line' id='line_1_38' title="bbox 190 2820 1687 2864; baseline -0.002 -8"><span class='ocrx_word' id='word_1_347' title='bbox 190 2823 276 2857; x_wconf 86' lang='lat' dir='ltr'>oder</span> <span class='ocrx_word' id='word_1_348' title='bbox 301 2826 582 2856; x_wconf 84' lang='lat' dir='ltr'>unternommen</span> <span class='ocrx_word' id='word_1_349' title='bbox 607 2822 753 2855; x_wconf 86' lang='lat' dir='ltr'>werden</span> <span class='ocrx_word' id='word_1_350' title='bbox 780 2820 909 2855; x_wconf 86' lang='lat' dir='ltr'>kann.“</span> <span class='ocrx_word' id='word_1_351' title='bbox 950 2821 1151 2855; x_wconf 87' lang='lat' dir='ltr'>Beneckius</span> <span class='ocrx_word' id='word_1_352' title='bbox 1177 2821 1222 2855; x_wconf 90' lang='lat' dir='ltr'>ad</span> <span class='ocrx_word' id='word_1_353' title='bbox 1248 2821 1314 2855; x_wconf 90' lang='lat' dir='ltr'>loc.</span> <span class='ocrx_word' id='word_1_354' title='bbox 1340 2821 1559 2864; x_wconf 84' lang='lat' dir='ltr'>proximum.</span> <span class='ocrx_word' id='word_1_355' title='bbox 1601 2820 1687 2853; x_wconf 77' lang='lat' dir='ltr'><strong><em>Sub-</em></strong></span> 
     </span>
     <span class='ocr_line' id='line_1_39' title="bbox 192 2878 1686 2924; baseline -0.003 -9"><span class='ocrx_word' id='word_1_356' title='bbox 192 2883 243 2915; x_wconf 78' lang='lat' dir='ltr'>ire</span> <span class='ocrx_word' id='word_1_357' title='bbox 269 2883 442 2915; x_wconf 74' lang='lat' dir='ltr'>invidiam</span> <span class='ocrx_word' id='word_1_358' title='bbox 467 2892 554 2915; x_wconf 84' lang='lat' dir='ltr'>sane</span> <span class='ocrx_word' id='word_1_359' title='bbox 580 2891 653 2914; x_wconf 91' lang='lat' dir='ltr'>non</span> <span class='ocrx_word' id='word_1_360' title='bbox 680 2884 756 2914; x_wconf 87' lang='lat' dir='ltr'>erat</span> <span class='ocrx_word' id='word_1_361' title='bbox 782 2891 838 2915; x_wconf 87' lang='lat' dir='ltr'>res</span> <span class='ocrx_word' id='word_1_362' title='bbox 868 2881 1081 2924; x_wconf 86' lang='lat' dir='ltr'>expetenda,</span> <span class='ocrx_word' id='word_1_363' title='bbox 1107 2883 1255 2924; x_wconf 80' lang='lat' dir='ltr'>propter</span> <span class='ocrx_word' id='word_1_364' title='bbox 1279 2891 1389 2923; x_wconf 87' lang='lat' dir='ltr'>quam</span> <span class='ocrx_word' id='word_1_365' title='bbox 1414 2879 1549 2922; x_wconf 83' lang='lat' dir='ltr'>aliquid</span> <span class='ocrx_word' id='word_1_366' title='bbox 1567 2878 1686 2915; x_wconf 84' lang='lat' dir='ltr'>fieret;</span> 
     </span>
     <span class='ocr_line' id='line_1_40' title="bbox 191 2939 984 2984; baseline -0.003 -10"><span class='ocrx_word' id='word_1_367' title='bbox 191 2940 253 2974; x_wconf 85' lang='lat' dir='ltr'>sed</span> <span class='ocrx_word' id='word_1_368' title='bbox 279 2940 436 2984; x_wconf 85' lang='lat' dir='ltr'>pretium</span> <span class='ocrx_word' id='word_1_369' title='bbox 463 2941 530 2974; x_wconf 91' lang='lat' dir='ltr'>hoc</span> <span class='ocrx_word' id='word_1_370' title='bbox 557 2943 633 2974; x_wconf 86' lang='lat' dir='ltr'>erat</span> <span class='ocrx_word' id='word_1_371' title='bbox 660 2939 743 2973; x_wconf 92' lang='lat' dir='ltr'>belli</span> <span class='ocrx_word' id='word_1_372' title='bbox 770 2939 984 2983; x_wconf 88' lang='lat' dir='ltr'>depellendi.</span> 
     </span>
    </p>
   </div>
   <div class='ocr_carea' id='block_1_4' title="bbox 1699 468 1748 493">
    <p class='ocr_par' dir='ltr' id='par_1_5' title="bbox 1699 468 1748 493">
     <span class='ocr_line' id='line_1_41' title="bbox 1699 468 1748 493; baseline 0 -1"><span class='ocrx_word' id='word_1_373' title='bbox 1699 468 1748 493; x_wconf 87' lang='grc'>191</span> 
     </span>
    </p>
   </div>
   <div class='ocr_carea' id='block_1_5' title="bbox 1704 2163 1754 2188">
    <p class='ocr_par' dir='ltr' id='par_1_6' title="bbox 1704 2163 1754 2188">
     <span class='ocr_line' id='line_1_42' title="bbox 1704 2163 1754 2188; baseline 0.02 -1"><span class='ocrx_word' id='word_1_374' title='bbox 1704 2163 1754 2188; x_wconf 83' lang='grc'>192</span> 
     </span>
    </p>
   </div>
  </div>
 </body>
</html>
