1915 3235
796 116 878 156 321

42 247 158 300 quod
179 246 336 288 Orellio
369 247 412 286 in
445 247 635 286 mentem
658 245 787 294 venit,
821 244 926 285 mihi
963 243 1055 284 lieet
1087 243 1252 296 (quidni
1276 245 1389 286 enim
1413 245 1560 287 liceret
1582 259 1635 287 ex

40 318 252 359 maiorum
277 316 519 370 praesertim
538 319 580 356 et
596 318 770 368 patrum
788 314 998 356 memoria
1014 313 1212 355 homines
1228 315 1453 357 nominare
1463 314 1513 369 P),
1537 316 1633 358 sed:

40 388 144 429 mihi
161 387 268 428 libet.
316 387 379 428 Ex
407 386 622 439 scribendi
640 399 783 426 errore
802 386 964 426 factum
989 386 1055 425 est
1071 385 1183 435 Z‘iuet,
1206 385 1306 426 inde
1330 388 1471 427 ortum
1495 387 1634 441 liquet.

159 459 204 500 C.
233 458 300 508 19,
332 458 389 499 45
422 457 581 498 editur:
618 456 736 497 Fieri
768 457 876 496 euim
909 468 991 496 nou
1017 459 1162 508 potest,
1196 461 1240 496 ut
1269 457 1436 497 animus
1468 457 1637 497 libidini

41 529 206 570 deditus
239 552 293 557 —
325 528 411 581 hoe,
445 527 641 583 quiequid
673 532 742 579 est,
782 526 891 582 quod
928 539 1002 567 uos
1031 526 1218 578 facimus
1248 528 1294 567 iu
1325 527 1514 579 diceudo,
1555 541 1637 568 uon

42 600 161 641 modo
194 599 366 654 aqeudo,
399 612 541 639 verum
575 599 699 638 etiam
731 596 948 652 eoyitando
973 597 1107 650 possit
1137 598 1353 638 sustinere.
1402 598 1488 639 Sed
1521 598 1637 639 codi-

43 684 111 712 ces
143 683 293 712 omnes
327 669 447 722 (casu
479 668 646 718 accidit,
679 670 725 708 ut
757 668 827 708 hic
857 667 987 708 etiam
1013 666 1286 708 Gulielmiani
1318 670 1359 709 et
1393 668 1637 710 Gruteriani

43 737 472 792 commemorentur),
522 738 652 780 etiam
700 738 994 787 recentissimi,
1045 740 1087 778 et
1133 739 1228 790 ipsa
1276 739 1405 780 editio
1450 752 1487 779 a.
1525 739 1637 780 1472

46 811 165 865 (nam
197 812 241 852 in
273 811 374 852 edit.
413 810 526 851 1480
564 811 781 850 mutatum
820 810 907 849 iam
949 806 1029 860 est)
1077 822 1155 861 pro
1196 822 1277 849 nou
1315 809 1434 850 modo
1472 809 1638 851 habent

45 896 201 937 quoquo
233 882 365 932 modo,
411 881 604 934 profecto
643 893 730 921 non
771 893 913 920 errore
952 878 1181 920 scribendi.
1245 880 1533 921 Vehementer
1565 893 1638 921 su-

44 953 198 1006 spicor,
239 953 402 993 factum
435 951 503 992 hic
536 964 642 999 esse,
685 950 801 1002 quod
833 949 934 990 alibi
968 963 1138 1002 quoque
1171 951 1214 1001 in
1246 950 1515 992 orationibus
1548 950 1638 991 fac—

43 1026 136 1064 tum
170 1036 264 1064 esse
296 1022 486 1072 memini,
532 1024 580 1062 ut
610 1021 653 1062 in
686 1020 882 1061 codicum
913 1026 1160 1062 nostrorum
1194 1021 1430 1074 archetypo
1463 1023 1640 1074 propter

44 1094 237 1135 eiusdem
283 1093 482 1135 vocabuli
524 1091 822 1145 repetitionem
872 1091 1033 1143 aliquid
1067 1092 1294 1141 excideret,
1345 1091 1638 1145 scriptumque

43 1165 143 1206 olim
184 1151 334 1206 fuisse:
384 1177 541 1219 quoquo
581 1161 719 1214 [modo
749 1161 948 1215 facimus,
986 1161 1088 1215 uon]
1127 1163 1259 1204 modo.
1323 1163 1640 1205 Modestissime

45 1235 191 1276 Cicero
223 1235 339 1288 loqui
371 1235 482 1283 vult,
530 1235 675 1286 itaque
709 1235 808 1285 apte
841 1233 922 1274 hoc
954 1233 1262 1286 superadditur
1293 1234 1394 1275 illis:
1443 1234 1640 1289 quiequid

44 1312 112 1358 est,
161 1305 270 1360 quod
311 1319 384 1346 uos
423 1305 620 1358 facimus.
683 1303 746 1343 Ne
780 1303 1025 1355 exemplum
1066 1317 1088 1344 e
1121 1304 1354 1357 longinquo
1386 1307 1548 1357 petam.
1597 1305 1640 1345 in

44 1379 151 1417 orat.
185 1376 238 1417 de
270 1375 500 1428 provinciis
534 1374 696 1416 consul.
730 1386 764 1414 c.
798 1373 839 1422 4,
873 1374 898 1414 9
933 1373 1094 1415 editur:
1136 1374 1276 1428 [fitur
1310 1377 1353 1415 iu
1387 1375 1530 1430 Syria,
1563 1377 1639 1415 im-

36 1453 234 1502 peratore
273 1448 357 1500 illo,
406 1446 513 1487 nihil
556 1445 676 1486 aliud
716 1449 848 1484 aetum
892 1449 961 1495 est,
985 1444 988 1446 ’
1011 1446 1093 1486 nise?
1116 1446 1334 1499 pactiones
1363 1448 1641 1500 pecuniarum

45 1532 136 1559 eum
168 1520 364 1572 tyrannis
397 1520 477 1558 cet.
541 1516 626 1558 Sed
651 1528 801 1556 omnes
828 1515 965 1565 codd.,
1001 1516 1131 1557 etiam
1155 1516 1304 1567 Paris.,
1340 1517 1444 1570 ipsae
1470 1530 1640 1569 quoque

49 1589 256 1630 editiones
289 1591 458 1630 veteres
490 1587 674 1628 habent:
719 1585 824 1626 nihil
857 1586 978 1626 aliud
1009 1600 1136 1641 neque
1170 1592 1321 1628 aetzcm.
1385 1587 1482 1628 Fuit
1515 1587 1643 1640 igitur

22 1649 146 1700 'olim
179 1659 426 1700 huiusmodi
459 1658 664 1700 orationis
706 1656 863 1698 forma:
914 1656 1020 1697 nillil
1064 1658 1184 1698 (eliud
1227 1672 1354 1713 neque
1400 1656 1643 1712 [eoyitatum

44 1729 191 1785 neque]
225 1735 361 1771 aetum
394 1734 462 1771 est.
527 1728 684 1770 Similis
718 1741 835 1769 error
867 1729 1083 1769 nonnullis
1116 1729 1219 1770 locis
1251 1730 1295 1769 in
1329 1729 1473 1770 codice
1507 1729 1642 1770 Medi-

47 1814 120 1842 ceo
154 1801 433 1853 epistolarum
466 1800 523 1841 ad
546 1799 695 1840 Famil.
730 1799 984 1840 commissus
1014 1801 1091 1849 est,
1125 1799 1310 1839 necdum
1342 1799 1505 1852 ubique
1539 1800 1643 1840 sub-

46 1872 171 1921 latus,
205 1872 323 1913 velut
354 1872 402 1921 II,
436 1872 477 1921 4,
512 1871 586 1911 ubi
611 1869 887 1910 scribendum
922 1872 1004 1910 est:
1041 1875 1083 1910 nt
1115 1883 1242 1924 neque
1267 1884 1328 1921 ea,
1364 1868 1475 1924 [quse
1500 1871 1642 1922 sentio,

49 1943 243 1995 audeam,
278 1956 405 1997 neque
439 1940 522 1994 ea,]
556 1955 646 1996 (luce
681 1954 759 1981 nou
793 1942 933 1991 sentio,
968 1941 1088 1981 velim
1121 1940 1312 1980 scribere.
1363 1941 1454 1981 Ibd.
1488 1941 1535 1989 II,
1574 1941 1639 1991 19,

46 2013 120 2054 ubi
153 2015 235 2054 est:
287 2012 562 2064 Quamobrem
601 2026 850 2066 qaaecumque
891 2026 916 2052 a
954 2026 1017 2052 me
1057 2017 1303 2052 ornamenta
1337 2012 1380 2051 in
1413 2016 1448 2051 te
1473 2011 1644 2064 profici-

46 2088 222 2133 scentur,
256 2083 533 2124 scribendum
559 2085 643 2124 est:
679 2084 722 2123 iu
754 2087 789 2123 te
815 2082 1046 2136 [proficisci
1060 2081 1292 2136 poterunt]
1311 2081 1643 2135 proficiscentur.

47 2155 309 2197 Gravissime
341 2158 488 2196 autem
523 2156 748 2206 corruptus
783 2156 847 2194 est
879 2154 997 2194 locus
1030 2154 1073 2194 in
1105 2153 1177 2194 lib.
1202 2153 1258 2193 VI
1290 2165 1356 2205 ep.
1382 2153 1408 2193 ξ)
1442 2151 1464 2204 ἓ
1498 2153 1536 2202 3,
1570 2152 1645 2193 ubi

47 2226 89 2267 in
137 2227 229 2279 ipso
278 2226 423 2268 codice
470 2225 662 2266 Mediceo
710 2224 1040 2276 interpolatione
1095 2224 1251 2264 lacuna
1304 2223 1518 2264 occultata
1566 2225 1644 2264 est.

48 2297 263 2350 Scriptum
297 2298 411 2339 enim
444 2299 537 2338 erat
568 2310 594 2337 a
627 2295 831 2337 Cicerone
863 2296 906 2336 in
938 2296 1052 2336 hunc
1074 2294 1273 2335 modum:
1311 2294 1450 2345 Quare
1473 2294 1530 2334 ad
1553 2307 1644 2334 eam

49 2381 174 2422 spem,
216 2367 361 2423 [quam
393 2368 443 2409 de
475 2367 663 2408 omuibus
695 2366 904 2418 hahemus,
947 2365 1103 2406 accedit
1135 2364 1217 2417 ea,]
1261 2378 1386 2419 quam
1428 2370 1545 2405 extra
1579 2378 1644 2406 or-

48 2438 187 2479 dinem
219 2438 269 2479 de
300 2443 336 2479 te
370 2440 455 2492 ipso
488 2438 698 2490 habemus,
739 2450 819 2477 nou
850 2437 981 2477 solum
1006 2441 1181 2491 propter
1213 2436 1459 2490 diquitatem
1492 2441 1528 2476 et
1560 2437 1645 2476 vir-

48 2513 173 2550 tutem
214 2514 330 2550 tuam
370 2532 424 2538 —
464 2509 550 2549 hcee
589 2509 697 2548 euim
737 2512 983 2548 ornamenta
1025 2512 1120 2548 sunt
1158 2506 1233 2547 tibi
1265 2508 1390 2547 etiam
1422 2520 1513 2546 eum
1547 2507 1646 2547 aliis

50 2580 285 2620 commonia
317 2603 386 2632 —,
420 2579 492 2621 secl
533 2578 589 2633 (v.
632 2578 830 2619 accedunt
861 2583 934 2618 tua
966 2576 1206 2632 proecipua)
1245 2582 1415 2631 propter
1448 2578 1642 2617 eximium

50 2650 262 2704 iuqeuc'um
294 2664 578 2704 summamque
609 2650 637 2701 †
670 2651 876 2689 virtutem.
925 2648 1028 2701 (Cfr.
1063 2649 1221 2701 disput.
1256 2649 1309 2689 de
1343 2647 1559 2689 emendat.
1583 2648 1645 2689 lo-

52 2732 135 2762 cor.
169 2721 297 2773 aliqu.
331 2723 458 2762 oratt.
492 2734 534 2773 p.
558 2720 639 2761 155
673 2723 715 2760 θῖ
746 2719 914 2772 ρι’·εθῖειῖ.
941 2720 1040 2760 edit.
1065 2719 1244 2760 duodec.
1269 2722 1396 2760 oratt.
1420 2732 1461 2771 p.
1485 2714 1645 2769 1525.)1)

87 2881 116 2926 1)
143 2884 312 2918 Ceterum
343 2884 400 2918 hic
434 2884 537 2918 locus
568 2887 699 2928 praeter
731 2883 819 2917 alios
850 2882 936 2925 (vid.
963 2884 1081 2918 Hand.
1109 2883 1259 2917 Tursell.
1287 2883 1318 2916 ΙΙ
1344 2893 1377 2926 p.
1406 2880 1487 2923 556)
1520 2891 1647 2915 eorum

146 2942 363 2977 sententiam
391 2943 531 2984 evertit,
571 2942 632 2986 qui
665 2942 701 2975 in
734 2942 909 2976 descensu
941 2942 986 2976 ad
1018 2942 1139 2976 minus
1165 2945 1246 2986 post
1272 2953 1342 2975 non,
1370 2942 1480 2981 modo,
1519 2940 1555 2974 id
1581 2943 1645 2981 est,

1320 2998 1363 3031 21

1665 1951 1718 1977 39⁷
