1915 3235
829 137 915 178 499

82 280 184 310 voce
227 267 317 308 fere
364 269 624 316 constanter,
671 266 911 319 perfectum
958 265 1153 306 infinitivi
1201 266 1498 317 subiiciebant,
1546 267 1664 309 cuius

80 337 425 380 usus'inferioris
468 349 638 389 quoque
679 337 818 377 aetatis
857 337 1085 389 scriptores
1125 337 1323 389 exempla
1355 337 1553 390 quaedam
1586 337 1665 379 ha-

81 409 196 458 bent,
245 410 383 449 tracta
431 420 483 448 ex
520 406 760 448 imitatione
801 406 957 448 veteris
996 407 1197 459 loquendi
1229 408 1409 460 generis.
1471 408 1662 449 Primum

80 480 122 520 in
154 477 526 520 senatusconsulto
558 477 610 518 de
643 477 985 518 Bacchanalibus
1025 477 1120 530 plus
1161 478 1300 519 decies
1340 479 1546 531 scriptum
1580 480 1663 519 est:

80 562 129 589 ne
159 550 252 604 qais
282 549 420 601 coisse,
452 562 502 589 ne
534 549 625 603 quis
656 547 849 588 habuisse
884 548 975 588 velit
1007 550 1048 588 et
1079 548 1122 588 id
1154 561 1288 601 genus
1319 548 1415 598 alia,
1449 548 1665 590 similiter-

81 631 164 671 que
195 619 238 659 in
271 618 448 671 antiqua
479 619 572 671 lege
605 619 657 659 de
695 619 910 671 magistris
949 631 1158 670 aquarum
1200 617 1260 671 (in
1298 618 1533 660 Hauboldii
1571 632 1664 660 mo-

80 702 196 730 num.
229 689 438 742 legalibus
470 703 511 742 p.
548 687 668 741 178):
711 702 806 729 nece
837 689 1105 729 cretutentani
1143 690 1320 746 eaeqisse
1351 689 1459 739 vetit,
1498 690 1591 729 tum
1623 688 1666 729 in

80 762 224 800 vetere
256 759 442 801 formula
474 759 600 800 edicti
643 759 877 800 consularis
920 759 1036 811 apud
1079 759 1260 800 Gellium
1306 758 1430 813 (XIII,
1477 757 1568 810 15):
1616 772 1666 799 ne

81 831 173 885 (sicis
204 831 476 885 nzccqistratns
508 830 644 870 minor
676 830 726 870 de
757 830 854 871 creto
885 843 1069 871 servasse
1104 831 1207 871 velit.
1265 830 1415 883 Itaque
1448 830 1590 870 Livius
1622 830 1681 870 in·

80 901 333 953 exponendo
366 903 619 954 argumento
652 900 1012 941 senatusconsulti
1055 900 1108 941 de
1151 900 1494 942 Bacchanalibus
1535 900 1665 952 paulo

79 974 179 1012 ante
210 972 266 1022 id,
301 971 417 1024 quod
447 984 562 1012 nunc
594 975 747 1021 exstat,
782 971 881 1012 facti
914 973 1104 1012 veterem
1138 971 1342 1012 orationis
1366 972 1552 1012 colorem
1575 984 1664 1011 ser-

80 1043 208 1093 vavit,
240 1043 431 1093 XXXIX,
476 1042 541 1093 14,
576 1042 622 1083 8:
670 1056 719 1082 ne
766 1043 858 1096 quis
904 1042 1028 1082 coisse
1072 1046 1144 1082 ciat
1182 1043 1412 1082 convenisse
1449 1054 1665 1082 sacrorum

79 1126 207 1154 causa
247 1114 353 1164 velit,
403 1116 445 1154 et
483 1113 526 1154 in
566 1113 704 1154 edicto
748 1113 973 1154 consulum
1011 1112 1099 1153 ibd.
1136 1113 1202 1162 17,
1236 1112 1282 1153 3:
1333 1127 1380 1153 ne
1427 1113 1518 1167 quis
1564 1111 1665 1166 quid

77 1184 194 1238 fayce
225 1197 354 1225 causa
375 1184 609 1225 vendidisse
632 1197 727 1224 nere
750 1184 892 1224 emisse
917 1183 1048 1231 cellet3
1082 1183 1269 1224 servavit
1291 1183 1421 1224 etiam
1438 1182 1663 1231 XXXVIII,

83 1255 147 1303 11,
181 1255 207 1295 9
239 1255 283 1296 in
314 1239 432 1308 pacis
465 1268 563 1296 cum
594 1254 743 1296 AEtolis
777 1254 902 1294 factae
935 1253 1255 1294 condicionibus
1289 1253 1574 1306 exponendis:
1616 1267 1665 1293 ne

79 1339 196 1379 quenz
228 1339 367 1366 eorum
400 1326 535 1367 AEtoli·
566 1326 764 1379 recepisse
802 1325 938 1364 velint.
1000 1324 1115 1365 Illius
1154 1323 1514 1365 senatusconsulti
1553 1325 1664 1363 tem-

80 1395 172 1447 pori
203 1409 283 1448 par
315 1396 421 1438 Cato
454 1397 507 1437 de
539 1409 584 1437 re
618 1398 723 1437 rust.
758 1395 785 1435 5
816 1394 1006 1447 scripsit:
1056 1408 1104 1434 ne
1142 1394 1244 1449 qnid
1283 1392 1481 1447 (villicus)
1523 1394 1665 1434 emisse

82 1465 186 1518 velit,
235 1467 428 1508 insciente
474 1467 653 1519 domino,
701 1479 751 1506 ne
797 1465 897 1520 quid
944 1466 1137 1506 eelacisse
1175 1465 1282 1505 vetit.
1345 1465 1555 1506 Catonem
1597 1476 1664 1505 se-

79 1538 266 1588 quantur
297 1538 459 1587 comici,
495 1537 609 1590 apud
643 1550 749 1589 quos
783 1536 866 1577 duo
894 1538 1064 1577 tantum
1089 1536 1286 1588 exempla
1307 1536 1490 1587 repperi,
1523 1534 1665 1575 Plauti

78 1606 121 1646 in
152 1606 332 1649 Poenulo
364 1608 430 1658 IV,
464 1608 504 1657 2,
545 1608 620 1648 50:
670 1607 809 1648 Nolito
842 1607 982 1660 edepol
1014 1607 1235 1656 clecellisse,
1278 1606 1469 1647 Terentii
1500 1606 1543 1646 in
1575 1605 1664 1646 He-

79 1690 179 1730 cyra
211 1677 277 1728 IV,
313 1679 350 1728 1,
383 1679 463 1720 415:
498 1678 723 1731 Interdico,
758 1692 806 1719 ne
839 1683 957 1718 extra
989 1677 1092 1718 sectis
1115 1691 1298 1731 puerum
1330 1677 1521 1717 extulisse
1556 1677 1664 1717 velis.

78 1746 156 1788 His
187 1748 407 1800 proximus
441 1752 505 1790 est
536 1749 582 1790 C.
616 1749 832 1791 Gracchus
866 1748 1001 1802 (apud
1033 1748 1136 1789 Gell.
1170 1748 1221 1797 X,
1255 1746 1319 1799 3):
1353 1747 1584 1799 edixerunt,
1618 1761 1666 1787 ne

78 1818 170 1872 quis
215 1819 261 1859 in
307 1819 465 1861 balneis
512 1821 661 1861 lavisse
706 1821 841 1868 cellen
890 1819 1071 1872 excipiet
1113 1832 1211 1860 eum
1250 1818 1305 1859 M.
1338 1818 1473 1858 Varro
1512 1817 1664 1870 fragm.

77 1887 150 1929 lib.
182 1889 261 1930 XX
291 1890 455 1932 Rerum
488 1893 606 1932 hum.
641 1890 775 1944 (apud
806 1891 915 1932 Non.
948 1904 988 1931 V.
1020 1903 1194 1944 spurcus
1225 1903 1266 1942 p.
1300 1889 1386 1929 394
1417 1887 1583 1941 Merc.):
1618 1902 1666 1929 ne

78 1960 170 2014 quis
190 1960 385 2015 lictorem,
418 1975 614 2016 spurcam
643 1962 861 2014 hominem,
895 1961 1069 2001 liberam
1084 1959 1344 2014 prehendere
1368 1960 1533 2001 iussisse
1557 1960 1663 2010 velit,

79 2043 175 2083 quae
206 2031 340 2073 verba
372 2033 607 2086 sumpsisse
645 2034 787 2085 potest
830 2045 881 2072 ex
922 2033 1067 2072 vetere
1110 2030 1308 2072 formula.
1371 2031 1433 2071 Ex
1465 2033 1664 2072 senatus-

79 2101 271 2143 consulto
305 2105 419 2144 certe
449 2103 668 2144 transtulit
700 2102 894 2144 Valerius
927 2102 1139 2143 Maximus
1171 2101 1219 2150 II,
1252 2101 1293 2151 4,
1327 2101 1366 2151 2,
1407 2102 1483 2142 sed
1514 2101 1664 2142 inscite

78 2173 278 2214 variavit:
327 2187 376 2214 ne
422 2175 514 2228 quis
561 2174 604 2214 in
652 2173 751 2214 urbe
796 2173 992 2214 subsellia
1033 2173 1266 2226 posuisse
1311 2172 1501 2213 sertensi-e
1547 2172 1666 2212 ludos

79 2248 307 2296 spectare
339 2245 467 2285 vellet.
516 2244 675 2286 Contra
708 2244 937 2285 Suetonius
969 2243 1045 2284 Iul.
1080 2243 1135 2284 80
1166 2255 1341 2296 prorsus
1364 2242 1421 2284 ad
1441 2241 1663 2296 vulgarem

79 2325 295 2355 normam:
329 2329 378 2355 ne
409 2316 501 2370 quis
532 2315 716 2356 senatori
747 2328 847 2356 novo
878 2315 1042 2355 curiam
1074 2318 1307 2354 monstrare
1342 2314 1445 2354 velit.
1493 2313 1541 2354 In
1571 2314 1664 2366 ipso

79 2384 221 2426 libello
254 2385 487 2427 Caesariani
525 2386 731 2438 temporis
770 2387 916 2426 utrum
957 2385 1197 2437 antiquiore
1236 2384 1376 2425 forma
1415 2388 1665 2424 monstrasse

80 2467 135 2496 an
165 2456 400 2498 recentiore
434 2460 666 2496 monstrare
698 2455 839 2505 fuerit,
874 2455 1163 2497 coniecturam
1196 2455 1338 2496 facere
1369 2454 1481 2495 nolo.
1498 2451 1532 2506 ¹)
1580 2453 1665 2495 Sed

81 2526 364 2578 antiquiorem
396 2527 580 2569 formam
621 2526 756 2568 secuti
798 2526 1014 2567 interdum
1056 2528 1208 2578 poetae,
1257 2528 1305 2566 ut
1335 2524 1541 2566 Horatius
1573 2524 1663 2565 Sat.

80 2595 127 2645 II,
161 2596 200 2646 3,
237 2597 338 2638 187:
389 2597 451 2638 Ne
491 2599 582 2653 qais
612 2597 807 2638 humasse
842 2597 933 2637 velit
965 2596 1152 2650 Aiacem,
1199 2595 1372 2649 Atrida,
1420 2600 1532 2636 ‘vetas
1563 2594 1667 2635 cnr?

118 2781 145 2825 ¹)
171 2782 385 2829 [Antiquam
416 2785 571 2819 formam
605 2785 715 2819 habet
747 2784 850 2820 edict.
886 2784 977 2818 aedil.
1010 2783 1217 2827 (Caesariani
1249 2783 1323 2818 fere
1356 2780 1542 2826 temporis)
1568 2781 1664 2825 apud

173 2842 279 2877 Maer.
306 2843 449 2878 Saturn.
476 2844 518 2885 II,
547 2843 586 2878 6:
614 2855 655 2877 ne
681 2845 761 2887 quis
788 2845 825 2876 in
851 2854 1000 2877 arenam
1026 2845 1098 2877 nisi
1115 2854 1265 2886 pomum
1291 2843 1428 2876 misisse
1455 2842 1559 2874 vellet.
1598 2839 1664 2873 Va—

174 2901 287 2936 riatur
323 2902 360 2936 in
396 2903 628 2947 inscriptione
662 2903 697 2936 C.
731 2902 757 2936 Ι.
791 2902 868 2936 Lat.
895 2901 941 2935 VI
972 2912 1025 2936 nr.
1053 2900 1178 2935 10173.
1241 2900 1439 2944 Antiquam
1478 2902 1577 2934 tenet
1614 2897 1665 2932 in-

174 2960 317 3005 scriptio
344 2961 551 3006 sepulcralis
578 2961 636 2995 Or.
664 2971 717 2995 nr.
745 2958 865 3003 4421]

1319 3027 1383 3061 32*

1687 1970 1736 1995 125
