1915 3235
967 164 1052 206 598

138 306 188 331 243
209 307 327 335 mam
367 296 564 335 veterum
602 293 896 335 institutorum
937 294 1200 335 iudicialium
1240 295 1388 349 populi
1426 295 1614 336 Romani
1654 307 1812 348 cogno-

208 365 415 406 scendam
460 377 547 406 non
588 363 748 405 inutilis
792 364 993 406 Videatur
1043 368 1085 406 et
1127 365 1254 406 simul
1296 365 1569 410 memorabili
1612 366 1812 419 exemplo

207 435 495 488 patefactura,
545 448 653 488 quas
693 435 846 476 turbas
887 437 932 476 et
970 435 1263 478 dubitationes
1304 436 1522 479 interdum
1562 437 1736 489 pariant
1766 437 1810 478 in

206 506 386 548 historia
434 509 476 547 et
515 505 773 558 antiquitate
814 507 1127 558 perscrutanda
1168 509 1316 549 vetera
1354 508 1532 548 nomina
1571 520 1717 548 rerum
1757 520 1811 548 ex

206 591 287 619 usu
319 577 592 619 sublatarum
625 577 752 630 longo
784 577 1012 619 intervallo
1046 578 1103 619 ad
1140 573 1254 620 nova
1293 578 1490 620 instituta
1529 577 1809 619 similitudine

206 648 352 702 al‘rqua
397 648 613 690 traducta.
677 648 763 690 Sed
810 653 858 689 ut
905 662 997 690 rem
1045 649 1195 691 ordine
1242 647 1571 702 persequamur,
1619 649 1810 701 primum

204 722 408 761 notarum
442 720 716 772 quarundam
750 733 895 761 rerum
929 720 1141 762 memoria
1173 720 1413 773 repetenda
1446 722 1524 760 est.

323 791 369 831 L.
404 790 536 841 Sulla,
584 790 697 831 victa
737 791 934 843 populari
974 791 1174 841 factione,
1224 791 1280 832 ad
1320 791 1578 843 optimatum
1619 791 1806 832 auctori-

203 864 339 903 tatem
373 861 679 917 stabiliendam
713 862 845 902 etiam
877 861 1047 913 iudicia,
1092 875 1189 914 quae
1228 864 1327 915 post
1360 862 1405 903 C.
1439 862 1683 903 Gracchum
1716 862 1807 903 fere

203 945 338 985 penes
372 933 539 985 equites
571 932 757 982 fuerant,
811 933 1086 974 senatoribus
1119 933 1318 982 reddidit,
1368 935 1416 974 ut
1459 946 1511 973 ex
1549 933 1621 974 illo
1654 932 1804 974 ordine

203 1003 456 1057 seligeretur
488 1006 531 1044 et
562 1003 826 1049 scriberetur
859 1003 998 1045 omnis
1040 1003 1231 1045 iudicum
1270 1017 1490 1051 numerus,
1540 1017 1592 1044 ex
1635 1017 1720 1056 quo
1759 1006 1803 1046 et

203 1075 259 1116 ad
292 1074 482 1127 singulas
515 1073 714 1130 publicas
748 1087 903 1116 causas
935 1077 1011 1123 tot,
1057 1077 1163 1128 quot
1194 1075 1262 1115 lex
1295 1074 1477 1119 iuberet,
1527 1076 1642 1116 sorte
1674 1075 1805 1116 duce-

200 1148 351 1187 rentur
385 1145 503 1187 etin
534 1145 679 1186 litibus
723 1146 949 1198 causisque
989 1147 1168 1199 privatis
1208 1146 1371 1187 iudices
1412 1146 1633 1186 darentur.
1647 1142 1680 1198 l)
1743 1146 1805 1187 Ea

200 1217 294 1270 lege
343 1219 385 1258 et
431 1217 559 1257 nimis
607 1219 782 1258 auctam
831 1219 1007 1259 senatus
1055 1217 1295 1270 potentiani
1336 1216 1568 1270 populares
1607 1216 1804 1258 homines

201 1300 314 1341 aegre
359 1287 571 1337 ferebant,
622 1289 664 1328 et
706 1287 787 1341 ipsi
829 1290 1052 1329 senatores
1095 1288 1347 1329 turbulento
1387 1290 1430 1328 et
1460 1287 1576 1328 malo
1608 1289 1804 1341 tempore

200 1359 355 1400 iudicia
389 1358 617 1400 libidinose
651 1361 693 1400 et
724 1358 869 1412 inique
903 1362 945 1401 et
977 1373 1133 1412 parum
1173 1372 1322 1400 severe
1355 1358 1681 1400 administrasse
1713 1360 1803 1399 tra-

201 1431 374 1471 duntur.
438 1430 588 1483 Itaque
621 1443 705 1483 quo
739 1443 852 1471 anno
896 1429 1116 1483 popularis
1158 1431 1294 1483 partis
1338 1442 1458 1483 opeS,
1502 1441 1599 1482 quae
1641 1430 1803 1472 sensim

201 1501 525 1551 convaluerant,
559 1502 760 1543 restituta
793 1503 1011 1555 potestate
1043 1501 1317 1552 tribunorum
1350 1500 1502 1554 plebis,
1537 1500 1804 1542 confirmatae

199 1575 314 1623 sunt,
364 1572 520 1614 Crasso
561 1575 604 1613 et
646 1573 854 1625 Pompeio
895 1585 1004 1614 coss.
1047 1570 1102 1624 (a.
1138 1572 1193 1613 70
1233 1585 1272 1613 a.
1307 1572 1352 1613 C.
1392 1569 1467 1624 n.),
1515 1572 1561 1612 L.
1602 1571 1802 1612 Aurelius

202 1644 326 1685 Cotta
359 1647 519 1696 praetor
551 1644 691 1697 legem
723 1644 834 1693 tulit,
875 1646 923 1684 ut
954 1643 1113 1684 iudicia
1144 1643 1256 1683 inter
1288 1645 1510 1684 senatores
1544 1642 1797 1696 equitesque

199 1715 424 1756 Romanos
458 1716 500 1755 et
531 1715 729 1757 tribunos
763 1716 940 1756 aerarios
975 1715 1412 1762 communicarentur,
1461 1713 1505 1754 id
1544 1716 1622 1763 est,
1670 1715 1719 1754 ut
1751 1726 1803 1754 ex

199 1786 265 1827 his
298 1785 436 1827 tribus
469 1785 693 1827 ordinibus
734 1786 895 1827 iudices
936 1786 1219 1839 seligerentur
1261 1785 1375 1838 iique
1419 1797 1572 1826 causas
1613 1797 1804 1826 commu-

129 1867 180 1891 244
200 1857 313 1898 niter
360 1870 486 1910 aequa
534 1870 585 1898 ex
640 1860 764 1911 parte
813 1856 1068 1898 iudicarent.
1084 1853 1118 1908 2)
1202 1856 1381 1897 Ordines
1428 1856 1542 1897 enim
1590 1855 1669 1897 hos
1715 1857 1804 1897 tres

237 2057 266 2097 ¹)
293 2058 458 2091 Privatas
485 2057 595 2091 etiam
622 2068 752 2091 causas
778 2057 901 2091 liberae
926 2056 979 2091 rei
1004 2068 1037 2101 p.
1065 2060 1230 2100 tempore
1256 2056 1403 2091 eosdem
1429 2056 1618 2097 iudicasse,
1652 2055 1715 2100 qui
1739 2066 1803 2100 pu-

294 2116 408 2150 blicas
446 2116 660 2158 iudicarent,
703 2127 801 2151 nunc
839 2127 966 2150 omnes
1004 2116 1080 2150 fere
1118 2115 1370 2157 consentiunt,
1409 2127 1522 2160 quam
1559 2126 1637 2150 rem
1674 2118 1805 2159 praeter

296 2179 436 2210 certum
462 2175 601 2219 Polybii
628 2175 881 2210 testimonium
908 2175 1067 2209 maxime
1094 2174 1184 2209 illud
1210 2174 1411 2213 confirmat,
1451 2175 1547 2218 quod
1581 2174 1724 2209 nullum
1750 2177 1805 2208 est

296 2235 444 2269 omnino
482 2235 615 2268 horum
647 2234 865 2268 iudiciorum
898 2237 1151 2279 separatorum
1185 2234 1359 2268 indicium
1392 2234 1488 2278 apud
1523 2236 1662 2267 veteres
1694 2232 1804 2277 scrip-

296 2297 402 2334 tores,
436 2293 497 2338 qui
524 2305 651 2329 omnes
677 2293 846 2328 universe
873 2294 917 2328 de
943 2293 1084 2328 iudiciis
1110 2293 1321 2337 loquuntur.
1373 2291 1544 2336 [Uberius
1576 2292 1644 2326 hoc
1677 2291 1803 2326 confir-

294 2352 391 2386 mavi
418 2356 454 2386 et
479 2353 723 2387 recentiorum
751 2353 981 2397 quorundam
1009 2352 1197 2397 opiniones
1224 2363 1437 2396 erroresque
1463 2350 1602 2386 convici
1631 2351 1669 2385 in
1695 2361 1805 2395 opere

296 2412 339 2445 de
372 2411 545 2446 institutis
578 2412 628 2446 rei
664 2412 818 2456 publicae
844 2412 1020 2446 Romanae
1046 2423 1123 2456 cap.
1149 2410 1172 2444 8
1197 2410 1218 2454 ἓ
1245 2410 1289 2443 12
1314 2411 1351 2444 in
1378 2414 1465 2445 nota
1489 2422 1523 2455 p.
1549 2409 1619 2443 218
1644 2421 1721 2454 sqq.
1748 2410 1803 2444 ed.

298 2467 434 2513 Germ]

240 2527 268 2572 ²)
293 2529 517 2564 Testimonia
542 2533 708 2564 veterum
735 2531 778 2564 de
804 2531 882 2574 lege
916 2529 1064 2564 Aurelia
1097 2529 1321 2573 collegerunt
1354 2531 1485 2572 praeter
1516 2528 1605 2562 alios
1638 2528 1803 2562 Dukerus

298 2588 343 2622 ad
371 2588 447 2622 Liv.
476 2588 558 2632 epit.
586 2588 631 2622 97
665 2592 701 2623 et
726 2589 893 2624 Baiterus
925 2588 961 2622 in
994 2588 1112 2622 indice
1138 2588 1260 2632 legum
1287 2587 1384 2632 apud
1411 2587 1622 2621 Ciceronem
1648 2597 1804 2621 comme-

300 2650 524 2681 moratarum
552 2647 603 2689 (in
622 2648 746 2682 Orellii
765 2648 989 2682 onomastico
1008 2646 1201 2689 Tulliano).
1243 2647 1461 2681 Scholiastes
1480 2645 1731 2680 Gronovianus
1757 2645 1803 2679 ad

297 2707 375 2740 Act.
403 2706 418 2739 I
445 2705 480 2739 in
508 2706 607 2740 Verr.
635 2718 663 2741 c.
692 2707 709 2739 1
739 2705 786 2751 (p.
813 2706 883 2740 386
901 2705 975 2747 Or.)
1002 2706 1093 2740 falso
1120 2709 1254 2747 narrat,
1281 2705 1459 2749 perlatam
1486 2716 1564 2740 esse
1593 2704 1804 2746 „assistente

298 2764 478 2808 Quinctio,
518 2765 663 2799 tribuno
696 2765 822 2809 plebis,
861 2766 918 2800 vel
952 2764 1157 2806 Palican0“,
1197 2775 1352 2809 quorum
1385 2763 1445 2799 ille
1471 2775 1502 2798 a.
1531 2763 1586 2805 74,
1617 2763 1676 2798 hic
1701 2775 1733 2798 a.
1761 2762 1803 2796 71

297 2824 464 2859 tribunus
498 2824 615 2858 fuerat
647 2823 732 2867 (vid.
768 2825 812 2858 de
843 2825 1013 2859 Palicano
1047 2823 1179 2868 disput.
1206 2827 1331 2858 nostra
1363 2823 1407 2857 de
1433 2822 1589 2857 Asconio
1614 2834 1648 2867 p.
1676 2821 1745 2855 116
1770 2825 1806 2856 et

298 2883 489 2927 Zumptius
508 2884 553 2917 ad
571 2883 671 2918 Verr.
692 2883 716 2927 Ι,
738 2883 795 2924 47,
816 2882 909 2925 122).
950 2883 1085 2925 Cicero,
1113 2883 1175 2927 qui
1193 2882 1279 2917 alibi
1296 2882 1461 2916 tribunos
1479 2882 1624 2916 aerarios
1642 2882 1710 2916 hac
1727 2881 1805 2925 lege

298 2942 500 2977 iudicantes
526 2945 787 2976 commemorat
812 2940 871 2983 (ad
891 2943 957 2985 Qu.
977 2943 1033 2976 Fr.
1052 2943 1095 2984 II,
1123 2942 1144 2976 6
1163 2940 1228 2985 [4],
1255 2941 1286 2983 6,
1314 2942 1358 2983 II,
1386 2941 1430 2974 16
1449 2939 1537 2984 [15],
1563 2940 1596 2982 3,
1623 2941 1668 2975 ad
1686 2940 1760 2974 Att.
1779 2939 1805 2980 Ι,

297 3000 369 3043 16),
395 3012 461 3046 pro
487 3001 627 3036 Cluent.
653 3000 710 3042 47,
738 2995 968 3035 130'iudicia
994 3013 1073 3036 cum
1098 3002 1254 3045 equestri
1278 3002 1404 3035 ordine
1429 3002 1689 3035 communicata
1709 2999 1805 3036 dicit.
