1915 3235
139 1924 173 1951 69

954 86 1011 127 54

192 214 339 254 sertim
371 212 578 254 Rufillum
611 216 653 255 et
685 213 948 267 Gargonium
979 215 1222 265 subiiceret,
1263 228 1404 266 nemo,
1438 229 1522 269 quo
1554 218 1782 270 spectaret,

192 283 483 324 intellecturus
523 284 670 334 fuerit,
719 285 796 325 sed
834 285 977 338 potius
1017 298 1167 328 omnes
1218 286 1452 339 opinaturi,
1501 300 1652 328 verum
1691 300 1784 329 esse

191 354 423 405 hominem,
458 354 532 396 sed
566 354 647 395 sibi
679 355 885 407 ignotum.
940 357 1101 402 Verum
1134 357 1188 398 de
1219 358 1312 410 ipso
1344 357 1518 399 nomine
1549 357 1784 399 videndum

192 427 276 475 est,
323 426 367 466 in
414 438 498 478 quo
545 424 588 466 id
634 425 769 466 latere
816 427 1093 480 suspicantur
1138 427 1364 479 indicium,
1413 429 1529 482 quod
1574 430 1784 470 hactenus

191 496 351 537 frustra
390 495 679 549 quaesivimus,
743 496 791 537 Id
829 500 872 538 et
918 497 989 539 alii
1036 500 1137 540 ante
1184 501 1227 540 et
1274 499 1448 552 copiosa
1495 499 1785 552 disputatione

190 566 462 607 Weichertus
495 580 521 607 a
554 566 704 607 Graeca
734 567 879 609 radice
912 568 1103 619 ductum,
1138 583 1234 622 quae
1265 572 1414 611 tamen
1446 567 1577 611 etiam
1610 570 1717 612 alias
1742 570 1786 612 in

192 637 418 689 antiquum
451 650 695 678 sermonem
727 638 929 680 Latinum
962 640 1220 693 propagines
1254 640 1388 693 egerit
1420 639 1484 694 (ut
1508 642 1697 682 malacus
1721 643 1785 682 est

192 707 310 759 apud
341 707 525 748 Ennium
559 710 601 749 et
631 707 866 762 Plautum),
899 709 1093 751 mollitiei
1125 710 1481 764 significationem
1512 711 1675 753 habere
1708 711 1784 753 do-

192 780 302 818 cent.
365 778 412 818 In
460 791 544 830 quo
592 779 677 820 duo
715 792 802 821 non
839 780 999 822 vident.
1062 781 1257 823 Primum
1304 782 1459 823 accidit
1504 782 1561 832 id,
1609 782 1653 823 in
1701 795 1785 835 quo

192 847 294 888 alibi
326 861 497 901 quoque
529 849 735 891 labuntur
766 850 1037 904 interpretes,
1086 854 1244 906 saepius
1283 855 1431 895 tamen
1463 854 1504 904 ii,
1552 853 1597 894 in
1629 853 1785 906 quibus

192 917 292 959 ferri
323 918 461 971 magis
493 922 638 972 potest
668 921 916 964 huiusmodi
949 936 1001 964 ex
1033 924 1292 978 etymologia
1331 937 1486 966 vocum
1519 925 1785 977 singularum

189 989 521 1042 significationes
546 993 788 1045 reperiendi
815 994 1020 1044 studium,
1054 994 1325 1044 vetustiores,
1350 997 1409 1045 ut,
1444 995 1565 1036 obliti
1591 995 1786 1037 Graecam

190 1059 477 1113 Latinamque
510 1062 700 1115 linguam
733 1064 965 1117 aliquando
997 1079 1084 1107 non
1123 1066 1246 1107 aliter
1287 1079 1336 1107 ac
1375 1069 1546 1108 nostras
1585 1066 1784 1119 viguisse,

191 1143 241 1171 eo
274 1130 403 1173 modo
435 1135 604 1174 veteres
645 1134 894 1176 Graeeorum
934 1138 976 1177 et
1013 1137 1266 1178 Latinorum
1308 1137 1565 1190 scriptorum
1605 1137 1786 1178 lectores

192 1214 244 1242 ea
274 1204 485 1244 tractasse
516 1208 670 1257 putent
703 1209 745 1247 et
776 1220 952 1248 sensum
985 1207 1110 1249 docte
1144 1208 1317 1257 eruisse,
1352 1222 1437 1261 quo
1469 1221 1583 1249 nunc
1615 1208 1659 1249 id
1690 1208 1786 1261 phi-

192 1273 318 1326 lologi
351 1274 524 1326 faciant,
559 1278 602 1317 et
632 1277 836 1330 philologi
868 1279 1178 1331 suspicaciores
1212 1293 1343 1332 quam
1362 1279 1627 1324 subtiliores.
1674 1279 1784 1320 Nam

192 1344 321 1386 fuerit
352 1358 457 1387 sane
491 1346 581 1388 eius
621 1348 794 1400 originis
834 1349 877 1390 id
919 1363 1091 1401 nomen,
1140 1352 1187 1391 ut
1227 1352 1312 1399 est;
1360 1353 1521 1400 tamen,
1571 1363 1705 1403 quum
1744 1349 1788 1391 id

192 1419 305 1457 esset
336 1417 463 1470 vulgo
496 1421 719 1471 receptum
753 1422 795 1460 et
827 1420 1026 1462 Latinam
1060 1421 1245 1462 formam
1277 1423 1454 1462 nactum
1494 1423 1536 1462 et
1573 1422 1617 1462 in
1657 1420 1786 1462 aliam

192 1488 420 1539 deflexum,
454 1502 583 1531 nemo
616 1490 659 1530 in
693 1503 742 1532 eo
775 1491 913 1544 magis
941 1491 1149 1544 originem
1174 1491 1446 1545 respiciebat,
1480 1505 1614 1545 quum
1638 1492 1787 1532 audie-

192 1559 281 1608 bat,
331 1573 461 1612 quani
502 1573 635 1613 quum
675 1561 818 1615 Rufus
855 1563 1109 1615 infinitaque
1142 1563 1226 1604 alia
1260 1563 1515 1616 cognomina
1548 1575 1674 1604 aures
1707 1563 1788 1603 cir-

193 1631 530 1681 cumsonabant3
577 1631 621 1672 in
658 1646 771 1673 nova
817 1636 859 1674 et
897 1634 1074 1675 auribus
1107 1634 1278 1675 insueta
1311 1634 1620 1687 compositione
1652 1633 1788 1675 Varro

192 1702 252 1742 ita
290 1701 438 1742 ludere
472 1702 655 1744 fortasse
695 1707 854 1756 posset,
903 1718 990 1746 non
1028 1705 1256 1754 Horatius3
1303 1705 1527 1758 multoque
1564 1706 1707 1746 minus
1746 1705 1789 1746 id

191 1771 284 1813 fieri
315 1774 486 1825 poterat
525 1774 667 1826 posita
700 1788 751 1816 ea
783 1776 935 1825 forma,
977 1789 1073 1828 quae
1113 1776 1360 1829 longissime
1399 1776 1455 1817 ab
1495 1775 1656 1828 origine
1690 1777 1732 1816 et
1763 1789 1789 1817 a

194 1843 344 1885 Graeca
370 1844 648 1886 similitudine
674 1845 927 1897 discederet,
962 1844 1259 1900 Malthinusfl)
1307 1846 1471 1888 Deinde
1503 1846 1635 1888 miror
1666 1848 1789 1888 tanto

195 1928 324 1968 opere
356 1915 469 1957 viros
503 1916 652 1957 doctos
686 1916 729 1957 id
762 1917 997 1970 disputare,
1047 1918 1163 1971 quod
1194 1920 1335 1960 totum
1375 1920 1524 1959 contra
1565 1918 1681 1970 ipsos
1721 1917 1788 1958 sit.

193 1986 237 2027 Si
270 1986 384 2027 enim
418 1985 655 2029 Malthz'nus
687 1991 752 2030 est
783 1990 932 2039 mollis,
965 2002 1052 2031 non
1084 1989 1141 2030 ad
1165 1990 1448 2030 Maecenatem
1472 2002 1595 2030 mens
1619 1988 1789 2029 lectoris

193 2056 470 2107 convertitur,
519 2059 597 2099 sed
633 2073 810 2112 prorsus
851 2063 891 2102 et
934 2060 988 2101 ab
1029 2074 1080 2102 eo
1121 2063 1163 2102 et
1201 2060 1256 2102 ab
1298 2060 1391 2101 aliis
1429 2059 1630 2101 omnibus
1664 2059 1789 2100 certis

192 2128 440 2170 hominihus
473 2129 715 2179 abducitur,
749 2131 1091 2185 relinquiturque
1123 2131 1357 2181 abstracta,
1390 2133 1438 2171 ut
1469 2132 1638 2180 vocant,
1672 2130 1790 2171 notio

193 2197 237 2238 in
268 2211 499 2251 personam
534 2214 754 2252 conversa,
803 2202 977 2244 nomine
1016 2202 1219 2256 imposito
1258 2203 1422 2255 apertae
1454 2200 1788 2254 significationis,

194 2282 279 2321 quo
311 2270 416 2311 nihil
449 2284 542 2313 esse
582 2272 769 2325 ineptius
810 2276 851 2315 et
892 2287 918 2315 a
957 2274 1050 2316 loco
1089 2276 1229 2327 poetae
1268 2272 1631 2325 antiquorumque
1671 2284 1790 2313 more

236 2442 264 2487 ι)
291 2449 526 2483 Malchionem
559 2451 656 2494 apud
683 2451 884 2485 Martialem
911 2452 970 2492 ΙΙΙ,
1004 2450 1060 2492 82,
1093 2449 1139 2484 32
1172 2450 1312 2484 Zoilum
1345 2448 1520 2493 appellari
1551 2451 1682 2493 putant
1714 2452 1791 2482 tan—

291 2518 401 2550 quam
428 2509 575 2544 mollem
602 2510 806 2547 hominem
841 2511 902 2545 sed
930 2522 1043 2555 quum
1070 2511 1114 2545 de
1139 2510 1237 2544 Zoilo
1263 2509 1324 2543 illo
1350 2519 1497 2553 prorsus
1523 2507 1612 2542 nihil
1639 2510 1790 2549 constet,

290 2577 371 2610 quae
397 2567 442 2601 sit
468 2568 616 2603 alterius
643 2569 738 2602 illius
764 2569 920 2603 nominis
952 2569 1054 2608 ratio,
1082 2569 1261 2603 incertum
1293 2571 1362 2605 est3
1400 2567 1515 2601 multo
1549 2566 1669 2600 minus
1695 2566 1791 2610 quic-

290 2637 401 2670 quam
435 2638 478 2661 ex
511 2622 669 2661 Petronii
702 2628 968 2662 Trimalchione
1000 2628 1172 2669 efficitur,
1211 2626 1308 2671 quod
1341 2636 1475 2660 nomen
1508 2629 1544 2659 et
1581 2625 1701 2670 ipsum
1740 2624 1790 2659 in-

293 2689 399 2719 certae
432 2686 701 2730 significationis
735 2690 788 2721 est
820 2690 865 2728 et,
904 2686 933 2720 si
971 2687 1067 2721 illius
1100 2690 1163 2728 est,
1203 2697 1314 2730 quam
1352 2685 1490 2726 volunt,
1533 2685 1642 2718 aliam
1681 2684 1791 2718 etiam

291 2745 469 2779 rationem
508 2746 633 2783 habet3
673 2757 759 2779 nam
797 2745 900 2779 aliter
937 2746 1085 2789 fingitur
1116 2757 1188 2780 non
1221 2745 1420 2779 abhorrens
1453 2755 1588 2778 nomen
1613 2754 1790 2788 personae,

290 2803 328 2837 in
355 2803 456 2838 cuius
483 2804 625 2848 ingenio
658 2804 894 2839 describendo
926 2807 1003 2839 tota
1036 2805 1159 2839 fabula
1190 2807 1365 2844 versatur,
1399 2802 1502 2836 aliter
1533 2802 1567 2836 id
1604 2813 1789 2846 eompara-

291 2865 370 2896 tum
397 2874 474 2897 esse
501 2863 618 2904 debet,
645 2863 743 2907 quod
769 2863 880 2897 semel
907 2863 1065 2907 positum
1093 2866 1128 2897 et
1153 2863 1232 2897 aliis
1257 2861 1509 2896 intermixtum
1535 2861 1684 2905 intelligi
1711 2861 1791 2905 quis

292 2920 388 2955 velit.
