1915 3235
946 128 1033 170 492

195 265 250 306 ad
283 263 368 305 Cic.
402 263 454 303 de
488 261 611 303 Off.1
643 259 666 313 ξ
698 259 794 309 155,
827 258 902 300 ubi
934 258 1082 300 Cicero
1115 257 1385 310 superiorum
1417 257 1786 310 philosophorum,

195 347 378 388 quorum
413 333 544 374 etiam
577 332 753 373 nomina
796 329 958 381 aliquot
999 328 1182 378 subiicit,
1232 328 1429 380 exemplo
1469 340 1559 368 rem
1600 327 1787 376 conficit;

194 405 395 457 idemque
429 416 547 444 error
580 400 760 443 Bentleii
793 402 858 441 est
889 399 932 440 in
965 399 1070 441 Hor.
1094 398 1175 440 Od.
1198 398 1266 448 III,
1302 399 1369 448 11,
1405 398 1472 449 15,
1506 397 1580 439 ubi
1602 397 1790 451 generali

195 474 472 528 descriptioni
505 473 730 515 subiicitur
764 471 1030 524 exemplum:
1067 469 1195 511 Cessit
1225 470 1425 510 immanis
1457 460 1532 510 tibi
1560 468 1790 510 blandienti

196 546 363 587 Ianitor
407 545 516 585 aulce
561 546 640 585 cet.
705 543 791 585 Cfr.
824 541 904 583 Od.
938 541 986 591 ΙΙ,
1034 541 1100 590 18,
1147 540 1202 581 33
1245 536 1386 592 sqq.¹*)
1448 539 1527 580 His
1575 539 1790 581 erroribus

195 614 389 666 sublatis,
424 618 619 669 apparet,
654 613 789 656 Graeci
811 612 923 654 illius
946 612 1092 653 aoristi
1114 611 1400 652 imitationem
1423 611 1622 652 Latinam
1651 623 1791 663 neque

196 688 250 729 ad
299 691 465 728 veteres
514 698 653 738 prosae
701 683 908 726 orationis
956 682 1185 735 scriptores
1232 681 1448 734 pertinere
1495 680 1630 734 (nulla
1678 681 1792 722 enim

196 759 312 812 apud
345 771 417 799 eos
450 757 535 798 alia
568 755 766 808 exempla
797 754 891 804 nisi,
926 753 1070 806 qualia
1104 752 1203 802 dixi,
1244 750 1361 804 sunt)
1393 764 1472 793 nec
1505 752 1560 793 ad
1591 752 1792 793 vetustis-

195 831 326 871 simos
360 831 532 882 poetas3
580 839 682 867 nam
725 838 804 866 nec
835 825 1014 866 Plautus
1046 836 1126 864 nec
1159 823 1389 864 Terentius
1422 822 1481 863 ita
1513 823 1681 864 locutus
1714 824 1791 872 est,

197 913 290 950 nec,
339 899 374 941 si
406 898 617 940 memoria
648 909 734 937 non
774 896 895 946 fallit,
936 895 1172 936 Lucretius.
1236 894 1300 934 Ac
1330 897 1509 946 propter
1540 895 1621 935 hoc
1652 893 1794 946 ipsum

196 970 482 1012 imitationem
516 969 623 1017 dixi;
672 967 792 1008 cuius
832 965 973 1020 prima
1013 964 1193 1018 vestigia
1234 965 1533 1006 demonstrare
1564 977 1794 1017 possumus

197 1041 314 1095 apud
347 1041 598 1083 Ciceronem
630 1039 674 1079 in
705 1037 904 1079 versibus
938 1049 990 1078 ex
1023 1036 1173 1077 Graeco
1205 1035 1446 1084 translatis;
1494 1048 1596 1076 nam
1636 1035 1690 1076 de
1721 1034 1795 1076 Di-

196 1114 329 1154 vinat.
364 1113 378 1152 Ι
412 1110 434 1163 ξ
471 1111 525 1151 14
556 1123 635 1163 pro
667 1109 791 1150 Arati
823 1109 986 1155 ἐβάψατο
1024 1109 1090 1148 est
1131 1106 1328 1147 demersit
1369 1108 1412 1147 et
1451 1104 1473 1157 ἓ
1509 1105 1564 1146 15
1603 1105 1797 1147 similiter

197 1184 374 1233 (luxere3
407 1185 500 1223 tum
535 1180 651 1234 apud
684 1179 902 1222 Catullum
935 1177 1059 1227 LXII,
1092 1190 1132 1218 v.
1166 1177 1222 1218 53
1255 1179 1299 1218 et
1331 1177 1387 1218 55
1420 1178 1463 1217 et
1485 1177 1615 1217 LXIV
1647 1189 1686 1217 V.
1715 1176 1796 1217 148

197 1256 343 1308 (Dicta
384 1254 490 1295 nihil
530 1256 722 1303 metuere,
772 1249 879 1290 nihil
910 1249 1110 1303 periuria
1149 1247 1330 1300 curant).
1394 1247 1559 1288 Deinde
1599 1247 1797 1300 Virgilius

198 1330 240 1367 et
272 1325 479 1367 Horatius
512 1323 571 1365 sic
604 1323 734 1365 locuti
767 1323 866 1362 sunt
900 1319 986 1372 (ille
1021 1319 1174 1372 Georg.
1207 1319 1236 1369 Ι,
1270 1318 1341 1369 49,
1375 1318 1442 1368 IV,
1476 1318 1575 1368 213,
1617 1318 1711 1358 AEn.
1745 1317 1796 1368 X,

199 1398 296 1446 726,
330 1396 400 1446 ΧΙ,
435 1395 521 1437 810
549 1407 656 1447 sqq.,
690 1393 780 1443 XII,
816 1391 914 1441 755,
948 1391 1016 1431 hic
1049 1390 1130 1431 Od.
1156 1390 1185 1441 Ι,
1220 1390 1288 1440 34,
1326 1390 1393 1440 16,
1427 1388 1561 1442 Epist.
1588 1389 1618 1438 Ι,
1653 1389 1692 1438 2,
1726 1389 1797 1439 47,

197 1468 248 1509 Α.
283 1468 329 1509 Ρ.
364 1465 482 1519 343),
525 1468 618 1506 tum
653 1463 833 1505 insecuti
866 1464 1020 1515 poetae,
1062 1474 1244 1514 quorum
1287 1460 1494 1513 exemplis
1527 1459 1800 1512 supersederi

147 1552 177 1575 aa
198 1541 360 1592 potest,
416 1537 657 1589 imitatique
713 1534 931 1587 poeticum
979 1531 1183 1585 loquendi
1230 1545 1357 1572 usum
1404 1544 1546 1584 prosae
1594 1530 1800 1572 orationis

198 1611 442 1662 scriptores,
477 1608 655 1661 primus,
691 1606 855 1659 opinor,
891 1617 1052 1655 eorum,
1089 1617 1196 1657 quos
1218 1603 1447 1652 habemus,
1471 1602 1637 1643 Seneca
1658 1601 1798 1655 philo-

199 1681 360 1734 sophus
393 1680 594 1731 idemque
628 1677 867 1730 saepissime
901 1674 972 1729 (de
995 1676 1061 1716 Ira
1083 1675 1132 1725 II,
1167 1675 1206 1725 3,
1241 1674 1281 1725 3,
1315 1674 1368 1715 de
1392 1673 1631 1726 Tranquill.
1665 1673 1797 1714 animi

198 1750 265 1804 43
289 1753 305 1791 1
329 1752 386 1803 (u,
407 1750 470 1803 3):
496 1750 606 1790 alius
625 1748 864 1803 eloquentia'
879 1746 1039 1800 fiducia
1053 1745 1305 1800 prolabitur,
1330 1745 1441 1785 alius
1454 1744 1711 1798 patrimonio
1728 1757 1802 1784 suo

191 1823 292 1876 plns
326 1821 566 1876 imperari&
601 1819 652 1861 de
681 1819 827 1861 Const.
861 1819 1045 1871 sapient.
1082 1817 1129 1857 11
1169 1815 1192 1868 ξ
1220 1817 1265 1857 2;
1301 1829 1399 1856 nam
1433 1820 1469 1856 et
1492 1815 1622 1869 pueri
1653 1828 1697 1855 08
1721 1828 1802 1867 psc-

201 1899 361 1934 rentmn
393 1893 556 1946 feriunt
600 1895 635 1931 et
678 1891 813 1931 crines
857 1890 1005 1930 matris
1047 1887 1231 1928 turbat-it
1274 1887 1554 1941 laceravitque
1586 1885 1734 1938 infcms
1767 1889 1803 1925 et

200 1969 318 2018 sputo
352 1963 581 2017 ccclspersit;
616 1962 668 2003 de
700 1960 886 2002 Benefic.
921 1960 969 2010 ΙΙ,
1004 1960 1030 2000 2
1063 1958 1086 2010 ἓ
1120 1959 1167 1999 23
1200 1958 1405 1999 salutaris
1437 1962 1493 1998 est
1526 1980 1579 1984 —
1613 1956 1800 2007 obtinuit,

201 2036 248 2086 ΙΙ,
292 2035 360 2084 24,
402 2035 469 2084 VI,
512 2034 567 2075 30
600 2032 623 2085 ἓ
655 2033 696 2082 4,
737 2032 872 2084 Epist.
907 2031 929 2071 7
965 2029 988 2082 ἓ
1021 2030 1046 2071 6
1081 2032 1123 2071 et
1155 2029 1210 2070 23
1244 2027 1266 2080 ξ
1301 2024 1406 2081 7).‘-')
1477 2027 1802 2078 Quintilianum,

202 2106 358 2147 veteris
391 2105 594 2157 loquendi
626 2117 791 2145 normae
824 2101 1079 2151 studiosum,
1114 2101 1270 2141 iniuria
1302 2100 1345 2140 in
1377 2101 1459 2140 hac
1488 2111 1620 2140 causa
1643 2099 1801 2138 testem

203 2177 348 2218 citant.
398 2177 509 2217 Nam
538 2176 626 2225 XII,
661 2175 700 2224 9,
737 2174 791 2215 14
824 2187 875 2214 ex
909 2186 971 2223 eo,
1007 2172 1122 2225 quod
1154 2172 1197 2212 in
1230 2170 1523 2223 superioribus
1557 2169 1802 2211 oratoribus

204 2247 419 2297 acciderit,
470 2246 694 2288 consilium
737 2258 783 2286 se
827 2245 887 2285 ait
930 2243 1093 2296 cepisse
1136 2243 1195 2284 rei
1240 2241 1520 2294 explicandae.
1585 2239 1702 2280 Idem
1736 2240 1802 2279 est

205 2318 329 2371 igitur
370 2318 455 2370 fuit
498 2331 547 2359 ac
590 2317 625 2358 si
670 2314 853 2357 dixisset
887 2314 1020 2368 fuisse
1061 2313 1192 2354 video.
1255 2313 1302 2353 In
1336 2311 1490 2353 decimi
1524 2313 1670 2352 autem
1703 2309 1800 2350 libri

205 2402 239 2429 c.
279 2390 313 2439 1,
356 2390 382 2429 2
414 2389 543 2438 scivit,
594 2388 628 2429 si
662 2400 811 2428 verum
845 2387 923 2435 est,
971 2384 1181 2438 significat
1214 2384 1376 2435 didicit,
1423 2383 1639 2424 seientiam
1671 2393 1804 2421 eonse-

243 2550 270 2593 1)
297 2552 432 2585 Eodem
468 2552 575 2585 modo
610 2551 876 2585 Ramshornius
903 2550 924 2584 l.
952 2551 973 2584 l.
1007 2549 1180 2594 pervertit
1212 2549 1336 2582 Iuven.
1363 2548 1406 2589 ΙΙ,
1446 2547 1500 2588 64,
1539 2557 1611 2580 non
1644 2545 1804 2589 inspecto

301 2621 407 2644 versu
433 2610 490 2651 315,
518 2610 579 2643 ubi
606 2610 730 2654 incipit
757 2610 928 2643 narratio.
979 2609 1151 2643 Perverse
1178 2607 1274 2641 idem
1301 2608 1372 2640 huc
1398 2607 1510 2640 trahit
1535 2605 1656 2649 Virgil.
1679 2605 1804 2648 Georg.

302 2670 344 2711 II,
378 2669 448 2701 490
481 2672 516 2703 et
542 2669 626 2702 Hor.
655 2669 695 2702 A.
721 2668 757 2702 P.
785 2668 871 2706 41·2;
904 2667 1099 2710 utrobique
1132 2677 1259 2700 verum
1293 2669 1347 2700 est
1378 2665 1596 2710 perfectum;
1631 2675 1697 2698 nec
1720 2663 1805 2698 felix

302 2732 463 2769 vocatur,
503 2727 563 2771 qui
591 2731 709 2771 potest
734 2738 857 2761 rerum
884 2738 1011 2760 causas
1039 2736 1264 2770 cognoscere,
1303 2724 1366 2758 sed
1393 2724 1454 2768 qui
1481 2735 1560 2758 eam
1587 2725 1805 2768 potestatem

303 2787 431 2821 habuit
457 2797 572 2830 eaque
598 2797 686 2820 usus
712 2797 769 2820 res
795 2785 973 2830 cognovit,
1009 2788 1055 2826 et,
1088 2784 1150 2828 qui
1177 2795 1284 2818 cursu
1310 2786 1435 2825 certat,
1468 2794 1528 2817 eos
1553 2782 1695 2816 labores
1721 2784 1805 2815 ante

303 2846 452 2890 peregit,
479 2845 610 2889 quibus
637 2856 768 2888 corpus
794 2848 992 2879 exercetur.

246 2903 274 2948 Ἰ)
301 2904 479 2948 [Gertzius
506 2903 637 2938 alicubi
671 2902 805 2945 (locum
838 2914 910 2945 non
945 2901 1100 2946 reperio)
1131 2902 1196 2935 hos
1228 2904 1404 2945 praeterea
1434 2900 1532 2934 locos
1564 2899 1721 2943 collegit:
1761 2899 1805 2932 de

306 2965 362 2998 Ira
389 2964 431 3005 II,
459 2962 514 3004 12,
541 2962 561 2995 4
589 2966 624 2996 et
650 2961 706 3003 21,
733 2962 765 3003 9,
792 2962 851 3002 ΙΙΙ,
877 2961 910 3003 8,
937 2960 970 3003 2,
997 2961 1041 2994 ad
1068 2961 1175 2994 Marc.
1202 2959 1258 3002 21,
1287 2959 1305 2992 7
1333 2963 1368 2994 et
1393 2958 1449 3001 22,
1475 2956 1525 3001 2.]
