<?xml version="1.0" encoding="UTF-8"?>
<!DOCTYPE html PUBLIC "-//W3C//DTD XHTML 1.0 Transitional//EN"
    "http://www.w3.org/TR/xhtml1/DTD/xhtml1-transitional.dtd">
<html xmlns="http://www.w3.org/1999/xhtml" xml:lang="en" lang="en">
 <head>
  <title>
</title>
<meta http-equiv="Content-Type" content="text/html;charset=utf-8" />
  <meta name='ocr-system' content='tesseract 3.04.00' />
  <meta name='ocr-capabilities' content='ocr_page ocr_carea ocr_par ocr_line ocrx_word'/>
</head>
<body>
  <div class='ocr_page' id='page_1' title='image "./ionicolaimadvigi00madvuoft_0069.png"; bbox 0 0 1915 3235; ppageno 0'>
   <div class='ocr_carea' id='block_1_1' title="bbox 863 95 918 135">
    <p class='ocr_par' dir='ltr' id='par_1_1' title="bbox 863 95 918 135">
     <span class='ocr_line' id='line_1_1' title="bbox 863 95 918 135; baseline -0.018 0"><span class='ocrx_word' id='word_1_1' title='bbox 863 95 918 135; x_wconf 83' lang='lat'>47</span> 
     </span>
    </p>
   </div>
   <div class='ocr_carea' id='block_1_2' title="bbox 99 221 1688 560">
    <p class='ocr_par' dir='ltr' id='par_1_2' title="bbox 99 221 1688 560">
     <span class='ocr_line' id='line_1_2' title="bbox 100 221 1686 277; baseline -0.004 -9"><span class='ocrx_word' id='word_1_2' title='bbox 100 227 345 268; x_wconf 82' lang='lat' dir='ltr'>Schneider.</span> <span class='ocrx_word' id='word_1_3' title='bbox 386 225 443 266; x_wconf 86' lang='lat' dir='ltr'>ad</span> <span class='ocrx_word' id='word_1_4' title='bbox 480 225 676 277; x_wconf 90' lang='lat' dir='ltr'>Xenoph.</span> <span class='ocrx_word' id='word_1_5' title='bbox 710 224 884 265; x_wconf 81' lang='lat' dir='ltr'>Conviv.</span> <span class='ocrx_word' id='word_1_6' title='bbox 918 223 966 273; x_wconf 78' lang='grc' dir='ltr'>Π7</span> <span class='ocrx_word' id='word_1_7' title='bbox 1013 222 1101 275; x_wconf 72' lang='grc'>19]</span> <span class='ocrx_word' id='word_1_8' title='bbox 1162 223 1274 264; x_wconf 87' lang='lat' dir='ltr'>Nam</span> <span class='ocrx_word' id='word_1_9' title='bbox 1306 222 1379 271; x_wconf 92' lang='lat' dir='ltr'>VI,</span> <span class='ocrx_word' id='word_1_10' title='bbox 1420 221 1505 263; x_wconf 75' lang='lat'>263</span> <span class='ocrx_word' id='word_1_11' title='bbox 1544 235 1686 274; x_wconf 86' lang='lat' dir='ltr'>neque</span> 
     </span>
     <span class='ocr_line' id='line_1_3' title="bbox 99 288 1688 348; baseline -0.004 -10"><span class='ocrx_word' id='word_1_12' title='bbox 99 298 155 338; x_wconf 87' lang='lat' dir='ltr'>ad</span> <span class='ocrx_word' id='word_1_13' title='bbox 193 310 364 338; x_wconf 86' lang='lat' dir='ltr'>versum</span> <span class='ocrx_word' id='word_1_14' title='bbox 404 288 545 348; x_wconf 84' lang='lat' dir='ltr'>neque</span> <span class='ocrx_word' id='word_1_15' title='bbox 584 296 641 336; x_wconf 88' lang='lat' dir='ltr'>ad</span> <span class='ocrx_word' id='word_1_16' title='bbox 678 294 1005 347; x_wconf 75' lang='lat' dir='ltr'>grammaticam</span> <span class='ocrx_word' id='word_1_17' title='bbox 1045 296 1087 334; x_wconf 89' lang='lat' dir='ltr'>et</span> <span class='ocrx_word' id='word_1_18' title='bbox 1135 293 1221 333; x_wconf 77' lang='lat' dir='ltr'>vim</span> <span class='ocrx_word' id='word_1_19' title='bbox 1267 293 1499 334; x_wconf 85' lang='lat' dir='ltr'>verborum</span> <span class='ocrx_word' id='word_1_20' title='bbox 1546 294 1688 333; x_wconf 88' lang='lat' dir='ltr'>atten-</span> 
     </span>
     <span class='ocr_line' id='line_1_4' title="bbox 100 365 743 420; baseline -0.006 -11"><span class='ocrx_word' id='word_1_21' title='bbox 100 368 268 415; x_wconf 88' lang='lat' dir='ltr'>derunt,</span> <span class='ocrx_word' id='word_1_22' title='bbox 303 367 374 420; x_wconf 87' lang='lat' dir='ltr'>qui</span> <span class='ocrx_word' id='word_1_23' title='bbox 406 366 450 407; x_wconf 90' lang='lat' dir='ltr'>in</span> <span class='ocrx_word' id='word_1_24' title='bbox 480 366 546 406; x_wconf 92' lang='lat' dir='ltr'>his</span> <span class='ocrx_word' id='word_1_25' title='bbox 578 365 743 406; x_wconf 85' lang='lat' dir='ltr'>verbis:</span> 
     </span>
     <span class='ocr_line' id='line_1_5' title="bbox 1073 437 1235 488; baseline 0 -13"><span class='ocrx_word' id='word_1_26' title='bbox 1073 437 1235 488; x_wconf 90' lang='lat' dir='ltr'>quanta</span> 
     </span>
     <span class='ocr_line' id='line_1_6' title="bbox 350 505 1430 560; baseline -0.002 -13"><span class='ocrx_word' id='word_1_27' title='bbox 350 506 584 560; x_wconf 78' lang='lat' dir='ltr'>poplitibus</span> <span class='ocrx_word' id='word_1_28' title='bbox 616 506 777 555; x_wconf 89' lang='lat' dir='ltr'>sedeat,</span> <span class='ocrx_word' id='word_1_29' title='bbox 813 519 942 558; x_wconf 86' lang='lat' dir='ltr'>quam</span> <span class='ocrx_word' id='word_1_30' title='bbox 976 506 1110 547; x_wconf 89' lang='lat' dir='ltr'>denso</span> <span class='ocrx_word' id='word_1_31' title='bbox 1143 505 1277 547; x_wconf 87' lang='lat' dir='ltr'>fascia</span> <span class='ocrx_word' id='word_1_32' title='bbox 1309 505 1430 554; x_wconf 88' lang='lat' dir='ltr'>libro,</span> 
     </span>
    </p>
   </div>
   <div class='ocr_carea' id='block_1_3' title="bbox 99 611 1696 2009">
    <p class='ocr_par' dir='ltr' id='par_1_3' title="bbox 99 611 1696 2009">
     <span class='ocr_line' id='line_1_7' title="bbox 100 611 1690 663; baseline -0.003 -8"><span class='ocrx_word' id='word_1_33' title='bbox 100 617 175 655; x_wconf 87' lang='lat' dir='ltr'>aut</span> <span class='ocrx_word' id='word_1_34' title='bbox 206 627 292 654; x_wconf 91' lang='lat' dir='ltr'>non</span> <span class='ocrx_word' id='word_1_35' title='bbox 325 613 535 659; x_wconf 84' lang='lat' dir='ltr'>viderunt,</span> <span class='ocrx_word' id='word_1_36' title='bbox 569 612 625 652; x_wconf 92' lang='lat' dir='ltr'>ad</span> <span class='ocrx_word' id='word_1_37' title='bbox 656 624 806 652; x_wconf 83' lang='lat' dir='ltr'>vocem</span> <span class='ocrx_word' id='word_1_38' title='bbox 836 611 977 663; x_wconf 74' lang='lat' dir='ltr'>fuscia</span> <span class='ocrx_word' id='word_1_39' title='bbox 1008 613 1190 653; x_wconf 82' lang='lat' dir='ltr'>verbum</span> <span class='ocrx_word' id='word_1_40' title='bbox 1222 625 1309 653; x_wconf 91' lang='lat' dir='ltr'>non</span> <span class='ocrx_word' id='word_1_41' title='bbox 1347 611 1555 652; x_wconf 89' lang='lat' dir='ltr'>omissum</span> <span class='ocrx_word' id='word_1_42' title='bbox 1596 623 1690 650; x_wconf 90' lang='lat' dir='ltr'>esse</span> 
     </span>
     <span class='ocr_line' id='line_1_8' title="bbox 100 680 1691 737; baseline -0.002 -13"><span class='ocrx_word' id='word_1_43' title='bbox 100 697 238 737; x_wconf 90' lang='lat' dir='ltr'>posse,</span> <span class='ocrx_word' id='word_1_44' title='bbox 288 683 402 736; x_wconf 88' lang='lat' dir='ltr'>quod</span> <span class='ocrx_word' id='word_1_45' title='bbox 441 683 483 723; x_wconf 91' lang='lat' dir='ltr'>in</span> <span class='ocrx_word' id='word_1_46' title='bbox 515 682 729 734; x_wconf 80' lang='lat' dir='ltr'>prioribus</span> <span class='ocrx_word' id='word_1_47' title='bbox 761 682 967 723; x_wconf 89' lang='lat' dir='ltr'>membris</span> <span class='ocrx_word' id='word_1_48' title='bbox 1001 682 1267 735; x_wconf 74' lang='lat' dir='ltr'>exprimatur</span> <span class='ocrx_word' id='word_1_49' title='bbox 1299 681 1364 735; x_wconf 92' lang='lat' dir='ltr'>(ut</span> <span class='ocrx_word' id='word_1_50' title='bbox 1394 681 1569 730; x_wconf 80' lang='lat' dir='ltr'>Weber,</span> <span class='ocrx_word' id='word_1_51' title='bbox 1618 680 1691 732; x_wconf 87' lang='lat' dir='ltr'>qui</span> 
     </span>
     <span class='ocr_line' id='line_1_9' title="bbox 100 751 1690 807; baseline -0.002 -12"><span class='ocrx_word' id='word_1_52' title='bbox 100 754 472 807; x_wconf 88' lang='lat' dir='ltr'>languidissimum</span> <span class='ocrx_word' id='word_1_53' title='bbox 527 753 590 793; x_wconf 65' lang='lat' dir='ltr'>illi</span> <span class='ocrx_word' id='word_1_54' title='bbox 647 752 759 793; x_wconf 77' lang='lat' dir='ltr'>adsit</span> <span class='ocrx_word' id='word_1_55' title='bbox 804 753 929 794; x_wconf 91' lang='lat' dir='ltr'>nobis</span> <span class='ocrx_word' id='word_1_56' title='bbox 983 752 1215 805; x_wconf 76' lang='lat' dir='ltr'>obtrudit),</span> <span class='ocrx_word' id='word_1_57' title='bbox 1271 753 1348 794; x_wconf 91' lang='lat' dir='ltr'>sed</span> <span class='ocrx_word' id='word_1_58' title='bbox 1404 751 1690 805; x_wconf 91' lang='lat' dir='ltr'>repetendum</span> 
     </span>
     <span class='ocr_line' id='line_1_10' title="bbox 100 822 1691 876; baseline -0.003 -10"><span class='ocrx_word' id='word_1_59' title='bbox 100 825 251 873; x_wconf 81' lang='lat' dir='ltr'>sedeat,</span> <span class='ocrx_word' id='word_1_60' title='bbox 299 827 386 872; x_wconf 90' lang='lat' dir='ltr'>aut,</span> <span class='ocrx_word' id='word_1_61' title='bbox 434 824 515 865; x_wconf 89' lang='lat' dir='ltr'>hoc</span> <span class='ocrx_word' id='word_1_62' title='bbox 554 823 783 873; x_wconf 89' lang='lat' dir='ltr'>intellecto,</span> <span class='ocrx_word' id='word_1_63' title='bbox 830 836 917 864; x_wconf 91' lang='lat' dir='ltr'>non</span> <span class='ocrx_word' id='word_1_64' title='bbox 956 827 1195 873; x_wconf 86' lang='lat' dir='ltr'>senserunt,</span> <span class='ocrx_word' id='word_1_65' title='bbox 1243 836 1330 865; x_wconf 90' lang='lat' dir='ltr'>non</span> <span class='ocrx_word' id='word_1_66' title='bbox 1361 836 1488 876; x_wconf 92' lang='lat' dir='ltr'>posse</span> <span class='ocrx_word' id='word_1_67' title='bbox 1521 822 1691 863; x_wconf 82' lang='lat' dir='ltr'>diversa</span> 
     </span>
     <span class='ocr_line' id='line_1_11' title="bbox 102 892 1690 946; baseline -0.002 -10"><span class='ocrx_word' id='word_1_68' title='bbox 102 909 195 937; x_wconf 90' lang='lat' dir='ltr'>esse</span> <span class='ocrx_word' id='word_1_69' title='bbox 233 895 360 936; x_wconf 91' lang='lat' dir='ltr'>huius</span> <span class='ocrx_word' id='word_1_70' title='bbox 400 894 518 935; x_wconf 83' lang='lat' dir='ltr'>verbi</span> <span class='ocrx_word' id='word_1_71' title='bbox 559 894 766 943; x_wconf 88' lang='lat' dir='ltr'>subiecta,</span> <span class='ocrx_word' id='word_1_72' title='bbox 815 894 893 935; x_wconf 91' lang='lat' dir='ltr'>sed</span> <span class='ocrx_word' id='word_1_73' title='bbox 931 907 1066 934; x_wconf 90' lang='lat' dir='ltr'>unum</span> <span class='ocrx_word' id='word_1_74' title='bbox 1105 893 1334 946; x_wconf 78' lang='lat' dir='ltr'>(fasciam),</span> <span class='ocrx_word' id='word_1_75' title='bbox 1382 906 1461 934; x_wconf 91' lang='lat' dir='ltr'>nec</span> <span class='ocrx_word' id='word_1_76' title='bbox 1509 892 1690 933; x_wconf 81' lang='lat' dir='ltr'>verbum</span> 
     </span>
     <span class='ocr_line' id='line_1_12' title="bbox 100 964 1692 1020; baseline -0.001 -13"><span class='ocrx_word' id='word_1_77' title='bbox 100 967 240 1020; x_wconf 86' lang='lat' dir='ltr'>priore</span> <span class='ocrx_word' id='word_1_78' title='bbox 272 966 365 1007; x_wconf 92' lang='lat' dir='ltr'>loco</span> <span class='ocrx_word' id='word_1_79' title='bbox 398 965 521 1006; x_wconf 88' lang='lat' dir='ltr'>aliter</span> <span class='ocrx_word' id='word_1_80' title='bbox 553 965 667 1017; x_wconf 88' lang='lat' dir='ltr'>poni,</span> <span class='ocrx_word' id='word_1_81' title='bbox 709 965 863 1005; x_wconf 87' lang='lat' dir='ltr'>deinde</span> <span class='ocrx_word' id='word_1_82' title='bbox 895 964 979 1006; x_wconf 91' lang='lat' dir='ltr'>alio</span> <span class='ocrx_word' id='word_1_83' title='bbox 1012 978 1142 1005; x_wconf 88' lang='lat' dir='ltr'>sensu</span> <span class='ocrx_word' id='word_1_84' title='bbox 1181 965 1331 1017; x_wconf 89' lang='lat' dir='ltr'>repeti.</span> <span class='ocrx_word' id='word_1_85' title='bbox 1394 966 1544 1017; x_wconf 87' lang='lat' dir='ltr'>ltaque</span> <span class='ocrx_word' id='word_1_86' title='bbox 1576 966 1692 1005; x_wconf 88' lang='lat' dir='ltr'>recte</span> 
     </span>
     <span class='ocr_line' id='line_1_13' title="bbox 100 1034 1690 1091; baseline -0.001 -14"><span class='ocrx_word' id='word_1_87' title='bbox 100 1037 251 1078; x_wconf 91' lang='lat' dir='ltr'>Manso</span> <span class='ocrx_word' id='word_1_88' title='bbox 282 1037 326 1077; x_wconf 89' lang='lat' dir='ltr'>in</span> <span class='ocrx_word' id='word_1_89' title='bbox 357 1036 450 1077; x_wconf 93' lang='grc'>1000</span> <span class='ocrx_word' id='word_1_90' title='bbox 482 1038 633 1088; x_wconf 91' lang='lat' dir='ltr'>aperto</span> <span class='ocrx_word' id='word_1_91' title='bbox 665 1036 746 1077; x_wconf 90' lang='lat' dir='ltr'>hoc</span> <span class='ocrx_word' id='word_1_92' title='bbox 778 1036 860 1076; x_wconf 89' lang='lat' dir='ltr'>dici</span> <span class='ocrx_word' id='word_1_93' title='bbox 891 1035 1016 1076; x_wconf 81' lang='lat' dir='ltr'>vidit:</span> <span class='ocrx_word' id='word_1_94' title='bbox 1051 1041 1222 1090; x_wconf 73' lang='lat' dir='ltr'>quanta,</span> <span class='ocrx_word' id='word_1_95' title='bbox 1257 1050 1380 1091; x_wconf 78' lang='lat' dir='ltr'>quam</span> <span class='ocrx_word' id='word_1_96' title='bbox 1414 1036 1538 1076; x_wconf 77' lang='lat' dir='ltr'>denso</span> <span class='ocrx_word' id='word_1_97' title='bbox 1571 1034 1690 1086; x_wconf 72' lang='lat' dir='ltr'>libro,</span> 
     </span>
     <span class='ocr_line' id='line_1_14' title="bbox 99 1105 1692 1160; baseline -0.002 -12"><span class='ocrx_word' id='word_1_98' title='bbox 99 1107 239 1160; x_wconf 75' lang='lat' dir='ltr'>fascia</span> <span class='ocrx_word' id='word_1_99' title='bbox 285 1107 424 1148; x_wconf 79' lang='lat' dir='ltr'>sedeat</span> <span class='ocrx_word' id='word_1_100' title='bbox 469 1106 704 1160; x_wconf 70' lang='lat' dir='ltr'>poplitibus,</span> <span class='ocrx_word' id='word_1_101' title='bbox 754 1109 801 1147; x_wconf 92' lang='lat' dir='ltr'>ut</span> <span class='ocrx_word' id='word_1_102' title='bbox 846 1106 952 1147; x_wconf 90' lang='lat' dir='ltr'>illud</span> <span class='ocrx_word' id='word_1_103' title='bbox 991 1111 1147 1160; x_wconf 74' lang='lat' dir='ltr'>quanta</span> <span class='ocrx_word' id='word_1_104' title='bbox 1191 1106 1345 1147; x_wconf 89' lang='lat' dir='ltr'>deinde</span> <span class='ocrx_word' id='word_1_105' title='bbox 1385 1105 1692 1159; x_wconf 69' lang='lat' dir='ltr'>amplificetur,</span> 
     </span>
     <span class='ocr_line' id='line_1_15' title="bbox 102 1176 1691 1230; baseline -0.001 -11"><span class='ocrx_word' id='word_1_106' title='bbox 102 1190 228 1230; x_wconf 89' lang='lat' dir='ltr'>quem</span> <span class='ocrx_word' id='word_1_107' title='bbox 263 1180 412 1218; x_wconf 88' lang='lat' dir='ltr'>contra</span> <span class='ocrx_word' id='word_1_108' title='bbox 443 1177 502 1218; x_wconf 90' lang='lat' dir='ltr'>ita</span> <span class='ocrx_word' id='word_1_109' title='bbox 534 1177 769 1229; x_wconf 89' lang='lat' dir='ltr'>Rupertius</span> <span class='ocrx_word' id='word_1_110' title='bbox 813 1180 856 1218; x_wconf 89' lang='lat' dir='ltr'>et</span> <span class='ocrx_word' id='word_1_111' title='bbox 886 1177 1048 1218; x_wconf 58' lang='lat' dir='ltr'>WVeber</span> <span class='ocrx_word' id='word_1_112' title='bbox 1086 1180 1292 1230; x_wconf 81' lang='lat' dir='ltr'>pugnant,</span> <span class='ocrx_word' id='word_1_113' title='bbox 1342 1181 1389 1218; x_wconf 92' lang='lat' dir='ltr'>ut</span> <span class='ocrx_word' id='word_1_114' title='bbox 1416 1190 1511 1218; x_wconf 89' lang='lat' dir='ltr'>-non</span> <span class='ocrx_word' id='word_1_115' title='bbox 1553 1176 1691 1217; x_wconf 90' lang='lat' dir='ltr'>solum</span> 
     </span>
     <span class='ocr_line' id='line_1_16' title="bbox 102 1247 1691 1300; baseline 0 -12"><span class='ocrx_word' id='word_1_116' title='bbox 102 1249 155 1289; x_wconf 88' lang='lat' dir='ltr'>de</span> <span class='ocrx_word' id='word_1_117' title='bbox 187 1249 418 1289; x_wconf 81' lang='lat' dir='ltr'>verborum</span> <span class='ocrx_word' id='word_1_118' title='bbox 450 1248 649 1288; x_wconf 89' lang='lat' dir='ltr'>iunctura</span> <span class='ocrx_word' id='word_1_119' title='bbox 680 1248 785 1288; x_wconf 88' lang='lat' dir='ltr'>nihil</span> <span class='ocrx_word' id='word_1_120' title='bbox 818 1247 975 1297; x_wconf 80' lang='lat' dir='ltr'>dicant,</span> <span class='ocrx_word' id='word_1_121' title='bbox 1016 1248 1094 1288; x_wconf 91' lang='lat' dir='ltr'>sed</span> <span class='ocrx_word' id='word_1_122' title='bbox 1125 1261 1179 1288; x_wconf 92' lang='lat' dir='ltr'>ne</span> <span class='ocrx_word' id='word_1_123' title='bbox 1211 1248 1253 1288; x_wconf 90' lang='lat' dir='ltr'>id</span> <span class='ocrx_word' id='word_1_124' title='bbox 1287 1248 1462 1300; x_wconf 83' lang='lat' dir='ltr'>quidem</span> <span class='ocrx_word' id='word_1_125' title='bbox 1495 1248 1691 1288; x_wconf 82' lang='lat' dir='ltr'>doceant.</span> 
     </span>
     <span class='ocr_line' id='line_1_17' title="bbox 101 1317 1692 1373; baseline -0.001 -14"><span class='ocrx_word' id='word_1_126' title='bbox 101 1319 175 1360; x_wconf 91' lang='lat' dir='ltr'>ubi</span> <span class='ocrx_word' id='word_1_127' title='bbox 199 1318 429 1373; x_wconf 71' lang='lat' dir='ltr'>poplitibus</span> <span class='ocrx_word' id='word_1_128' title='bbox 459 1318 600 1359; x_wconf 78' lang='lat' dir='ltr'>sedere</span> <span class='ocrx_word' id='word_1_129' title='bbox 631 1318 686 1359; x_wconf 88' lang='lat' dir='ltr'>sit</span> <span class='ocrx_word' id='word_1_130' title='bbox 710 1318 939 1372; x_wconf 70' lang='lat' dir='ltr'>poplitibus</span> <span class='ocrx_word' id='word_1_131' title='bbox 969 1332 1009 1359; x_wconf 82' lang='lat' dir='ltr'>se</span> <span class='ocrx_word' id='word_1_132' title='bbox 1040 1320 1224 1372; x_wconf 71' lang='lat' dir='ltr'>excipere</span> <span class='ocrx_word' id='word_1_133' title='bbox 1257 1318 1354 1371; x_wconf 89' lang='lat' dir='ltr'>(etsi</span> <span class='ocrx_word' id='word_1_134' title='bbox 1381 1318 1555 1365; x_wconf 80' lang='lat' dir='ltr'>Weber,</span> <span class='ocrx_word' id='word_1_135' title='bbox 1590 1317 1692 1369; x_wconf 82' lang='lat' dir='ltr'>quid</span> 
     </span>
     <span class='ocr_line' id='line_1_18' title="bbox 102 1388 1695 1442; baseline -0.002 -11"><span class='ocrx_word' id='word_1_136' title='bbox 102 1390 235 1431; x_wconf 85' lang='lat' dir='ltr'>verba</span> <span class='ocrx_word' id='word_1_137' title='bbox 268 1389 518 1442; x_wconf 82' lang='lat' dir='ltr'>significent,</span> <span class='ocrx_word' id='word_1_138' title='bbox 566 1389 781 1442; x_wconf 85' lang='lat' dir='ltr'>ignorans,</span> <span class='ocrx_word' id='word_1_139' title='bbox 830 1389 999 1430; x_wconf 82' lang='lat' dir='ltr'>videtur</span> <span class='ocrx_word' id='word_1_140' title='bbox 1031 1389 1225 1442; x_wconf 89' lang='lat' dir='ltr'>accipere</span> <span class='ocrx_word' id='word_1_141' title='bbox 1258 1403 1335 1442; x_wconf 93' lang='lat' dir='ltr'>pro</span> <span class='ocrx_word' id='word_1_142' title='bbox 1369 1403 1432 1438; x_wconf 91' lang='lat' dir='ltr'>eo,</span> <span class='ocrx_word' id='word_1_143' title='bbox 1482 1388 1597 1441; x_wconf 88' lang='lat' dir='ltr'>quod</span> <span class='ocrx_word' id='word_1_144' title='bbox 1630 1391 1695 1429; x_wconf 91' lang='lat' dir='ltr'>est</span> 
     </span>
     <span class='ocr_line' id='line_1_19' title="bbox 102 1459 1692 1515; baseline -0.002 -13"><span class='ocrx_word' id='word_1_145' title='bbox 102 1466 214 1502; x_wconf 82' lang='lat' dir='ltr'>stare</span> <span class='ocrx_word' id='word_1_146' title='bbox 238 1461 421 1515; x_wconf 80' lang='lat' dir='ltr'>proiecto</span> <span class='ocrx_word' id='word_1_147' title='bbox 446 1459 584 1514; x_wconf 77' lang='lat' dir='ltr'>pede),</span> <span class='ocrx_word' id='word_1_148' title='bbox 625 1473 704 1501; x_wconf 91' lang='lat' dir='ltr'>nec</span> <span class='ocrx_word' id='word_1_149' title='bbox 737 1460 936 1513; x_wconf 83' lang='lat' dir='ltr'>cogitent,</span> <span class='ocrx_word' id='word_1_150' title='bbox 986 1461 1059 1512; x_wconf 89' lang='lat' dir='ltr'>qui</span> <span class='ocrx_word' id='word_1_151' title='bbox 1090 1461 1171 1501; x_wconf 92' lang='lat' dir='ltr'>hoc</span> <span class='ocrx_word' id='word_1_152' title='bbox 1203 1463 1320 1501; x_wconf 88' lang='lat' dir='ltr'>statu</span> <span class='ocrx_word' id='word_1_153' title='bbox 1353 1463 1542 1509; x_wconf 86' lang='lat' dir='ltr'>utantur,</span> <span class='ocrx_word' id='word_1_154' title='bbox 1592 1472 1692 1500; x_wconf 88' lang='lat' dir='ltr'>con-</span> 
     </span>
     <span class='ocr_line' id='line_1_20' title="bbox 103 1531 1696 1584; baseline -0.001 -12"><span class='ocrx_word' id='word_1_155' title='bbox 103 1532 274 1573; x_wconf 88' lang='lat' dir='ltr'>trahere</span> <span class='ocrx_word' id='word_1_156' title='bbox 306 1544 352 1572; x_wconf 91' lang='lat' dir='ltr'>se</span> <span class='ocrx_word' id='word_1_157' title='bbox 385 1545 435 1572; x_wconf 88' lang='lat' dir='ltr'>ac</span> <span class='ocrx_word' id='word_1_158' title='bbox 467 1532 653 1573; x_wconf 89' lang='lat' dir='ltr'>minores</span> <span class='ocrx_word' id='word_1_159' title='bbox 687 1532 842 1581; x_wconf 85' lang='lat' dir='ltr'>facere,</span> <span class='ocrx_word' id='word_1_160' title='bbox 890 1544 978 1572; x_wconf 89' lang='lat' dir='ltr'>non</span> <span class='ocrx_word' id='word_1_161' title='bbox 1018 1531 1083 1584; x_wconf 88' lang='lat' dir='ltr'>(ut</span> <span class='ocrx_word' id='word_1_162' title='bbox 1122 1531 1179 1572; x_wconf 93' lang='lat' dir='ltr'>illi</span> <span class='ocrx_word' id='word_1_163' title='bbox 1218 1534 1398 1572; x_wconf 88' lang='lat' dir='ltr'>narrant</span> <span class='ocrx_word' id='word_1_164' title='bbox 1436 1534 1480 1572; x_wconf 89' lang='lat' dir='ltr'>et</span> <span class='ocrx_word' id='word_1_165' title='bbox 1517 1543 1696 1572; x_wconf 88' lang='lat' dir='ltr'>narrare</span> 
     </span>
     <span class='ocr_line' id='line_1_21' title="bbox 104 1601 1696 1657; baseline -0.001 -13"><span class='ocrx_word' id='word_1_166' title='bbox 104 1605 314 1655; x_wconf 88' lang='lat' dir='ltr'>coguntur</span> <span class='ocrx_word' id='word_1_167' title='bbox 346 1605 521 1656; x_wconf 87' lang='lat' dir='ltr'>propter</span> <span class='ocrx_word' id='word_1_168' title='bbox 552 1616 702 1644; x_wconf 73' lang='lat' dir='ltr'>vocem</span> <span class='ocrx_word' id='word_1_169' title='bbox 735 1601 910 1657; x_wconf 71' lang='lat' dir='ltr'>quanta)</span> <span class='ocrx_word' id='word_1_170' title='bbox 945 1602 1130 1643; x_wconf 83' lang='lat' dir='ltr'>extendi.</span> <span class='ocrx_word' id='word_1_171' title='bbox 1195 1602 1446 1643; x_wconf 81' lang='lat' dir='ltr'>Gravissimi</span> <span class='ocrx_word' id='word_1_172' title='bbox 1489 1615 1541 1643; x_wconf 83' lang='lat' dir='ltr'>ex</span> <span class='ocrx_word' id='word_1_173' title='bbox 1579 1601 1696 1642; x_wconf 89' lang='lat' dir='ltr'>mala</span> 
     </span>
     <span class='ocr_line' id='line_1_22' title="bbox 104 1673 1695 1726; baseline -0.001 -12"><span class='ocrx_word' id='word_1_174' title='bbox 104 1674 333 1714; x_wconf 81' lang='lat' dir='ltr'>verborum</span> <span class='ocrx_word' id='word_1_175' title='bbox 367 1673 664 1714; x_wconf 86' lang='lat' dir='ltr'>coniunctione</span> <span class='ocrx_word' id='word_1_176' title='bbox 704 1686 870 1714; x_wconf 88' lang='lat' dir='ltr'>errores</span> <span class='ocrx_word' id='word_1_177' title='bbox 911 1673 991 1714; x_wconf 90' lang='lat' dir='ltr'>orti</span> <span class='ocrx_word' id='word_1_178' title='bbox 1031 1676 1131 1714; x_wconf 91' lang='lat' dir='ltr'>sunt</span> <span class='ocrx_word' id='word_1_179' title='bbox 1167 1673 1210 1713; x_wconf 91' lang='lat' dir='ltr'>in</span> <span class='ocrx_word' id='word_1_180' title='bbox 1250 1673 1446 1726; x_wconf 81' lang='lat' dir='ltr'>septimae</span> <span class='ocrx_word' id='word_1_181' title='bbox 1479 1673 1623 1714; x_wconf 80' lang='lat' dir='ltr'>satirae</span> <span class='ocrx_word' id='word_1_182' title='bbox 1655 1686 1695 1712; x_wconf 67' lang='grc'>1.</span> 
     </span>
     <span class='ocr_line' id='line_1_23' title="bbox 109 1744 885 1797; baseline 0 -13"><span class='ocrx_word' id='word_1_183' title='bbox 109 1745 190 1785; x_wconf 77' lang='grc'>175</span> <span class='ocrx_word' id='word_1_184' title='bbox 223 1758 329 1797; x_wconf 84' lang='lat' dir='ltr'>sqq..</span> <span class='ocrx_word' id='word_1_185' title='bbox 364 1744 437 1784; x_wconf 91' lang='lat' dir='ltr'>ubi</span> <span class='ocrx_word' id='word_1_186' title='bbox 468 1744 529 1785; x_wconf 87' lang='lat' dir='ltr'>ita</span> <span class='ocrx_word' id='word_1_187' title='bbox 561 1744 767 1796; x_wconf 87' lang='lat' dir='ltr'>scriptum</span> <span class='ocrx_word' id='word_1_188' title='bbox 801 1747 885 1785; x_wconf 89' lang='lat' dir='ltr'>est:</span> 
     </span>
     <span class='ocr_line' id='line_1_24' title="bbox 1088 1815 1241 1863; baseline 0.007 -8"><span class='ocrx_word' id='word_1_189' title='bbox 1088 1815 1241 1863; x_wconf 82' lang='lat' dir='ltr'>Tenta,</span> 
     </span>
     <span class='ocr_line' id='line_1_25' title="bbox 318 1885 1455 1939; baseline 0.001 -13"><span class='ocrx_word' id='word_1_190' title='bbox 318 1885 622 1939; x_wconf 83' lang='lat' dir='ltr'>Chrysogonus</span> <span class='ocrx_word' id='word_1_191' title='bbox 654 1886 802 1938; x_wconf 87' lang='lat' dir='ltr'>quanti</span> <span class='ocrx_word' id='word_1_192' title='bbox 837 1885 1003 1932; x_wconf 82' lang='lat' dir='ltr'>doceat,</span> <span class='ocrx_word' id='word_1_193' title='bbox 1037 1886 1105 1926; x_wconf 83' lang='lat' dir='ltr'>vel</span> <span class='ocrx_word' id='word_1_194' title='bbox 1136 1886 1271 1927; x_wconf 89' lang='lat' dir='ltr'>Pollio</span> <span class='ocrx_word' id='word_1_195' title='bbox 1305 1887 1455 1938; x_wconf 89' lang='lat' dir='ltr'>quanti</span> 
     </span>
     <span class='ocr_line' id='line_1_26' title="bbox 318 1957 1425 2009; baseline 0.001 -12"><span class='ocrx_word' id='word_1_196' title='bbox 318 1957 555 1997; x_wconf 86' lang='lat' dir='ltr'>Lautorum</span> <span class='ocrx_word' id='word_1_197' title='bbox 586 1970 756 2009; x_wconf 88' lang='lat' dir='ltr'>pueros,</span> <span class='ocrx_word' id='word_1_198' title='bbox 791 1960 929 1998; x_wconf 87' lang='lat' dir='ltr'>artem</span> <span class='ocrx_word' id='word_1_199' title='bbox 962 1957 1161 1998; x_wconf 90' lang='lat' dir='ltr'>scindens</span> <span class='ocrx_word' id='word_1_200' title='bbox 1195 1957 1425 1998; x_wconf 91' lang='lat' dir='ltr'>Theodori.</span> 
     </span>
    </p>
   </div>
   <div class='ocr_carea' id='block_1_4' title="bbox 106 2054 1699 2186">
    <p class='ocr_par' dir='ltr' id='par_1_4' title="bbox 106 2054 1699 2186">
     <span class='ocr_line' id='line_1_27' title="bbox 224 2054 1697 2115; baseline 0 -13"><span class='ocrx_word' id='word_1_201' title='bbox 224 2062 359 2102; x_wconf 89' lang='lat' dir='ltr'>Poeta</span> <span class='ocrx_word' id='word_1_202' title='bbox 383 2063 601 2104; x_wconf 86' lang='lat' dir='ltr'>rhetorem</span> <span class='ocrx_word' id='word_1_203' title='bbox 630 2063 872 2115; x_wconf 80' lang='lat' dir='ltr'>alloquitur,</span> <span class='ocrx_word' id='word_1_204' title='bbox 906 2076 1036 2115; x_wconf 87' lang='lat' dir='ltr'>quem</span> <span class='ocrx_word' id='word_1_205' title='bbox 1068 2063 1215 2104; x_wconf 90' lang='lat' dir='ltr'>schola</span> <span class='ocrx_word' id='word_1_206' title='bbox 1238 2063 1307 2103; x_wconf 82' lang='lat' dir='ltr'>vix</span> <span class='ocrx_word' id='word_1_207' title='bbox 1330 2060 1477 2115; x_wconf 68' lang='lat' dir='ltr'>alatl),</span> <span class='ocrx_word' id='word_1_208' title='bbox 1512 2054 1697 2115; x_wconf 82' lang='lat' dir='ltr'>eumque</span> 
     </span>
     <span class='ocr_line' id='line_1_28' title="bbox 106 2132 1699 2186; baseline 0.001 -13"><span class='ocrx_word' id='word_1_209' title='bbox 106 2132 239 2181; x_wconf 90' lang='lat' dir='ltr'>iubet,</span> <span class='ocrx_word' id='word_1_210' title='bbox 273 2135 440 2174; x_wconf 89' lang='lat' dir='ltr'>mutata</span> <span class='ocrx_word' id='word_1_211' title='bbox 472 2136 577 2177; x_wconf 78' lang='lat' dir='ltr'>arte,</span> <span class='ocrx_word' id='word_1_212' title='bbox 612 2136 779 2174; x_wconf 90' lang='lat' dir='ltr'>tentare</span> <span class='ocrx_word' id='word_1_213' title='bbox 812 2132 916 2185; x_wconf 90' lang='lat' dir='ltr'>(non</span> <span class='ocrx_word' id='word_1_214' title='bbox 949 2134 1195 2185; x_wconf 83' lang='lat' dir='ltr'>quaerendo,</span> <span class='ocrx_word' id='word_1_215' title='bbox 1228 2136 1277 2174; x_wconf 92' lang='lat' dir='ltr'>ut</span> <span class='ocrx_word' id='word_1_216' title='bbox 1306 2134 1542 2186; x_wconf 88' lang='lat' dir='ltr'>Rupertius</span> <span class='ocrx_word' id='word_1_217' title='bbox 1568 2146 1699 2186; x_wconf 80' lang='lat' dir='ltr'>expo-</span> 
     </span>
    </p>
   </div>
   <div class='ocr_carea' id='block_1_5' title="bbox 145 2329 1702 2850">
    <p class='ocr_par' dir='ltr' id='par_1_5' title="bbox 145 2329 1702 2850">
     <span class='ocr_line' id='line_1_29' title="bbox 145 2329 1701 2377; baseline 0 -11"><span class='ocrx_word' id='word_1_218' title='bbox 145 2329 173 2374; x_wconf 88' lang='lat'>¹)</span> <span class='ocrx_word' id='word_1_219' title='bbox 199 2332 313 2376; x_wconf 82' lang='lat' dir='ltr'>Vulgo</span> <span class='ocrx_word' id='word_1_220' title='bbox 340 2343 464 2366; x_wconf 86' lang='lat' dir='ltr'>versus</span> <span class='ocrx_word' id='word_1_221' title='bbox 490 2333 692 2377; x_wconf 85' lang='lat' dir='ltr'>superiores</span> <span class='ocrx_word' id='word_1_222' title='bbox 718 2333 802 2367; x_wconf 88' lang='lat' dir='ltr'>inde</span> <span class='ocrx_word' id='word_1_223' title='bbox 828 2333 872 2367; x_wconf 88' lang='lat' dir='ltr'>ab</span> <span class='ocrx_word' id='word_1_224' title='bbox 901 2332 968 2366; x_wconf 88' lang='lat'>166</span> <span class='ocrx_word' id='word_1_225' title='bbox 994 2332 1200 2377; x_wconf 87' lang='lat' dir='ltr'>intelligunt</span> <span class='ocrx_word' id='word_1_226' title='bbox 1217 2334 1261 2368; x_wconf 92' lang='lat' dir='ltr'>de</span> <span class='ocrx_word' id='word_1_227' title='bbox 1278 2334 1433 2375; x_wconf 84' lang='lat' dir='ltr'>rhetore,</span> <span class='ocrx_word' id='word_1_228' title='bbox 1460 2333 1521 2377; x_wconf 88' lang='lat' dir='ltr'>qui</span> <span class='ocrx_word' id='word_1_229' title='bbox 1539 2333 1701 2366; x_wconf 87' lang='lat' dir='ltr'>scholam</span> 
     </span>
     <span class='ocr_line' id='line_1_30' title="bbox 203 2391 1701 2435; baseline -0.001 -10"><span class='ocrx_word' id='word_1_230' title='bbox 203 2391 388 2435; x_wconf 88' lang='lat' dir='ltr'>reliquerit</span> <span class='ocrx_word' id='word_1_231' title='bbox 419 2396 454 2426; x_wconf 89' lang='lat' dir='ltr'>et</span> <span class='ocrx_word' id='word_1_232' title='bbox 485 2392 687 2426; x_wconf 82' lang='lat' dir='ltr'>causidicus</span> <span class='ocrx_word' id='word_1_233' title='bbox 718 2392 834 2426; x_wconf 87' lang='lat' dir='ltr'>factus</span> <span class='ocrx_word' id='word_1_234' title='bbox 866 2393 920 2426; x_wconf 86' lang='lat' dir='ltr'>sit.</span> <span class='ocrx_word' id='word_1_235' title='bbox 979 2393 1114 2426; x_wconf 89' lang='lat' dir='ltr'>Verum</span> <span class='ocrx_word' id='word_1_236' title='bbox 1145 2392 1235 2426; x_wconf 90' lang='lat' dir='ltr'>nihil</span> <span class='ocrx_word' id='word_1_237' title='bbox 1269 2392 1415 2434; x_wconf 81' lang='lat' dir='ltr'>dicitur,</span> <span class='ocrx_word' id='word_1_238' title='bbox 1455 2403 1519 2427; x_wconf 88' lang='lat' dir='ltr'>cur</span> <span class='ocrx_word' id='word_1_239' title='bbox 1558 2394 1595 2427; x_wconf 91' lang='lat' dir='ltr'>in</span> <span class='ocrx_word' id='word_1_240' title='bbox 1633 2391 1701 2425; x_wconf 87' lang='lat' dir='ltr'>hoc</span> 
     </span>
     <span class='ocr_line' id='line_1_31' title="bbox 203 2450 1702 2495; baseline 0.001 -11"><span class='ocrx_word' id='word_1_241' title='bbox 203 2461 297 2484; x_wconf 74' lang='lat' dir='ltr'>novo</span> <span class='ocrx_word' id='word_1_242' title='bbox 323 2450 405 2484; x_wconf 71' lang='lat' dir='ltr'>vitae</span> <span class='ocrx_word' id='word_1_243' title='bbox 431 2462 561 2494; x_wconf 83' lang='lat' dir='ltr'>genere</span> <span class='ocrx_word' id='word_1_244' title='bbox 587 2462 659 2485; x_wconf 90' lang='lat' dir='ltr'>non</span> <span class='ocrx_word' id='word_1_245' title='bbox 686 2455 842 2485; x_wconf 88' lang='lat' dir='ltr'>maneat.</span> <span class='ocrx_word' id='word_1_246' title='bbox 893 2452 1020 2495; x_wconf 87' lang='lat' dir='ltr'>ltaque</span> <span class='ocrx_word' id='word_1_247' title='bbox 1046 2452 1185 2486; x_wconf 85' lang='lat' dir='ltr'>haerent</span> <span class='ocrx_word' id='word_1_248' title='bbox 1211 2456 1274 2486; x_wconf 84' lang='lat' dir='ltr'>aut</span> <span class='ocrx_word' id='word_1_249' title='bbox 1304 2453 1441 2487; x_wconf 87' lang='lat' dir='ltr'>haerere</span> <span class='ocrx_word' id='word_1_250' title='bbox 1474 2452 1621 2493; x_wconf 90' lang='lat' dir='ltr'>debent,</span> <span class='ocrx_word' id='word_1_251' title='bbox 1655 2463 1702 2486; x_wconf 89' lang='lat' dir='ltr'>ne</span> 
     </span>
     <span class='ocr_line' id='line_1_32' title="bbox 204 2509 1701 2555; baseline 0.002 -13"><span class='ocrx_word' id='word_1_252' title='bbox 204 2509 274 2543; x_wconf 88' lang='lat' dir='ltr'>alia</span> <span class='ocrx_word' id='word_1_253' title='bbox 299 2520 593 2551; x_wconf 87' lang='lat' dir='ltr'>commemorem,</span> <span class='ocrx_word' id='word_1_254' title='bbox 620 2510 657 2544; x_wconf 84' lang='lat' dir='ltr'>in</span> <span class='ocrx_word' id='word_1_255' title='bbox 683 2510 860 2554; x_wconf 85' lang='lat' dir='ltr'>particula</span> <span class='ocrx_word' id='word_1_256' title='bbox 886 2512 984 2554; x_wconf 71' lang='lat' dir='ltr'>Eryo</span> <span class='ocrx_word' id='word_1_257' title='bbox 1010 2521 1043 2545; x_wconf 84' lang='lat' dir='ltr'>v.</span> <span class='ocrx_word' id='word_1_258' title='bbox 1073 2511 1152 2553; x_wconf 78' lang='lat'>171,</span> <span class='ocrx_word' id='word_1_259' title='bbox 1180 2512 1223 2545; x_wconf 93' lang='lat' dir='ltr'>de</span> <span class='ocrx_word' id='word_1_260' title='bbox 1249 2522 1322 2555; x_wconf 89' lang='lat' dir='ltr'>qua</span> <span class='ocrx_word' id='word_1_261' title='bbox 1346 2511 1561 2555; x_wconf 85' lang='lat' dir='ltr'>Rupertius:</span> <span class='ocrx_word' id='word_1_262' title='bbox 1598 2523 1701 2554; x_wconf 65' lang='lat' dir='ltr'>„erqo</span> 
     </span>
     <span class='ocr_line' id='line_1_33' title="bbox 204 2568 1698 2614; baseline 0.002 -13"><span class='ocrx_word' id='word_1_263' title='bbox 204 2568 270 2601; x_wconf 86' lang='lat' dir='ltr'>has</span> <span class='ocrx_word' id='word_1_264' title='bbox 295 2568 341 2602; x_wconf 90' lang='lat' dir='ltr'>ob</span> <span class='ocrx_word' id='word_1_265' title='bbox 368 2579 504 2609; x_wconf 86' lang='lat' dir='ltr'>causas,</span> <span class='ocrx_word' id='word_1_266' title='bbox 531 2569 599 2603; x_wconf 91' lang='lat' dir='ltr'>nisi</span> <span class='ocrx_word' id='word_1_267' title='bbox 625 2570 745 2613; x_wconf 85' lang='lat' dir='ltr'>potius</span> <span class='ocrx_word' id='word_1_268' title='bbox 771 2569 908 2603; x_wconf 82' lang='lat' dir='ltr'>dictum</span> <span class='ocrx_word' id='word_1_269' title='bbox 935 2581 999 2613; x_wconf 90' lang='lat' dir='ltr'>pro</span> <span class='ocrx_word' id='word_1_270' title='bbox 1026 2572 1201 2605; x_wconf 80' lang='lat' dir='ltr'>enimvero</span> <span class='ocrx_word' id='word_1_271' title='bbox 1226 2574 1289 2604; x_wconf 83' lang='lat' dir='ltr'>aut</span> <span class='ocrx_word' id='word_1_272' title='bbox 1308 2570 1505 2614; x_wconf 74' lang='lat' dir='ltr'>profecto“.</span> <span class='ocrx_word' id='word_1_273' title='bbox 1544 2571 1620 2604; x_wconf 87' lang='lat' dir='ltr'>Hoc</span> <span class='ocrx_word' id='word_1_274' title='bbox 1647 2574 1698 2604; x_wconf 81' lang='lat' dir='ltr'>est</span> 
     </span>
     <span class='ocr_line' id='line_1_34' title="bbox 205 2627 1701 2671; baseline 0.001 -11"><span class='ocrx_word' id='word_1_275' title='bbox 205 2627 316 2661; x_wconf 83' lang='lat' dir='ltr'>verba</span> <span class='ocrx_word' id='word_1_276' title='bbox 346 2627 592 2671; x_wconf 85' lang='lat' dir='ltr'>interpretari!</span> <span class='ocrx_word' id='word_1_277' title='bbox 643 2629 823 2662; x_wconf 81' lang='lat' dir='ltr'>Iuvenalis</span> <span class='ocrx_word' id='word_1_278' title='bbox 855 2629 1039 2663; x_wconf 86' lang='lat' dir='ltr'>rhetorem</span> <span class='ocrx_word' id='word_1_279' title='bbox 1077 2629 1257 2671; x_wconf 82' lang='lat' dir='ltr'>describit,</span> <span class='ocrx_word' id='word_1_280' title='bbox 1294 2640 1368 2663; x_wconf 91' lang='lat' dir='ltr'>non</span> <span class='ocrx_word' id='word_1_281' title='bbox 1405 2630 1537 2664; x_wconf 85' lang='lat' dir='ltr'>scholae</span> <span class='ocrx_word' id='word_1_282' title='bbox 1569 2629 1701 2663; x_wconf 87' lang='lat' dir='ltr'>valedi-</span> 
     </span>
     <span class='ocr_line' id='line_1_35' title="bbox 205 2686 1702 2733; baseline 0.001 -14"><span class='ocrx_word' id='word_1_283' title='bbox 205 2689 359 2726; x_wconf 82' lang='lat' dir='ltr'>centem,</span> <span class='ocrx_word' id='word_1_284' title='bbox 397 2687 471 2728; x_wconf 88' lang='lat' dir='ltr'>sed,</span> <span class='ocrx_word' id='word_1_285' title='bbox 509 2691 549 2721; x_wconf 90' lang='lat' dir='ltr'>ut</span> <span class='ocrx_word' id='word_1_286' title='bbox 580 2688 785 2721; x_wconf 86' lang='lat' dir='ltr'>mercedem</span> <span class='ocrx_word' id='word_1_287' title='bbox 812 2686 973 2720; x_wconf 87' lang='lat' dir='ltr'>debitam</span> <span class='ocrx_word' id='word_1_288' title='bbox 1006 2698 1027 2721; x_wconf 89' lang='lat' dir='ltr'>a</span> <span class='ocrx_word' id='word_1_289' title='bbox 1057 2692 1160 2732; x_wconf 86' lang='lat' dir='ltr'>patre</span> <span class='ocrx_word' id='word_1_290' title='bbox 1194 2689 1359 2733; x_wconf 86' lang='lat' dir='ltr'>discipuli</span> <span class='ocrx_word' id='word_1_291' title='bbox 1384 2692 1608 2732; x_wconf 80' lang='lat' dir='ltr'>extorqueat,</span> <span class='ocrx_word' id='word_1_292' title='bbox 1647 2699 1702 2721; x_wconf 82' lang='lat' dir='ltr'>ac-</span> 
     </span>
     <span class='ocr_line' id='line_1_36' title="bbox 205 2744 1701 2791; baseline 0.001 -13"><span class='ocrx_word' id='word_1_293' title='bbox 205 2744 342 2778; x_wconf 86' lang='lat' dir='ltr'>tionem</span> <span class='ocrx_word' id='word_1_294' title='bbox 379 2745 416 2778; x_wconf 89' lang='lat' dir='ltr'>in</span> <span class='ocrx_word' id='word_1_295' title='bbox 454 2756 538 2779; x_wconf 91' lang='lat' dir='ltr'>eum</span> <span class='ocrx_word' id='word_1_296' title='bbox 570 2746 759 2780; x_wconf 87' lang='lat' dir='ltr'>instituere</span> <span class='ocrx_word' id='word_1_297' title='bbox 791 2750 967 2781; x_wconf 87' lang='lat' dir='ltr'>coactum.</span> <span class='ocrx_word' id='word_1_298' title='bbox 1019 2747 1123 2790; x_wconf 89' lang='lat' dir='ltr'>Quod</span> <span class='ocrx_word' id='word_1_299' title='bbox 1162 2748 1247 2791; x_wconf 83' lang='lat' dir='ltr'>quia</span> <span class='ocrx_word' id='word_1_300' title='bbox 1284 2759 1430 2782; x_wconf 89' lang='grc'>11000550</span> <span class='ocrx_word' id='word_1_301' title='bbox 1468 2748 1513 2781; x_wconf 85' lang='lat' dir='ltr'>sit</span> <span class='ocrx_word' id='word_1_302' title='bbox 1551 2748 1701 2791; x_wconf 85' lang='lat' dir='ltr'>ipsaque</span> 
     </span>
     <span class='ocr_line' id='line_1_37' title="bbox 206 2799 1701 2850; baseline 0.001 -13"><span class='ocrx_word' id='word_1_303' title='bbox 206 2814 354 2844; x_wconf 88' lang='lat' dir='ltr'>merces,</span> <span class='ocrx_word' id='word_1_304' title='bbox 393 2815 474 2847; x_wconf 85' lang='lat' dir='ltr'>quae</span> <span class='ocrx_word' id='word_1_305' title='bbox 505 2808 607 2838; x_wconf 81' lang='lat' dir='ltr'>tanta</span> <span class='ocrx_word' id='word_1_306' title='bbox 639 2799 805 2838; x_wconf 83' lang='lat' dir='ltr'>molestia</span> <span class='ocrx_word' id='word_1_307' title='bbox 836 2809 986 2847; x_wconf 85' lang='lat' dir='ltr'>constet,</span> <span class='ocrx_word' id='word_1_308' title='bbox 1026 2806 1164 2850; x_wconf 79' lang='lat' dir='ltr'>exigua,</span> <span class='ocrx_word' id='word_1_309' title='bbox 1202 2809 1310 2850; x_wconf 85' lang='lat' dir='ltr'>poeta</span> <span class='ocrx_word' id='word_1_310' title='bbox 1341 2807 1480 2847; x_wconf 84' lang='lat' dir='ltr'>suadet,</span> <span class='ocrx_word' id='word_1_311' title='bbox 1519 2810 1559 2840; x_wconf 92' lang='lat' dir='ltr'>ut</span> <span class='ocrx_word' id='word_1_312' title='bbox 1585 2809 1701 2839; x_wconf 83' lang='lat' dir='ltr'>artem</span> 
     </span>
    </p>
   </div>
   <div class='ocr_carea' id='block_1_6' title="bbox 207 2862 1702 2965">
    <p class='ocr_par' dir='ltr' id='par_1_6' title="bbox 207 2862 1702 2965">
     <span class='ocr_line' id='line_1_38' title="bbox 207 2862 1702 2907; baseline 0.002 -12"><span class='ocrx_word' id='word_1_313' title='bbox 207 2862 338 2896; x_wconf 85' lang='lat' dir='ltr'>mittat.</span> <span class='ocrx_word' id='word_1_314' title='bbox 384 2863 554 2907; x_wconf 87' lang='lat' dir='ltr'>Apparet,</span> <span class='ocrx_word' id='word_1_315' title='bbox 581 2864 703 2897; x_wconf 83' lang='lat' dir='ltr'>omnia</span> <span class='ocrx_word' id='word_1_316' title='bbox 730 2864 773 2897; x_wconf 87' lang='lat' dir='ltr'>de</span> <span class='ocrx_word' id='word_1_317' title='bbox 799 2864 943 2898; x_wconf 89' lang='lat' dir='ltr'>rhetore</span> <span class='ocrx_word' id='word_1_318' title='bbox 969 2865 1183 2899; x_wconf 87' lang='lat' dir='ltr'>scholastico</span> <span class='ocrx_word' id='word_1_319' title='bbox 1211 2865 1290 2906; x_wconf 81' lang='lat' dir='ltr'>dici,</span> <span class='ocrx_word' id='word_1_320' title='bbox 1316 2876 1389 2899; x_wconf 87' lang='lat' dir='ltr'>non</span> <span class='ocrx_word' id='word_1_321' title='bbox 1416 2865 1607 2900; x_wconf 85' lang='lat' dir='ltr'>causidico.</span> <span class='ocrx_word' id='word_1_322' title='bbox 1636 2864 1702 2898; x_wconf 83' lang='lat' dir='ltr'>etsi</span> 
     </span>
     <span class='ocr_line' id='line_1_39' title="bbox 208 2921 803 2965; baseline 0.003 -11"><span class='ocrx_word' id='word_1_323' title='bbox 208 2932 311 2954; x_wconf 83' lang='lat' dir='ltr'>suam</span> <span class='ocrx_word' id='word_1_324' title='bbox 337 2921 413 2965; x_wconf 89' lang='lat' dir='ltr'>ipse</span> <span class='ocrx_word' id='word_1_325' title='bbox 439 2921 539 2955; x_wconf 87' lang='lat' dir='ltr'>litem</span> <span class='ocrx_word' id='word_1_326' title='bbox 565 2922 803 2965; x_wconf 88' lang='lat' dir='ltr'>persequitur.</span> 
     </span>
    </p>
   </div>
   <div class='ocr_carea' id='block_1_7' title="bbox 1720 2081 1754 2105">
    <p class='ocr_par' dir='ltr' id='par_1_7' title="bbox 1720 2081 1754 2105">
     <span class='ocr_line' id='line_1_40' title="bbox 1720 2081 1754 2105; baseline 0 0"><span class='ocrx_word' id='word_1_327' title='bbox 1720 2081 1754 2105; x_wconf 80' lang='lat'>60</span> 
     </span>
    </p>
   </div>
  </div>
 </body>
</html>
