1915 3235
959 101 1043 142 656

203 229 393 282 recipere
425 242 511 270 non
545 229 779 271 dubitavit:
831 230 932 281 Qua?
970 231 1007 271 εἰ
1038 231 1227 285 potentia
1260 235 1315 271 est
1349 230 1604 284 appellanda
1637 254 1691 258 -—
1724 245 1796 285 ap-

198 300 376 353 pelletur
410 301 469 341 ἰέα
501 314 601 341 sane
624 302 829 354 potentia.

321 372 410 413 Iam
444 385 550 424 quos
584 371 636 411 de
670 371 863 412 codicum
889 371 1226 413 dissensionibus
1250 372 1633 425 discrepantiisque
1655 387 1795 427 neque

203 442 305 483 satis
338 442 473 483 libero
507 442 651 484 animo
683 456 824 496 neque
864 443 1100 496 prudenter
1142 445 1184 483 et
1216 443 1431 484 Subtiliter·
1460 443 1672 485 iudicasse
1705 445 1793 486 exi-

203 513 342 563 stimo,
377 514 552 555 eosdem
584 527 670 555 non
703 514 862 555 mirum
895 516 972 563 est,
1016 513 1051 554 si
1077 513 1250 566 quando
1284 514 1566 555 consentienti
1600 515 1795 557 codicum

202 584 425 637 scripturae
459 586 534 626 aut
565 585 608 625 in
641 585 906 626 dissensione
946 585 1146 626 omnibus
1180 584 1400 637 scripturis
1432 585 1542 627 ratio
1575 586 1795 629 adversari

202 655 400 697 videatur
432 660 474 696 et
507 655 762 697 coniecturae
795 669 922 709 opem
955 655 1188 708 postulare,
1239 656 1328 697 eius
1368 669 1508 697 causae
1542 670 1688 710 aequos
1721 661 1796 700 aut

202 726 337 768 bonos
371 726 531 767 iudices
564 727 668 767 mihi
700 740 787 768 non
819 726 966 768 videri.
1022 727 1133 767 Nam
1166 740 1306 779 neque
1339 740 1391 768 ea
1423 731 1679 780 argumenta
1711 729 1794 783 sig-

201 811 355 850 naque,
397 798 554 850 quibus
593 798 850 839 coniecturae
882 798 1117 839 necessitas
1151 798 1485 848 demonstratur,
1526 799 1658 840 libere
1692 813 1793 842 exa—

201 868 380 918 minant,
414 868 599 921 probata
630 868 753 909 firme
777 869 1162 922 comprehendunt,
1196 869 1426 922 potiusque
1449 870 1611 922 quaevis
1637 870 1795 924 effugia

201 940 261 981 ita
307 942 546 989 sectantur,
599 939 721 993 quasi
768 953 987 981 summum
1035 941 1090 982 sit
1138 940 1428 981 coniecturam
1477 940 1659 992 evitare,
1707 955 1792 983 non

202 1024 350 1051 verum
383 1010 587 1061 invenire,
636 1011 853 1052 interdum
894 1011 1003 1052 adeo
1035 1011 1304 1052 incredibilia
1337 1012 1516 1064 fingunt,
1565 1014 1613 1053 ut
1644 1013 1793 1054 ludere

200 1084 338 1133 putes,
387 1093 527 1134 neque
566 1082 609 1122 in
642 1081 945 1123 emendatione
978 1082 1279 1134 persequenda
1312 1082 1490 1135 vestigia
1524 1096 1587 1133 ea,
1637 1084 1793 1137 quibus

201 1152 256 1193 ad
288 1152 514 1193 veritatem
547 1153 761 1206 perveniri
794 1155 950 1205 potest,
1000 1157 1074 1193 aut
1112 1154 1238 1194 notas
1282 1166 1368 1203 eas,
1418 1153 1574 1206 quibus
1619 1167 1670 1196 ea
1712 1155 1792 1196 im-

200 1236 350 1275 pressa
382 1224 639 1276 agnoscitur,
688 1226 850 1265 tenent.
912 1224 975 1264 Ac
1014 1223 1315 1264 Buechnerum
1349 1224 1523 1276 quidem
1555 1225 1623 1266 hic
1655 1226 1793 1267 insec-

199 1294 501 1341 tandumnon
533 1297 651 1348 puto,
701 1294 772 1348 qui
805 1294 915 1336 adeo
947 1308 1033 1336 non
1067 1294 1326 1336 exercitatus
1358 1298 1697 1348 praeparatusve,
1747 1299 1794 1338 ut

201 1378 298 1405 eum
338 1365 550 1407 tralaticia
594 1366 788 1407 codicum
831 1366 990 1407 menda
1033 1365 1230 1407 fallerent
1274 1365 1409 1419 (velut
1450 1366 1554 1407 illud
1597 1366 1639 1407 in
1682 1366 1704 1419 ξ
1737 1368 1791 1409 96

200 1436 301 1490 qnid
332 1437 454 1491 quasi
485 1450 562 1490 pro
595 1437 696 1492 quid
729 1436 896 1492 qmeso),
930 1437 1144 1478 malorum
1176 1437 1381 1478 orationis
1413 1436 1641 1479 Roscianae
1675 1439 1791 1480 codi—

201 1520 297 1548 cum
332 1521 496 1549 errores
528 1508 665 1561 longis
696 1508 952 1564 plerumque
984 1508 1216 1549 verborum
1259 1508 1515 1561 ambagibus
1556 1508 1791 1550 defenden-

201 1578 276 1619 dos
310 1579 510 1631 suscepit,
544 1579 653 1620 adeo
686 1579 864 1629 fortiter,
905 1581 952 1620 ut
983 1592 1123 1632 neque
1156 1577 1178 1630 ἓ
1215 1578 1298 1619 104
1338 1578 1556 1620 dubitaret
1590 1592 1792 1621 revocare

201 1649 307 1690 nihil
344 1664 445 1704 opus
481 1650 567 1703 fuit
605 1655 641 1693 te
679 1651 749 1692 ista·
790 1650 956 1691 credere
996 1649 1090 1703 (pro
1129 1650 1221 1690 istic
1258 1649 1430 1702 sedere),
1478 1663 1618 1702 neque
1651 1649 1673 1701 ξ
1710 1651 1790 1692 109

206 1723 444 1769 „vetustam
478 1722 686 1763 formam“
725 1722 856 1762 eiusce
887 1721 1190 1762 reformidaret
1229 1719 1343 1773 (quae
1376 1733 1463 1761 non
1496 1722 1791 1774 exemplorum

200 1791 344 1844 inopia
376 1791 594 1842 refellitur,
644 1792 720 1833 sed
760 1792 875 1845 quod
914 1791 1014 1844 fingi
1053 1791 1170 1833 nullo
1202 1791 1331 1833 modo
1363 1792 1516 1844 potuit,
1566 1806 1698 1845 quum
1731 1793 1794 1834 vis

200 1862 421 1914 particulae
454 1877 496 1903 ce
528 1863 584 1904 ad
622 1864 877 1916 pronomine
918 1863 952 1903 is
990 1862 1235 1915 longissime
1275 1861 1434 1914 distet),
1483 1862 1793 1916 interpretandi

201 1936 345 1974 autem
370 1936 551 1984 tantam,
586 1937 724 1975 artem
748 1934 890 1975 dicam
923 1947 978 1975 an
1011 1934 1269 1975 audaciam?
1302 1934 1458 1984 attulit,
1493 1937 1540 1975 ut
1571 1934 1594 1986 g
1622 1935 1705 1976 104
1728 1935 1795 1976 his

131 2017 162 2040 32
202 2005 364 2046 verbis:
400 2010 441 2045 ut
474 2019 522 2046 ea
554 2005 697 2046 dedita
720 2018 848 2059 opera
872 2019 897 2045 α
919 2004 1031 2045 vobis
1053 2003 1131 2058 (sic
1154 2004 1268 2045 enim
1291 2004 1455 2057 scribit)
1480 2010 1624 2046 contra
1646 2011 1795 2046 vosmet

203 2077 311 2130 ipsos
339 2075 483 2129 facere
519 2076 751 2116 videcmzini
789 2075 1104 2125 „anacoluthon
1140 2075 1370 2116 contineri“
1405 2077 1627 2126 statueret,
1662 2089 1793 2129 quum

203 2146 349 2187 Cicero
383 2147 569 2199 primum
602 2146 790 2188 scribere
829 2146 871 2187 in
911 2146 1055 2187 animo
1095 2145 1338 2187 habuisset:
1384 2146 1481 2199 fieri
1512 2145 1747 2187 videantur.
1762 2143 1794 2198 ¹)

203 2217 360 2258 Verum
394 2218 525 2258 nihilo
558 2217 807 2258 melioribus
846 2217 1035 2258 artificiis
1074 2217 1263 2258 Klotzius
1304 2217 1540 2270 saepissime
1580 2217 1714 2258 utitur
1752 2217 1795 2257 in

204 2287 398 2328 codicum
432 2288 598 2329 mendis
631 2288 926 2337 defendendis,
968 2287 1087 2328 cuius
1126 2287 1187 2328 rei
1228 2288 1312 2329 duo
1344 2288 1481 2328 triave
1515 2288 1712 2340 exempla
1744 2301 1795 2328 ex

203 2370 359 2410 magno
402 2371 582 2400 numero
630 2372 715 2400 non
764 2359 943 2408 delecta,
993 2359 1069 2399 sed
1117 2372 1214 2411 quae
1261 2358 1456 2411 proxima
1505 2371 1550 2399 se
1597 2359 1795 2408 offerunt,

243 2519 272 2563 ¹)
297 2521 429 2555 Orellio
456 2526 552 2565 „tres
578 2523 689 2557 critici
716 2523 847 2567 egregii
874 2523 957 2557 huic
984 2523 1139 2557 orationi
1175 2523 1219 2556 ad
1253 2522 1441 2567 pristinam
1474 2522 1718 2566 integritatem
1746 2534 1797 2557 re-

298 2580 489 2619 stituendae
515 2581 570 2615 his
597 2582 700 2615 annis
727 2593 875 2626 operam
909 2581 1146 2626 impendisse“
1178 2581 1356 2622 videntur,
1394 2581 1563 2625 „Madvig
1596 2582 1796 2623 Buechner,

300 2639 434 2674 Klotz“.
485 2640 514 2674 Ο
541 2652 685 2684 aequum
720 2641 755 2675 in
788 2652 913 2675 omnes
946 2645 982 2675 et
1012 2641 1128 2675 laudis
1160 2651 1233 2674 non
1265 2651 1415 2684 parcum
1449 2639 1632 2679 iudicium,
1672 2641 1728 2675 cui
1760 2641 1797 2674 hi

300 2702 371 2732 tres
397 2699 505 2732 simul
532 2699 661 2743 egregii
688 2700 895 2733 videantur!
930 2700 998 2734 Sed
1026 2700 1122 2744 quod
1149 2699 1303 2733 Orellius
1330 2698 1507 2732 Klotzium
1534 2710 1615 2733 mea
1641 2699 1797 2733 editione

301 2757 458 2791 caruisse
484 2757 607 2791 scribit
633 2762 668 2792 et
686 2757 706 2800 ξ
726 2758 793 2791 118
819 2759 855 2792 in
883 2759 1035 2793 eandem
1063 2762 1174 2802 atque
1200 2769 1258 2792 me
1284 2757 1452 2791 incidisse
1479 2758 1734 2799 coniecturam,
1761 2758 1798 2792 in

301 2827 342 2850 eo
369 2820 474 2850 errat.
525 2816 737 2850 Buechnero
766 2820 887 2851 tamen
914 2829 986 2851 non
1013 2818 1226 2851 subtraham
1260 2816 1367 2851 unius
1399 2817 1504 2850 bonae
1535 2817 1798 2851 emendationis

301 2876 446 2909 laudem
474 2875 510 2908 in
536 2874 557 2917 ξ
582 2874 647 2907 124
674 2875 823 2917 (latuit),
858 2888 1068 2920 quanquam
1096 2887 1176 2910 eam
1204 2887 1268 2919 ego
1295 2887 1390 2910 anno
1417 2880 1501 2909 ante
1528 2879 1562 2909 et
1588 2875 1798 2909 inveneram

301 2938 336 2969 et
362 2934 397 2968 in
425 2934 606 2978 opusculis
632 2933 723 2967 meis
749 2945 783 2977 p.
813 2934 877 2967 1⁸4
905 2946 1108 2978 posueram.
