1915 3235
866 113 912 125 „-

873 125 920 152 (ι’)

106 242 286 282 Hesiodo
316 243 404 282 iam
435 241 590 282 dictum
628 241 850 282 videretur.
915 241 979 281 De
1020 239 1190 294 Cyclope
1228 239 1386 289 itidem,
1434 240 1583 294 inquit,
1630 240 1691 280 vel
1711 251 1746 276 93

104 313 284 352 maxime
315 311 423 366 quod
452 312 653 352 unoculus
681 311 780 364 fuit,
821 324 908 352 rem
946 315 1033 351 tam
1072 312 1275 365 insiyneni
1314 323 1397 350 non
1420 310 1690 364 praeterisset,

105 383 186 423 nisi
219 396 330 437 teque
354 382 519 436 prioris
550 381 729 422 Hesiodi
760 381 1018 422 carminibus
1049 382 1264 436 <vul9atum
1297 385 1409 421 esset.

221 452 466 494 Secundum
499 452 656 492 librum
689 451 755 492 bis
789 451 892 492 citat
923 451 1099 492 Nonius.
1147 452 1195 493 P.
1231 451 1314 492 165
1347 450 1418 503 (de
1449 451 1618 491 honest.
1652 453 1695 490 et

103 536 201 565 nOV.
235 525 320 564 vet.
353 523 453 564 dict.
486 536 526 563 v,
558 521 788 574 redhostff),
823 521 964 575 posito
995 522 1117 563 verbi
1148 522 1379 563 redhostire
1411 521 1608 573 exemplo
1641 533 1694 561 ex

103 593 208 634 Attii
239 593 568 646 Amphitruone,
603 593 743 634 addit:
778 593 897 634 Ideni
921 593 1208 634 didascalicon
1232 591 1289 645 (V.
1316 589 1589 643 didascalico)
1622 590 1692 632 lib.

104 663 178 704 II:
235 663 285 704 Ut
317 663 416 704 dum
448 665 573 704 velint
613 663 852 704 brevitatem
890 665 1080 718 consequi
1119 663 1349 715 verborum,
1398 663 1521 702 aliter
1562 675 1611 701 ac
1641 662 1695 701 sit

105 735 281 775 relatum
334 734 563 775 redhostire
616 747 823 788 sponsum.
906 734 952 774 In
1006 734 1208 775 extremis
1263 734 1479 774 Mercerus
1533 734 1693 773 tentat:

103 805 268 857 elatum,
297 804 495 845 redliostit
518 818 778 858 responsum;
812 818 863 846 ex
889 804 1044 858 quibus
1068 817 1311 858 responsum
1332 817 1484 844 verum
1509 803 1692 850 videtur,

104 875 255 915 elatum
286 876 510 924 incertum,
544 875 745 916 redhostit
777 875 946 916 falsum.
1009 875 1056 916 P.
1085 875 1166 915 178
1201 873 1272 926 (de
1304 874 1404 915 hon.
1438 876 1479 915 et
1511 887 1581 914 no.
1607 875 1692 914 vet.

104 945 202 987 dict.
236 959 274 986 V.
308 945 519 997 temerius)
551 946 644 986 haec
676 947 821 987 affert:
855 946 952 986 Ace.
986 945 1274 986 didascalicon
1299 942 1591 997 (didascalico)
1624 943 1694 983 lib.

109 1015 177 1056 II:
209 1016 291 1056 Sed
324 1016 564 1070 Euripides,
598 1018 670 1071 qui
700 1016 843 1057 choros
874 1017 1069 1057 temerius
1094 1017 1137 1056 in
1166 1015 1340 1068 fabulis.
1388 1015 1507 1056 Idem
1531 1014 1695 1056 Nonius

102 1086 259 1127 librum
306 1089 507 1127 octavum
556 1087 658 1128 citat
696 1101 737 1140 p.
775 1087 857 1128 194
905 1084 976 1139 (de
1022 1086 1195 1127 indiscr.
1235 1099 1378 1138 gener.
1418 1099 1458 1126 v.
1500 1083 1694 1136 balteus):

104 1157 254 1197 Accius
301 1157 587 1199 didascalicon
626 1158 730 1198 libro
780 1156 917 1198 VIII:
966 1156 1218 1198 Auctoribus
1264 1157 1497 1207 manuleos,
1546 1155 1696 1207 baltea,

102 1227 348 1268 «machaeras.
410 1228 494 1269 Pro
535 1228 773 1269 auctoribus
810 1229 853 1269 in
892 1228 1085 1280 margine
1125 1226 1383 1279 exemplaris
1422 1226 1696 1267 bibliothecae

102 1298 393 1339 universitatis
433 1298 590 1348 Haun.‚
632 1299 748 1351 quod
787 1299 835 1340 G.
869 1299 898 1339 I.
931 1298 1083 1347 Vossii‚
1122 1298 1289 1350 Marqu.
1323 1297 1462 1347 Gudii,
1506 1297 1563 1338 lo.
1596 1296 1694 1337 Alb.

103 1368 286 1410 Fabricii
325 1369 417 1417 fuit,
467 1369 733 1422 adscriptum
767 1371 851 1410 est:
898 1369 934 1422 f.
975 1368 1235 1417 ductoribus;
1284 1368 1439 1409 deinde
1478 1368 1698 1408 manuleas

104 1438 379 1480 scribendum
416 1442 494 1489 est,
528 1442 576 1480 ut
608 1439 798 1481 Scheller
830 1440 874 1480 in
905 1440 1040 1480 lexico
1072 1439 1253 1480 monuit.

222 1509 332 1550 Noni
372 1510 468 1550 libri
507 1510 589 1551 tria
629 1510 874 1562 fragmenta
906 1512 1019 1559 sunt,
1067 1510 1255 1562 primum
1297 1509 1414 1562 apud
1454 1508 1695 1550 Charisium

103 1580 175 1620 lib.
209 1580 225 1620 I
265 1594 305 1633 p.
350 1581 433 1621 114
470 1581 542 1621 Ρ.;
598 1581 751 1622 Accius
797 1595 953 1636 quoque
1000 1580 1352 1621 didascalicorum
1406 1593 1536 1620 nono:
1585 1578 1699 1620 Nam

104 1664 225 1705 quam
264 1652 384 1692 caria
421 1652 505 1692 sint
533 1665 689 1706 yenera
720 1657 1023 1705 poematorum,
1065 1651 1198 1703 Boebi,
1239 1664 1443 1705 quamque
1481 1651 1598 1704 lon‘qe
1635 1650 1699 1689 di-

103 1722 253 1762 stincta
292 1722 343 1762 ab
385 1723 495 1775 aliis,
544 1736 682 1771 nosce;
731 1722 805 1763 ubi
843 1722 1120 1762 scribendum
1161 1724 1246 1762 est:
1296 1721 1493 1761 distincta
1527 1721 1616 1761 alia
1649 1720 1699 1760 ab

105 1793 222 1840 aliis;
256 1793 442 1834 alterum
476 1793 593 1846 apud
626 1793 812 1834 eundem
846 1795 911 1833 est
944 1792 1014 1832 lib.
1049 1792 1085 1832 Π
1116 1805 1158 1845 p.
1196 1792 1298 1832 195:
1334 1791 1498 1832 Statim.
1548 1791 1700 1831 Accius

104 1864 148 1903 in
195 1863 483 1905 didascalicon
531 1864 620 1904 IX:
686 1863 917 1917 Vectigsalia
969 1863 1156 1917 leyerant
1214 1867 1346 1902 cestra
1396 1867 1432 1902 et
1477 1866 1700 1903 servantur

105 1935 246 1974 statim
255 1949 273 1986 ;
311 1948 395 1988 pro
434 1940 583 1976 statute
623 1940 659 1975 et
696 1935 903 1975 ordinate.
974 1934 1066 1974 Vox
1105 1934 1293 1988 leyerant
1331 1935 1533 1985 corrupta
1573 1930 1699 1981 est.¹)

104 2004 348 2046 Priscianus
405 2005 590 2058 denique
643 2019 685 2058 p.
727 2005 811 2046 603
851 2005 897 2045 P.
956 2004 1049 2045 haec
1108 2004 1261 2044 habet:
1324 2004 1477 2044 Accius
1530 2004 1575 2043 in
1631 2003 1707 2043 IX

105 2079 368 2113 διδασκαλικῶν
381 2092 394 2116 .·
428 2081 463 2117 et
494 2076 832 2130 onaqiiificissefirie
866 2076 1209 2128 excellissimeque
1233 2074 1405 2123 honore;
1439 2088 1516 2127 pro
1542 2074 1697 2127 quibus

105 2146 236 2187 Krehl
277 2160 299 2187 e
339 2147 462 2188 codd.
496 2147 626 2199 paulo
666 2147 818 2187 melius
859 2146 1012 2187 edidit:
1061 2144 1395 2199 niaynificissimi
1435 2145 1700 2186 excelsissimi

105 2216 270 2266 honore,
318 2220 433 2259 recte
473 2218 609 2259 altero
652 2217 863 2258 adiectivo
896 2219 1078 2257 mutato.
1141 2216 1228 2256 Sed
1259 2218 1417 2268 praeter
1447 2216 1554 2264 haec,
1603 2228 1700 2268 quae

105 2288 360 2329 nominatim
395 2301 417 2329 e
450 2287 741 2329 didascalicon
773 2288 892 2328 libris
926 2288 1124 2335 citantur,
1159 2287 1311 2327 eodem
1345 2286 1560 2339 pertinere
1583 2288 1698 2326 recte

105 2358 350 2399 iudicantur
381 2360 409 2399 ii
441 2362 637 2400 veterum
677 2359 935 2411 scriptorum
973 2358 1066 2406 loci,
1106 2357 1180 2398 ubi
1214 2358 1258 2398 L.
1292 2357 1398 2397 Attii
1437 2356 1697 2405 testimonio,

106 2442 191 2470 non
223 2430 445 2471 nominato
478 2429 600 2478 libro.
634 2432 844 2481 tanquam
876 2429 919 2470 in
951 2442 997 2470 re
1030 2442 1116 2470 non
1147 2429 1306 2481 ignota,
1340 2428 1383 2468 in
1414 2428 1558 2476 rebus,
1603 2440 1699 2479 quse

107 2499 163 2540 ad
195 2513 335 2541 scenae
367 2500 591 2541 historiam
625 2502 835 2552 spectant,
869 2502 1062 2540 utuntur.
1124 2500 1275 2552 Itaque
1307 2501 1423 2540 recte
1456 2497 1632 2539 Vossius
1658 2497 1701 2537 in

107 2570 216 2611 libro
249 2570 301 2611 de
334 2571 472 2623 poetis
505 2570 680 2615 Latinis,
715 2583 740 2610 a
773 2582 857 2622 quo
889 2583 976 2611 non
1008 2570 1283 2611 dissensisset
1314 2569 1502 2622 Baylius,
1536 2569 1571 2610 si
1596 2568 1702 2609 satis

108 2641 296 2682 rationes
326 2655 426 2682 suas
450 2641 625 2682 Vossius
660 2640 940 2692 exposuisset,
975 2641 1031 2681 ad
1062 2642 1141 2682 hos
1174 2641 1305 2682 libros
1337 2640 1513 2689 rettulit,
1547 2652 1644 2692 quae
1677 2652 1703 2679 a

109 2711 312 2753 Cicerone
359 2712 401 2753 in
449 2712 583 2753 Bruto
631 2711 685 2752 de
731 2710 840 2751 miro
888 2723 1033 2751 errore
1070 2711 1177 2752 Attii
1223 2712 1269 2752 in
1315 2714 1511 2763 tempore
1550 2710 1702 2762 primae

149 2873 174 2917 ¹)
201 2874 472 2918 [Scribendumz
500 2877 570 2918 leye
596 2879 699 2908 erant
725 2879 842 2908 vestra
868 2879 899 2908 et
923 2876 1172 2910 servabantur.
1212 2876 1314 2909 Hanc
1340 2874 1587 2909 coniecturam
1613 2884 1701 2906 num

205 2934 285 2978 quis
310 2934 530 2979 praeceperit,
558 2943 719 2978 quaerere
746 2944 842 2968 nunc
868 2945 941 2968 non
967 2932 1099 2977 vacat]

1719 2303 1753 2327 94
