1915 3235
856 111 941 152 743

100 241 173 283 hoc
202 239 402 293 interest),
436 241 552 293 quod
583 254 717 294 genus
749 241 805 282 ab
837 242 920 282 hoc
951 241 1044 282 loco
1077 241 1386 282 alienissimum
1419 238 1544 294 est.¹)
1600 242 1697 284 Non

101 312 265 361 dubito,
300 312 401 364 quin
435 311 635 352 Halmius
666 310 710 352 in
741 311 851 352 libro
882 311 919 352 ΙΙ
951 311 1004 352 de
1029 311 1215 352 Divinat.
1249 310 1271 363 ξ
1303 311 1386 353 145
1418 315 1534 353 recte
1557 313 1694 365 scrip—

99 385 222 424 turus
254 383 322 430 sit,
366 384 414 422 ut
445 382 533 423 scio
565 382 609 422 in
641 381 860 423 codicibus
892 382 1017 423 bonis
1051 395 1164 423 esse:
1215 381 1524 424 Gubernatores
1570 397 1695 438 quum

101 453 350 494 exsultantes
371 452 560 507 loliqines
581 452 790 505 viderant,
823 457 1100 506 tempestatem
1122 452 1357 506 siqnifieari
1371 457 1548 506 putant3
1581 466 1696 495 nunc

100 523 242 565 editur
272 523 468 564 viderint.
532 522 683 576 (Video
715 536 830 563 nunc
861 523 904 563 in
937 523 1123 564 editione
1149 523 1454 565 Teubneriana
1482 523 1694 565 Klotzium

99 596 215 636 recte
248 591 503 646 scripsisse.)

216 665 266 714 II,
303 665 356 705 12
388 663 508 705 tenui
540 676 650 713 eam,
700 676 831 716 quam
871 666 971 716 post
1002 663 1108 705 alios
1141 666 1314 706 secutus
1347 678 1480 715 eram,
1529 666 1696 707 coniec-

97 737 242 776 turam
275 734 541 788 (coniectura
583 733 697 774 enim
741 732 822 786 est)
861 735 1025 788 paruit,
1073 735 1160 775 ivit.
1236 735 1441 776 Hesterno
1482 735 1562 785 die,
1610 749 1697 777 non

99 806 215 860 quod
248 808 411 847 certam
443 807 607 858 putem,
642 804 719 845 sed
752 804 868 857 quod
899 805 1184 857 probabilem,
1222 805 1415 847 oratione
1449 807 1491 846 et
1522 808 1696 847 senten—

101 878 162 918 tia
195 877 478 930 aptissimam,
528 875 717 928 vestigiis
757 875 954 916 codicum
996 874 1164 929 (paruit
1201 878 1272 931 qui
1310 881 1354 917 at
1392 876 1578 918 hesterno
1611 876 1695 929 die)

99 961 186 989 non
218 947 322 988 satis
356 947 678 999 congruentem.
726 945 837 986 Nam
871 946 987 998 quod
1014 946 1226 997 Halmius,
1261 947 1427 988 adscita
1458 960 1695 1000 paucorum

99 1018 295 1060 codicum
329 1018 543 1070 scriptura
576 1030 629 1058 ex
659 1015 893 1057 manifesta
916 1017 1179 1058 correctione
1202 1020 1296 1059 orta
1320 1016 1501 1071 (paruit,
1559 1017 1699 1068 Quid?

105 1088 157 1130 Ut
187 1089 375 1130 hesterno
408 1088 476 1129 die
508 1086 620 1140 cet.),
655 1088 834 1128 conatus
869 1089 934 1128 est
965 1087 1309 1140 interpunctione
1341 1088 1433 1129 loco
1466 1089 1695 1129 subvenire

96 1172 282 1212 eumque
331 1159 387 1200 ad
433 1172 558 1200 suam
607 1158 659 1198 de
707 1158 858 1210 primae
899 1158 1103 1199 orationis
1150 1171 1382 1211 rerumque
1425 1171 1450 1199 a
1489 1158 1693 1199 Cicerone

96 1232 537 1271 commemoratarum
584 1231 780 1281 tempore
828 1229 1089 1269 sententiam
1137 1229 1198 1270 ita
1245 1229 1594 1278 accommodare,
1647 1231 1695 1270 ut

94 1301 234 1343 omnis
267 1301 569 1353 discrepantiae
601 1299 766 1352 species
798 1312 823 1339 a
847 1299 1050 1340 Cicerone
1073 1302 1380 1349 removeretur,
1414 1313 1500 1340 non
1529 1299 1692 1349 dubito,

95 1372 198 1425 quin
231 1372 294 1412 vir
326 1371 520 1424 egregius
554 1370 800 1411 admonitus
835 1369 959 1410 facile
991 1370 1288 1412 intellecturus
1321 1370 1387 1420 sit,
1425 1383 1555 1422 quam
1588 1370 1693 1411 infe-

93 1443 229 1484 liciter
261 1442 556 1483 narrationem
588 1442 705 1482 recte
739 1443 781 1480 et
813 1441 1032 1493 eleganter
1066 1454 1143 1492 per
1175 1442 1334 1494 gradus
1367 1453 1512 1481 rerum
1541 1453 1691 1493 proce-

94 1513 268 1555 dentem
302 1511 367 1566 (ut
398 1515 547 1554 notato
579 1514 775 1564 tempore
809 1513 851 1552 et
882 1511 943 1551 rei
976 1513 1154 1564 agendae
1187 1511 1320 1554 initio.
1366 1512 1520 1553 deinde
1564 1525 1693 1553 scena

94 1585 219 1637 quasi
252 1584 498 1633 constituta,
532 1585 626 1623 tum
659 1582 835 1623 demum
869 1585 963 1634 ipsa
985 1583 1175 1624 narratio
1199 1584 1458 1635 adiungatur
1487 1583 1692 1635 incipiens

94 1667 120 1696 a
153 1655 522 1696 demonstratione
569 1653 697 1694 huius
744 1653 1094 1705 praeparationis:
1147 1654 1232 1695 Hic
1280 1655 1366 1708 eqo)
1414 1653 1690 1706 perturbarit,

94 1739 228 1778 quum
260 1726 305 1766 in
337 1738 467 1766 unam
502 1724 730 1777 periodum
771 1724 918 1764 multis
957 1724 1096 1765 modis
1136 1724 1431 1765 incredibilem
1472 1725 1690 1765 conflaret.

93 1797 202 1837 Illud
240 1796 385 1846 miror,
435 1796 507 1848 qui
547 1808 646 1836 eum
686 1794 853 1847 fugerit,
904 1795 975 1846 qui
1016 1795 1075 1835 sic
1117 1794 1251 1836 dicat:
1310 1794 1360 1835 Ut
1391 1795 1577 1835 hesterno
1610 1795 1690 1846 elie,

94 1881 220 1922 quum
244 1880 368 1920 paene
399 1866 641 1919 interfectas
674 1879 814 1918 essem,
846 1869 1035 1906 senatum
1068 1866 1113 1905 in
1146 1865 1273 1906 cedem
1309 1864 1421 1906 Iovis
1461 1866 1690 1916 convocavi,

96 1960 150 1965 —
183 1938 355 1993 quaesivi
388 1951 414 1978 a
449 1937 635 1978 Catilina
667 1934 765 1988 (etsi
796 1949 924 1976 nemo
957 1935 1017 1976 sic
1048 1936 1104 1977 ab
1138 1941 1182 1976 ut
1213 1949 1387 1977 orsurus
1416 1938 1520 1985 erat,
1556 1949 1689 1988 quum

94 2009 365 2050 occasionem
400 2011 441 2049 et
483 2007 719 2060 primordia
756 2006 818 2046 rei
856 2006 1086 2046 narrandae
1125 2004 1416 2058 significaret),
1466 2019 1563 2047 eum
1604 2019 1692 2047 non

93 2079 236 2120 minus
270 2082 431 2132 aperte,
467 2091 597 2130 quam
631 2077 704 2130 qui
736 2076 796 2117 sic
830 2076 965 2116 dicat:
1000 2076 1206 2117 Hesterno
1231 2077 1311 2129 die,
1345 2090 1469 2131 quam
1497 2100 1549 2104 —
1568 2091 1692 2130 [πεπρ

93 2150 337 2203 interfectas
369 2162 508 2201 essem,
541 2153 730 2189 senatum
755 2148 984 2195 convocat-25,
1019 2147 1168 2188 mortis
1193 2147 1430 2200 periculum
1456 2147 1500 2188 in
1523 2147 1689 2188 hester-

95 2233 200 2262 num
249 2221 363 2261 diem
414 2219 622 2261 conferre.
697 2217 919 2258 Sententia
967 2217 1081 2258 enim
1128 2231 1205 2270 per
1252 2232 1374 2272 quam
1422 2218 1688 2270 interposita,

97 2292 300 2345 quoniam
334 2291 498 2332 nullam
530 2289 665 2330 habet
696 2288 791 2341 ipsa
824 2287 1030 2340 temporis
1052 2291 1215 2338 notam,
1249 2291 1431 2341 utroque
1454 2289 1583 2330 modo
1609 2289 1689 2330 sub

95 2375 206 2412 eam,
246 2375 343 2415 quae
374 2360 593 2414 praecedit,
636 2359 762 2400 cadit.
825 2358 1083 2400 Desinamus
1115 2359 1243 2411 igitur
1275 2371 1339 2408 ea,
1381 2372 1476 2412 quae
1509 2359 1690 2412 integer-

94 2434 205 2474 rima
236 2435 349 2483 sunt,
383 2433 575 2473 lacerare
607 2430 935 2482 litterarumque
969 2430 1040 2484 qui
1071 2434 1116 2470 ut
1148 2442 1245 2470 eam
1270 2443 1515 2482 quaeramus
1542 2443 1688 2470 ernen-

95 2503 327 2553 dationem,
377 2516 473 2555 quae
522 2500 782 2542 sententiam
830 2500 886 2541 ab
930 2499 1135 2540 Hesterno
1183 2500 1250 2540 die
1288 2500 1564 2552 incipientem
1603 2513 1690 2541 non

95 2574 292 2626 attingat.
355 2573 527 2614 Fuitne:
556 2572 705 2626 paruit
737 2575 857 2625 atque
888 2571 974 2619 ivit,
1008 2573 1056 2612 ut
1087 2571 1131 2612 in
1152 2571 1336 2624 repetita
1360 2571 1504 2611 littera
1536 2572 1552 2611 t
1577 2569 1688 2622 (itat)

95 2644 239 2685 mendi
273 2644 437 2685 initium
473 2638 601 2695 sitifi)

133 2781 161 2826 ¹)
188 2785 260 2818 Sua
286 2785 411 2828 regula
436 2784 472 2818 in
499 2783 658 2817 secunda
683 2793 839 2826 persona
870 2781 1021 2816 subiecti
1047 2780 1121 2815 ficti
1147 2781 1217 2815 dici
1243 2780 1472 2815 coniunctivo
1498 2780 1623 2814 modo:
1657 2782 1690 2813 si

190 2855 323 2886 aquam
349 2844 488 2886 biberis,
515 2843 640 2876 levatio
664 2842 714 2884 fit,
740 2851 814 2874 non
840 2840 974 2874 Halmii
1002 2851 1111 2874 causa
1137 2839 1227 2874 dico.

133 2899 229 2944 ²)11‚
257 2902 278 2935 5
304 2913 377 2936 non
404 2912 513 2935 ausus
547 2911 628 2934 sum
661 2911 726 2944 pro
765 2911 807 2933 ex
845 2898 1062 2939 (Gallicanis
1098 2898 1306 2942 temonibus)
1344 2897 1562 2931 substituere
1596 2908 1687 2939 μα),

191 2960 257 2994 etsi
283 2958 496 2994 durissimus
522 2958 670 2994 ablativi
697 2969 785 2993 usus
812 2961 876 2992 est.
