1915 3235
133 870 184 895 350

136 2928 183 2953 351

962 88 1048 129 680

204 218 409 260 habuisse
451 217 503 271 (c.
538 217 625 270 31).
689 218 741 259 Et
788 220 937 259 tamen
985 231 1071 259 non
1118 217 1258 259 solum
1306 219 1502 270 aliorum,
1550 221 1628 262 sed
1674 222 1807 274 ipsius

206 289 422 332 Ciceronis
470 288 728 331 testimoniis
777 288 838 342 (in
885 291 993 330 orat.
1043 289 1135 330 Cat.
1168 288 1185 329 I
1229 291 1270 330 et
1309 289 1364 339 ΙΙ,
1414 304 1491 343 pro
1532 291 1635 332 Sull.
1676 290 1698 344 ξ
1732 292 1806 346 52)

206 363 387 410 constat,
421 360 845 402 senatusconsultum
879 359 983 401 illud
1017 359 1181 401 factum
1214 373 1308 401 esse
1341 361 1490 414 viginti
1522 361 1673 403 diebus
1707 365 1807 404 ante

205 432 444 474 orationem
468 431 512 472 in
535 431 786 480 Catilinam3
821 433 1081 472 conventum
1107 432 1253 472 autem
1283 430 1326 472 in
1352 431 1480 474 domo
1513 433 1650 474 Laecae
1681 434 1806 475 habi-

203 505 297 544 tum
332 516 425 544 esse
466 505 542 544 aut
582 502 655 543 illa
697 503 793 556 ipsa
837 504 977 543 nocte.
1027 514 1124 554 quae
1168 502 1409 544 orationem
1451 505 1685 556 praecessit,
1733 510 1808 547 aut

204 574 439 627 superiore.
503 573 595 614 Iam
628 573 774 615 videat
811 573 917 614 mihi
950 572 1118 625 aliquis,
1160 572 1377 625 quomodo
1409 573 1648 616 Ahrensius
1681 576 1807 617 huius

205 644 467 687 confusionis
502 644 663 685 crimen
697 658 722 686 a
745 644 948 686 Sallustio
982 644 1066 684 alia
1100 643 1350 685 confusione
1382 645 1614 687 amoliatur
1636 646 1695 700 (p.
1725 647 1807 688 152

203 714 326 775 not).
401 715 571 756 Interea
604 714 665 768 (in
699 729 732 756 c.
767 714 841 768 28)
885 715 945 757 sic
988 714 1156 768 accipit,
1205 719 1254 755 ut
1297 717 1338 756 et
1380 715 1527 757 Manlii
1570 717 1722 758 turbas
1766 720 1808 759 et

204 787 628 828 senatusconsultum
673 787 868 828 retrahat
911 788 1012 827 ante
1054 798 1147 826 rem
1185 785 1230 826 in
1263 798 1297 826 c.
1332 786 1385 827 27
1420 788 1657 828 narratam.
1722 787 1808 829 Sed

205 858 357 911 capitis
399 858 467 906 30,
510 858 579 906 31,
629 857 685 898 32
733 856 999 898 obliviscitur
1048 869 1128 897 nec
1175 855 1494 905 animadvertit,
1543 871 1631 900 non
1677 859 1807 901 modo

203 929 629 971 senatusconsultum
662 931 763 969 ante
796 932 1058 969 conventum
1090 927 1211 969 illum
1233 928 1560 979 retrahendum,
1593 929 1671 970 sed
1692 929 1807 970 hunc

204 1000 335 1042 etiam
369 1000 425 1041 ad
447 1000 642 1041 Catilinae
674 999 719 1040 in
751 1001 951 1040 senatum
984 999 1224 1051 ingressum
1258 1001 1302 1040 et
1324 998 1541 1041 Ciceronis
1566 1000 1805 1042 orationem

202 1071 527 1113 admovendum
561 1070 706 1112 fuisse.
770 1071 860 1111 Nisi
900 1070 1010 1112 forte
1043 1070 1136 1111 haec
1179 1082 1351 1122 quoque
1394 1070 1540 1112 omnia
1581 1071 1640 1112 illi
1677 1084 1807 1113 voca-

203 1142 305 1184 bulo
337 1143 499 1183 interea
531 1142 736 1191 annectit,
779 1143 826 1182 ut
857 1141 901 1182 in
934 1154 1038 1182 voce
1063 1145 1274 1194 postremo
1307 1139 1368 1193 (in
1400 1154 1435 1182 c.
1470 1140 1543 1194 31)
1576 1142 1807 1184 redeamus

203 1214 260 1256 ad
293 1226 327 1255 0.
362 1214 417 1255 28
451 1213 656 1254 medium.
705 1213 914 1266 Apparet,
949 1212 1060 1253 inter
1093 1211 1346 1253 Sallustium
1380 1214 1423 1253 et
1455 1212 1694 1254 orationem
1719 1213 1806 1266 pri-

202 1298 318 1326 mam
355 1284 570 1326 Ciceronis
603 1286 781 1337 propter
814 1283 1005 1324 Sallustii
1049 1295 1238 1324 errorem
1278 1285 1447 1325 tantam
1488 1296 1595 1333 esse,
1644 1285 1807 1336 quanta

201 1356 394 1397 maxima
426 1368 521 1397 esse
554 1358 710 1408 potest,
746 1354 1073 1396 dissensionem.
1122 1354 1176 1394 Et
1206 1354 1289 1395 hoc
1311 1353 1508 1395 homines
1531 1367 1618 1396 non
1640 1357 1806 1404 movet3

203 1432 406 1481 quartam
440 1430 618 1480 propter
651 1426 841 1468 Sallustii
874 1425 1096 1466 silentium
1129 1425 1354 1467 damnant.

322 1498 533 1547 Alterum,
569 1497 686 1550 quod
718 1497 860 1538 dicere
893 1496 1179 1547 institueram,
1214 1498 1295 1538 hoc
1329 1498 1406 1538 est.
1471 1496 1539 1537 Sic
1572 1496 1718 1538 omnia
1751 1496 1806 1537 ab

202 1569 428 1618 Ahrensio,
480 1569 650 1618 Orellio,
701 1568 794 1610 aliis
834 1568 878 1609 in
916 1568 996 1609 hoc
1038 1581 1194 1621 genere
1236 1567 1526 1620 disputantur,
1577 1567 1699 1620 quasi
1738 1568 1807 1608 1130

203 1640 419 1683 Ciceronis
451 1640 669 1681 orationes
702 1639 855 1680 iisdem
889 1637 1091 1680 omnibus
1125 1639 1268 1680 verbis
1303 1639 1427 1680 dictae
1461 1639 1569 1685 sint;
1602 1641 1749 1691 ltaque
1772 1638 1807 1680 si

202 1711 306 1765 quid
352 1714 446 1752 tum
493 1711 673 1752 minima
721 1724 773 1752 ex
812 1712 936 1763 parte
976 1709 1264 1763 improbabile
1305 1709 1487 1760 videtur,
1537 1723 1562 1751 a
1603 1710 1808 1752 Cicerone

203 1782 332 1824 scribi
380 1782 572 1835 potuisse
620 1783 794 1835 negant.
857 1781 1018 1822 Verum
1067 1780 1216 1822 Cicero
1265 1794 1415 1822 omnes
1462 1781 1542 1823 has
1591 1781 1807 1823 orationes

203 1854 476 1896 Catilinarias
516 1867 693 1906 prorsus
736 1866 788 1894 ex
826 1854 1024 1904 tempore
1055 1851 1230 1901 habuit3
1279 1865 1329 1893 ac
1369 1865 1423 1893 ne
1462 1852 1593 1905 paulo
1633 1851 1807 1905 quidem

202 1928 301 1979 post
334 1939 406 1966 eas
447 1924 697 1978 perscripsit
730 1924 838 1965 deve
880 1923 930 1964 iis
976 1923 1155 1964 edendis
1202 1923 1417 1976 cogitavit.
1482 1923 1641 1965 Tribus
1685 1923 1808 1964 annis

202 1999 301 2050 post
333 1995 389 2049 (a.
424 1996 480 2037 60
513 2009 552 2037 a.
587 1994 683 2048 Ch.)
717 2008 790 2036 eas
822 1993 967 2035 Attico
998 1997 1195 2035 recentes
1228 1994 1344 2035 misit
1376 1992 1451 2047 (ad
1482 1994 1572 2035 Att.
1599 1994 1647 2044 II,
1684 1994 1721 2044 1,
1748 1992 1806 2046 3).

203 2068 293 2109 Iam
328 2067 421 2119 quis
455 2066 639 2116 dubitat,
674 2067 790 2119 quin,
825 2065 905 2106 etsi
938 2078 1002 2114 ea,
1038 2078 1135 2118 quae
1168 2066 1229 2107 sic
1261 2065 1509 2107 notabiliter
1537 2064 1726 2113 dixisset,
1761 2067 1808 2106 ut

205 2141 247 2180 et
280 2140 323 2179 in
354 2138 487 2191 ipsius
521 2139 562 2178 et
596 2137 778 2178 aliorum
811 2137 1022 2178 memoria
1061 2137 1192 2177 infixa
1226 2141 1382 2186 essent,
1423 2135 1628 2177 retineret
1669 2138 1711 2176 et
1743 2148 1807 2176 se-

205 2212 422 2262 queretur,
462 2210 611 2250 tamen
644 2221 708 2250 ea.
750 2221 847 2260 quae
880 2208 1055 2249 brevius
1089 2208 1225 2249 multo
1259 2207 1450 2257 dixisset,
1492 2207 1673 2257 auxerit,
1714 2219 1808 2248 3111-

204 2280 470 2334 plificaverit,
521 2282 723 2321 ornatum
771 2279 821 2320 iis
869 2279 1233 2332 splendoremque
1272 2278 1513 2319 addiderit?
1574 2278 1719 2330 Atque
1766 2278 1809 2318 in

204 2352 287 2393 hac
321 2364 453 2403 opera
492 2350 584 2391 fieri
625 2363 713 2391 non
750 2351 935 2402 poterat,
985 2350 1087 2402 quin
1127 2363 1213 2391 uno
1255 2351 1297 2390 et
1336 2349 1472 2390 altero
1513 2349 1606 2390 loco
1646 2349 1808 2390 colores

206 2422 384 2476 quidam
416 2421 765 2470 intercurrerent,
816 2420 887 2473 qui
930 2420 1114 2461 fortasse
1146 2421 1283 2474 magis
1316 2420 1372 2461 ad
1405 2433 1504 2461 eum
1537 2432 1681 2461 rerum
1715 2418 1808 2460 ani-

204 2493 350 2546 mique
399 2492 532 2545 ipsius
580 2491 780 2532 habitum
828 2491 918 2544 apti
958 2493 1115 2541 essent,
1166 2491 1239 2544 qui
1278 2493 1371 2532 tum
1412 2492 1538 2539 esset,
1589 2504 1720 2543 quam
1753 2491 1809 2531 ad

206 2563 411 2606 orationis
445 2575 545 2603 vere
578 2562 739 2603 habitae
779 2564 972 2614 tempus;
1021 2562 1239 2603 interdum
1279 2562 1453 2615 quidem
1494 2560 1625 2602 etiam
1658 2561 1712 2602 de
1743 2561 1808 2601 in-

206 2635 372 2676 dustria
403 2632 665 2687 praemunire
690 2633 814 2685 quasi
840 2632 1137 2674 defensionem
1163 2633 1352 2686 aliquam
1379 2632 1587 2673 adversus
1613 2645 1677 2681 ea,
1712 2645 1809 2684 quae

206 2708 309 2747 tunc
343 2705 398 2746 ab
433 2703 691 2745 adversariis
725 2703 1026 2753 obiicerentur,
1061 2705 1248 2745 voluisse
1275 2702 1409 2744 videri
1436 2705 1591 2755 potest.
1641 2702 1808 2744 Sentie-

206 2776 367 2818 bantur
399 2775 514 2816 enim
557 2774 644 2814 iam
677 2774 800 2826 quasi
834 2774 1008 2826 quidam
1043 2775 1172 2816 ssatus
1206 2774 1436 2828 praenuntii
1470 2773 1561 2815 eius
1594 2773 1807 2826 procellae,

207 2861 304 2900 quae
337 2847 466 2900 paulo
500 2847 597 2898 post
630 2844 862 2886 subsecuta
895 2848 972 2886 est.
1036 2846 1186 2899 Itaque
1230 2858 1343 2886 nunc
1384 2844 1644 2897 intelligitur.
1694 2844 1809 2885 unde

209 2917 280 2959 illa
313 2917 367 2958 sit
398 2929 522 2970 paene
557 2915 688 2956 nimia
721 2915 764 2955 in
796 2916 923 2957 tertia
963 2919 1004 2957 01
1037 2919 1192 2969 quarta
1225 2915 1418 2957 oratione
1450 2915 1621 2956 invidiae
1655 2915 1808 2967 depre-
