1915 3235
836 113 919 155 557

354 244 423 285 Ad
454 244 673 284 moechum
706 243 848 284 veniet
878 243 968 284 lota
1001 245 1118 292 cute;
1154 244 1328 296 quando
1361 245 1496 285 videri

354 314 455 355 Vult
485 314 676 355 formosa
710 314 856 354 domi?
904 314 1082 354 Moechis
1115 314 1264 355 foliata
1295 317 1525 367 parantum

355 384 434 425 His
467 385 635 433 emitur,
670 384 874 436 quicquid
906 384 1087 437 graciles
1120 384 1204 425 huc
1234 384 1402 425 mittitis
1434 385 1540 426 Indi.

355 454 551 496 Tandem
586 455 726 507 aperit
757 454 920 495 vultum
956 456 999 495 et
1029 456 1208 496 tectoria
1240 456 1381 508 prima
1413 456 1601 507 reponit3

353 525 506 577 Incipit
538 526 712 577 agnosci
745 526 824 565 cet.

83 619 130 660 In
161 619 226 660 his
259 619 421 672 aliquid
453 631 546 659 esse
567 619 744 668 turbati,
778 618 863 659 iam
888 618 1101 660 Gonsalus
1125 618 1181 659 ad
1202 618 1453 660 Petronium
1481 622 1677 660 senserat

84 694 126 731 et
157 691 256 742 post
288 702 385 730 eum
419 689 669 730 Dusaultius
709 691 753 730 et
784 690 1033 742 Rupertius.
1095 689 1371 730 Incommode
1405 690 1520 730 enim
1553 703 1675 742 pror-

84 773 156 802 sus
190 760 245 801 ab
268 760 439 812 incepta
472 759 759 812 descriptione
791 760 916 801 faciei
948 760 1148 801 obductae
1181 759 1324 800 divelli
1355 759 1447 800 illa:
1488 759 1677 801 Tandem
1700 773 1748 798 196

85 831 222 885 aperit
253 831 409 871 vultum
443 832 522 870 cet.
569 830 719 882 Itaque
753 844 816 880 ea,
851 844 947 883 quae
970 830 1223 882 interposita
1245 832 1358 879 sunt,
1391 831 1507 871 reiici
1530 831 1679 871 volunt

88 904 164 942 aut
193 903 292 953 post
323 913 497 941 versum
529 900 616 941 470
648 903 723 941 aut
754 903 852 954 post
883 915 923 942 v.
956 901 1056 941 473.
1104 900 1250 941 Priore
1282 900 1376 942 loco
1408 914 1567 942 nexum
1592 914 1679 942 non

86 972 227 1012 minus
259 972 500 1012 turbabunt
541 972 634 1012 haec
674 972 911 1020 interiecta,
960 971 1197 1024 posteriore
1238 971 1439 1023 languide
1483 972 1679 1013 adhaere-

86 1042 196 1083 bunt
240 1047 337 1095 post
385 1042 685 1094 gravissimam
736 1042 994 1083 clausulam:
1048 1042 1182 1094 facies
1228 1041 1388 1082 dicetur
1436 1056 1493 1083 an
1538 1042 1683 1083 ulcus?

84 1113 301 1154 Praeterea
342 1125 430 1154 non
472 1112 618 1153 omnia
657 1112 715 1153 illi
754 1112 1029 1154 incommoda
1060 1113 1274 1152 viderunt.
1337 1111 1432 1162 Quo
1466 1114 1578 1153 enim
1612 1125 1679 1153 re-

84 1184 221 1224 fertur
252 1183 357 1224 illud
390 1181 572 1232 Interea,
607 1184 721 1235 quod
753 1184 873 1224 initio
895 1197 934 1224 v.
957 1183 1040 1223 461
1066 1183 1248 1235 legitur?
1294 1183 1521 1224 Praecessit
1545 1183 1678 1224 enim:

89 1253 404 1294 Intolerabilius
436 1253 544 1294 nihil
577 1259 633 1294 est
665 1267 789 1308 quam
819 1253 983 1306 femina
1015 1250 1188 1305 clivesfl)
1251 1253 1394 1305 Atque
1426 1253 1508 1294 hoc
1539 1254 1681 1307 ipsum

86 1323 361 1374 vocabulum,
411 1337 507 1376 quae
547 1325 601 1365 sit
638 1325 719 1365 hoc
758 1324 851 1365 loco
893 1324 1009 1365 facta
1040 1324 1318 1376 transpositio
1352 1326 1395 1364 et
1426 1324 1520 1376 quis
1552 1337 1680 1366 verus

85 1407 288 1435 versuum
323 1394 428 1435 ordo
461 1394 528 1444 sit,
564 1395 834 1447 apertissime
868 1395 1150 1436 demonstrat.
1202 1394 1271 1435 Sic
1304 1395 1417 1435 enim
1452 1396 1680 1437 decurrere

88 1465 224 1506 oratio
257 1465 401 1514 debet,
434 1465 567 1507 ternis
601 1467 798 1507 versibus
830 1466 978 1506 sedem
1012 1465 1384 1518 permutantibus:

357 1559 427 1599 Ad
459 1561 677 1600 moechum
712 1561 854 1601 veniet
885 1560 972 1601 lota
1006 1561 1116 1600 cute.
1181 1558 1365 1608 Quando
1398 1559 1534 1600 videri

358 1629 458 1669 Vult
490 1629 680 1671 formosa
714 1631 859 1671 domi?
909 1630 1087 1671 Moechis
1120 1630 1269 1671 foliata
1301 1632 1533 1682 parantur3

357 1699 436 1740 His
470 1701 639 1750 emitur,
674 1701 876 1753 quicquid
910 1701 1206 1752 gracileshuc
1238 1700 1405 1741 mittitis
1438 1700 1543 1742 Indi.

359 1770 529 1812 Interea
562 1771 679 1812 foeda
712 1772 921 1825 adspectu
953 1772 1220 1823 ridendaque
1252 1771 1389 1811 multo

358 1840 477 1882 Pane
511 1844 648 1883 tumet
680 1842 825 1891 facies,
859 1844 934 1882 aut
965 1842 1137 1894 pinguia
1172 1842 1422 1894 Poppaeana

360 1910 517 1963 Spirat,
553 1916 595 1953 et
626 1913 725 1953 hinc
758 1912 902 1952 miseri
935 1913 1157 1953 viscantur
1191 1912 1315 1953 labra
1346 1911 1503 1952 mariti.

361 1981 559 2023 Tandem
594 1984 731 2035 aperit
765 1983 930 2023 vultum
965 1985 1044 2023 cet.

89 2075 180 2116 Iam
211 2078 330 2116 recta
363 2076 508 2117 omnia
539 2080 659 2118 sunt:
693 2077 861 2118 Moecho
893 2090 939 2118 se
972 2079 1110 2126 ornat,
1144 2089 1231 2117 11011
1264 2077 1380 2117 domi
1405 2077 1568 2118 munda
1596 2080 1682 2126 est;

88 2146 245 2187 moechi
278 2159 410 2187 causa
442 2147 631 2199 pretiosa
670 2150 868 2189 aromata
909 2148 1031 2197 emit3
1079 2148 1243 2188 interea
1288 2147 1404 2188 domi
1447 2147 1562 2189 foedo
1606 2148 1683 2188 ad-

89 2219 260 2270 spectu,
310 2218 431 2258 vultu
479 2217 667 2258 obducto
717 2221 801 2267 est;
857 2219 1033 2259 tandem
1084 2220 1162 2259 cet.
1242 2218 1433 2260 Similem
1481 2232 1683 2260 versuum

88 2288 482 2340 transpositionem,
517 2289 594 2329 sed
627 2289 825 2338 duorum,
865 2289 1265 2330 animadverterunt
1297 2290 1482 2331 editores
1517 2292 1557 2330 et
1591 2303 1683 2331 cor-

91 2361 294 2399 rexerunt
326 2372 458 2411 supra
490 2360 533 2400 in
563 2361 646 2400 hac
679 2359 827 2400 satira.
890 2360 1001 2399 Nam
1035 2373 1074 2400 V.
1108 2359 1206 2408 300,
1240 2360 1339 2410 307,
1374 2360 1457 2401 308
1492 2360 1534 2401 in
1567 2360 1683 2401 codi-

96 2429 214 2470 cibus
247 2429 306 2470 510
338 2432 578 2482 ponuntur:

360 2512 377 2552 I
408 2525 523 2553 nunc
556 2515 597 2552 et
629 2512 793 2562 dubita,
828 2525 913 2564 qua
947 2512 1121 2553 sorbeat
1153 2525 1255 2553 aera
1287 2525 1424 2553 sanna

362 2582 516 2631 Tullia,
553 2582 656 2634 quid
689 2582 804 2622 dicat
837 2584 950 2622 notae
985 2582 1191 2623 collactea
1223 2583 1399 2633 Maurae,

361 2653 511 2693 Maura
543 2653 766 2693 Pudicitiae
799 2654 989 2693 veterem
1023 2666 1155 2705 quum
1189 2654 1381 2705 praeterit
1414 2667 1549 2694 aram.

131 2814 158 2857 ¹)
184 2814 325 2858 [Nescio
364 2816 451 2859 quid
489 2817 534 2850 ad
572 2817 666 2850 hanc
704 2815 971 2855 difficultatem,
1011 2827 1092 2859 quae
1129 2828 1273 2850 summa
1312 2820 1383 2856 est,
1423 2816 1683 2849 removendam

186 2875 415 2909 Heinrichius
441 2876 601 2909 dicturus
635 2875 753 2915 fuerit,
792 2874 853 2917 qui
885 2877 1022 2908 ceteras
1060 2887 1209 2919 „genere
1243 2876 1401 2919 quodam
1434 2873 1679 2918 parenthesi&

186 2933 354 2978 expedire
381 2933 448 2967 sibi
474 2933 626 2967 videtur.
679 2931 798 2975 1842]
