1915 3235
828 149 910 190 201

72 279 132 319 ita
177 280 389 319 mutatam
438 279 733 319 condicionem
772 280 940 330 putant,
989 279 1190 330 spectans
1239 267 1663 327 commem‘oratur.¹)

72 348 235 389 Deinde
269 348 361 389 aliis
395 349 658 401 argumentis
690 350 870 389 utuntur
901 348 1033 388 nihilo
1056 347 1320 396 melioribus,
1355 360 1451 399 quae
1475 346 1666 388 breviter

74 419 263 471 attigisse
306 419 410 459 satis
451 419 542 460 erit.
556 415 590 471 2)
653 419 699 459 In
733 418 887 471 quibus
930 420 1023 459 haec
1067 420 1132 459 est
1174 418 1413 459 communis
1457 422 1499 458 et
1541 430 1665 470 paene

73 489 332 530 incredibilis
364 490 568 542 pravitas,
612 489 740 542 quod,
789 502 922 540 quum
964 501 1015 529 ex
1047 493 1293 541 temporum
1326 488 1419 540 lege
1450 476 1567 529 Iulia·
1588 501 1666 541 po-

74 560 300 601 steriorum
348 559 478 600 rebus
527 559 615 600 fere
668 562 891 612 petantur,
951 560 1011 600 ita
1064 561 1112 600 ut
1166 572 1228 600 eae
1284 571 1454 611 quoque
1511 557 1666 598 civium

76 630 264 679 coloniae,
314 643 410 682 quae
457 633 555 682 post
603 643 699 671 eam
747 629 944 671 deductae
992 631 1104 678 sunt,
1153 630 1243 670 sine
1284 629 1488 681 suffragio
1536 628 1669 668 fuisse

76 701 325 750 credantur,
374 700 585 753 sequitur,
634 703 680 741 ut
720 701 766 741 L.
808 701 926 742 Sulla
976 702 1151 753 putetur
1197 699 1346 752 paucis
1394 699 1517 740 annis
1556 702 1666 752 post,

75 784 205 823 quam
254 771 461 812 acerrime
502 773 651 812 contra
693 772 831 812 socios
874 772 1093 812 civitatem
1126 772 1322 822 petentes
1355 770 1558 823 pugnarit
1589 782 1669 810 nec

74 841 296 894 impedire,
331 855 415 894 quo
448 842 589 882 minus
623 841 880 894 acciperent,
914 842 1115 894 potuerit,
1149 842 1357 882 victorem
1390 854 1516 881 suum
1546 853 1668 881 exer-

77 912 208 952 citum
245 925 369 964 paene
407 914 545 952 totum
587 913 630 952 in
671 913 916 954 inferiorem
956 912 1097 954 locum
1131 912 1378 959 detrusisse,
1428 911 1669 963 meliusque

78 982 340 1023 consuluisse
372 982 547 1023 infinitis
580 983 661 1024 illis
696 983 913 1033 Corneliis,
964 996 1070 1035 quos
1116 982 1454 1023 manumissione
1495 981 1669 1029 fecerat,

78 1066 207 1105 quam
251 1054 478 1102 veteranis,
527 1053 740 1106 similique
783 1054 1006 1106 iniquitate
1052 1053 1181 1094 ceteri
1223 1053 1435 1093 triumviri
1477 1051 1543 1092 usi
1577 1064 1671 1092 esse

79 1124 321 1171 credantur,
371 1124 443 1175 qui
480 1124 687 1164 militares
730 1124 915 1165 colonias
957 1123 1241 1165 deduxerunt.
1305 1123 1396 1163 Iam
1437 1122 1540 1174 quid
1573 1135 1670 1175 per·-

76 1195 242 1235 versius
275 1207 405 1246 quam
439 1208 491 1235 ex
524 1208 587 1245 eo,
623 1195 738 1247 quod
763 1195 910 1235 Cicero
947 1194 1008 1247 (in
1032 1195 1154 1237 Catil.
1180 1195 1229 1244 II,
1263 1194 1302 1243 9,
1338 1192 1410 1245 20)
1444 1206 1529 1242 eos,
1565 1206 1672 1245 quos

79 1265 195 1306 Sulla
223 1265 266 1305 in
290 1265 470 1305 Etruriae
495 1266 653 1318 oppida
679 1265 930 1315 deduxerat,
965 1266 1137 1307 colonos
1165 1264 1368 1317 appellat,
1404 1263 1671 1311 concludere,

79 1349 151 1376 eos
185 1336 388 1388 suffragio
422 1337 639 1377 caruisse?
673 1349 805 1388 quum
838 1337 1080 1389 praesertim
1105 1336 1252 1377 Cicero
1287 1335 1416 1387 paulo
1451 1336 1550 1375 ante
1583 1335 1673 1374 uni-

79 1419 225 1447 versos
259 1407 443 1458 optimos
485 1407 597 1447 cives
639 1403 853 1458 dixerit,³)
916 1407 1004 1447 Nec
1042 1407 1195 1447 melius
1237 1419 1289 1447 ex
1329 1418 1392 1455 eo,
1443 1405 1558 1457 quod
1596 1405 1674 1445 Dio

80 1477 253 1519 Cassius
287 1476 447 1530 (XLIII,
481 1476 554 1530 39)
589 1478 806 1519 Caesarem
840 1478 882 1518 in
915 1478 1128 1530 Hispania
1161 1477 1253 1518 aliis
1279 1476 1448 1529 oppidis
1480 1481 1673 1523 πολιτείαν,

81 1548 172 1589 aliis
220 1551 386 1591 (ἵῖῑοῐκους
425 1556 496 1586 τῶν
534 1551 717 1599 Ῥωμαίων
750 1555 961 1598 νοιιιίζεσῧαι
1007 1549 1269 1590 concessisse
1317 1549 1486 1596 narrat,
1536 1546 1675 1599 Spali-

80 1620 248 1660 hemius
282 1620 462 1670 conficit,
497 1622 607 1662 inter
640 1622 856 1662 civitatem
882 1620 1054 1673 plenam
1081 1622 1124 1660 et
1147 1620 1212 1660 ius
1239 1619 1395 1659 civium
1421 1619 1464 1659 in
1489 1618 1676 1659 colonias

82 1689 364 1731 deductorum
393 1691 560 1744 ‘aliquid
593 1692 850 1740 interfuisse,
893 1704 1024 1743 quum
1060 1690 1351 1742 intelligantur
1384 1689 1561 1730 coloniae
1595 1690 1676 1729 La-

121 1853 146 1896 ¹)
173 1855 406 1899 Exspectares
445 1856 572 1889 saltem
612 1856 704 1889 inter
742 1856 868 1900 capitis
907 1855 1165 1889 deminutionis
1205 1865 1337 1898 genera
1376 1854 1443 1887 hoc
1482 1854 1676 1891 numerari,

178 1914 349 1958 quoniam
389 1918 423 1948 et
462 1914 522 1958 qui
556 1914 739 1948 civitatem
772 1915 878 1958 plane
911 1914 1114 1953 mutabant,
1153 1916 1188 1946 et
1220 1913 1292 1956 qui,
1332 1912 1367 1945 in
1401 1924 1444 1945 ea
1476 1916 1678 1953 manentes,

177 1976 332 2016 gentem,
360 1973 476 2016 capite
502 1973 817 2007 deminuehantur.

122 2028 149 2073 ²)
176 2031 350 2075 Exposuit
383 2043 424 2065 ea
456 2032 697 2075 Spanhemius
731 2032 813 2066 Orb.
848 2032 952 2065 Rom.
980 2032 1012 2072 I,
1045 2031 1065 2064 9
1098 2042 1131 2074 p.
1158 2030 1202 2063 49
1230 2042 1306 2073 sqq.
1340 2030 1395 2063 ed.
1422 2029 1501 2062 Hal.
1535 2029 1678 2063 Nullam

179 2090 252 2123 vim
278 2090 423 2131 habere,
455 2091 632 2125 intellexit
664 2091 863 2124 Trekellius
897 2090 1057 2133 (Antiqq.
1086 2091 1189 2124 Rom.
1218 2090 1280 2123 sel.
1308 2100 1340 2133 p.
1367 2087 1579 2130 ‘249-254),
1613 2099 1678 2122 nec

179 2152 301 2182 tamen
328 2161 438 2183 ausus
465 2153 518 2183 est
544 2150 734 2183 veritatem
768 2149 878 2193 sequi.
930 2149 1173 2189 Recentiores,
1202 2148 1263 2192 qui
1290 2148 1444 2181 eandem
1477 2151 1681 2191 sequuntur

180 2207 409 2248 sententiam,
436 2208 525 2242 nihil
552 2208 770 2242 addiderunt
795 2208 1010 2252 argumenti,
1038 2208 1105 2241 nisi
1132 2207 1227 2250 quod
1249 2206 1536 2250 Hopfensackius
1557 2219 1590 2251 p.
1613 2207 1679 2240 147

180 2276 222 2299 ex
249 2277 301 2307 eo,
330 2267 425 2310 quod
452 2267 600 2300 coloniae
626 2267 800 2300 Romanae
827 2266 1019 2310 participes
1052 2266 1186 2300 fuerint
1219 2265 1427 2299 certaminis
1460 2266 1503 2299 de
1536 2266 1681 2300 civitate

180 2324 356 2363 Romana,
396 2337 455 2359 eas
488 2337 569 2360 eam
603 2337 674 2359 11011
706 2326 853 2370 plenam
887 2326 1057 2359 habuisse
1088 2325 1225 2368 liquere
1258 2328 1372 2368 putat.
1425 2325 1567 2358 Scilicet
1591 2325 1680 2358 illud

180 2383 310 2427 ipsum,
338 2385 433 2428 quod
459 2385 504 2418 ad
531 2385 689 2419 colonias
716 2384 849 2418 civium
875 2384 1013 2425 attinet,
1041 2387 1159 2418 totum
1185 2387 1238 2417 est
1264 2383 1408 2424 fictum;
1441 2394 1486 2417 ne
1513 2384 1680 2417 Latinam

182 2442 327 2485 quidem
354 2447 441 2487 puto
468 2447 652 2487 repertum
679 2443 731 2484 iri,
770 2454 849 2486 quae
881 2454 954 2476 11011
986 2443 1023 2476 111
1054 2443 1149 2476 bello
1181 2442 1304 2476 sociali
1341 2453 1362 2475 a
1387 2442 1554 2476 Romana
1579 2446 1681 2486 parte

181 2501 329 2535 steterit.
381 2500 557 2545 [AEsernia
596 2506 630 2535 01
669 2502 762 2535 Alba
800 2501 948 2535 coloniae
980 2501 1116 2535 Latinae
1149 2501 1355 2535 Romanam
1387 2504 1527 2544 partem
1561 2501 1680 2534 defen-

182 2559 307 2594 dentes
334 2572 355 2594 a
380 2561 484 2594 sociis
511 2564 726 2605 expugnatae
752 2564 946 2594 narrantur
970 2560 1046 2594 Liv.
1074 2560 1157 2604 epit.
1187 2558 1247 2596 72;
1288 2559 1446 2593 Venusia
1478 2563 1601 2594 tamen
1635 2560 1678 2593 ad

182 2618 395 2653 Iudacilium
421 2619 563 2653 transiit
589 2618 696 2663 (App.
724 2620 797 2653 Civ.
824 2620 849 2661 I,
876 2617 964 2661 42).]

127 2673 153 2718 3)
179 2677 219 2711 111
246 2678 374 2712 eodem
399 2679 476 2712 loco
504 2690 619 2723 nuper
644 2679 845 2713 Beneckius
871 2679 1050 2722 glossema
1082 2678 1247 2721 ineptum
1274 2676 1469 2719 (Faesulas)
1502 2677 1596 2710 male
1623 2677 1680 2710 dc·-

182 2736 329 2771 fendere
355 2741 504 2772 conatus
531 2741 595 2772 est.
646 2737 753 2771 Aliud
781 2741 835 2772 est
860 2741 1020 2771 veterem
1047 2736 1225 2770 coloniam
1257 2735 1360 2769 novis
1392 2734 1517 2768 incolis
1549 2734 1681 2767 additis

183 2806 357 2830 renovare
383 2799 418 2830 et
445 2808 588 2840 augere,
616 2796 712 2830 aliud
739 2796 847 2829 simul
866 2796 955 2830 duas
974 2795 1009 2829 in
1029 2795 1157 2829 eodem
1175 2794 1308 2838 oppido
1327 2793 1556 2834 constituere,
1584 2792 1679 2836 quod

183 2858 259 2888 erat
284 2855 494 2893 ridiculum;
534 2867 600 2889 nec
633 2855 676 2889 de
710 2854 858 2888 Faesulis
890 2854 938 2888 ibi
972 2854 1095 2888 Cicero
1126 2853 1297 2897 loquitur,
1337 2853 1399 2886 sed
1433 2852 1477 2885 de
1511 2852 1680 2886 universo

185 2923 313 2956 genere
345 2913 487 2948 illarum
522 2914 746 2948 coloniarum
779 2924 842 2957 per
873 2913 1053 2946 Etruriam
1088 2923 1314 2956 sparsarum;
1353 2911 1428 2954 ipse
1462 2911 1584 2944 Cicero
1616 2920 1681 2953 pro

183 2972 271 3006 Mur.
298 2972 353 3014 24,
380 2972 424 3006 49
450 2973 638 3007 Arretinos
665 2972 774 3006 addit.

1695 1346 1748 1371 248
