1915 3235
808 130 890 171 547

57 258 223 299 codices
255 258 418 299 habent
449 263 541 299 uter
580 259 704 298 alteri
715 255 761 310 ¹),
811 259 894 300 alia
926 273 1131 312 perversa
1168 264 1521 317 interpretatione
1559 268 1644 309 huc

54 330 206 377 tracta,
241 330 285 369 ut
319 328 403 369 Cic.
437 342 516 381 pro
547 328 675 369 Rosc.
701 329 892 370 Comoed.
917 328 940 382 ἓ
963 331 1031 381 21,
1066 332 1140 373 ubi
1172 335 1264 387 quis
1296 350 1410 390 quem
1446 339 1644 380 universe

55 398 208 439 dicitur
241 398 395 453 (qualis
426 397 619 454 qualem),
659 397 776 451 [quae
806 401 917 442 ratio
950 402 1080 442 etiam
1113 403 1279 445 obtinet
1309 419 1351 458 p.
1384 407 1511 449 Rosc.
1545 409 1642 450 Am.

56 469 108 509 78
149 471 192 510 et
226 468 343 522 152,]
386 471 461 509 aut
502 469 739 510 incredibili
781 484 936 522 errore,
986 474 1033 512 ut
1065 473 1154 514 Liv.
1187 475 1353 526 XXVII,
1398 477 1468 528 40,
1513 492 1643 531 quem

53 539 192 581 locum
236 539 340 580 satis
384 541 462 580 erit
500 539 758 591 inspexisse3
809 543 850 582 et
882 544 1029 583 tamen
1060 543 1389 597 Ramshornius,
1438 561 1492 589 ne
1524 550 1642 590 vide-

52 613 170 651 retur
201 610 315 651 hunc
347 610 488 651 locum
521 623 607 650 non
639 611 881 663 inspectum
913 614 1235 666 transcripsisse
1268 629 1293 657 a
1318 617 1641 670 Ruddimanno,

51 681 142 733 ipse
164 681 329 722 addidit
351 680 459 722 Caes.
482 680 530 720 B.
555 680 600 721 C.
625 680 653 729 Ι,
678 681 746 730 66,
781 682 933 723 eadem
961 683 1253 738 interrogativi
1282 689 1324 728 et
1352 689 1518 730 relativi
1541 703 1642 731 con-

51 751 231 792 fusione.
278 751 433 792 Restat
465 749 576 803 [Liv
610 751 676 798 ΠΙ
712 752 780 801 39,
815 752 853 801 9,
887 753 935 803 V,
970 753 1038 804 53,
1075 756 1113 805 7,
1148 756 1232 806 VII,
1267 758 1306 807 9,
1371 759 1464 808 „X
1502 760 1567 810 12,
1601 760 1641 810 5,

51 822 161 873 XXI,
185 822 253 872 39,
288 823 327 871 6,
360 821 528 871 XXXII,
566 821 632 866 14,
666 821 907 875 5,]Virgilii
934 822 1043 876 (AEn.
1062 826 1150 877 XII,
1187 827 1269 868 719
1295 831 1337 869 et
1360 828 1474 881 727),
1507 830 1642 871 Persii

50 892 107 945 (2,
141 891 228 945 20),
261 893 433 933 Phaedri
456 891 539 945 (IV,
574 892 642 941 24,
679 893 721 944 2)
755 894 988 935 auctoritas
1023 908 1074 936 ex
1106 897 1281 939 meliore
1312 902 1452 950 aetate,
1487 901 1643 953 quibus

49 965 206 1016 praeter
237 963 484 1004 Iuvenalem
519 962 744 1004 addendus
778 968 842 1004 est
876 964 1052 1025 Tacitus
1075 967 1188 1008 Ann.
1212 968 1241 1018 Ι,
1275 969 1350 1010 47:
1385 984 1483 1024 qnos
1512 972 1643 1026 e9itur

50 1033 276 1087 (wateferret
311 1033 571 1087 (Germaniae
605 1047 659 1074 an
684 1034 919 1076 Pannoniae
952 1035 1200 1090 milites).9²)
1244 1039 1330 1080 Sed
1362 1041 1551 1083 redimus
1586 1042 1642 1083 ad

48 1105 260 1146 Iuvenalis
308 1105 566 1146 sententiam
623 1104 943 1157 explicandam,
1001 1108 1072 1160 qui
1127 1113 1275 1162 negat,
1334 1111 1491 1152 miium
1548 1126 1642 1154 esse

48 1177 228 1217 mimum
260 1176 462 1225 nobilem,
513 1188 646 1227 quum
690 1176 888 1229 princeps
930 1177 1192 1220 citharoedus
1225 1182 1292 1222 sit.
1362 1181 1497 1231 „Quid
1529 1183 1642 1224 ultra

46 1247 141 1288 haec
182 1249 359 1296 restare,
408 1246 488 1286 nisi
529 1245 678 1286 ludum
722 1246 889 1287 lanistae
928 1250 970 1288 et
1009 1253 1217 1292 arenam?
1264 1252 1353 1292 Nec
1392 1252 1435 1293 id
1468 1253 1641 1303 deesse;

48 1318 289 1359 Gracchum
322 1330 550 1370 pugnasse,
600 1329 650 1357 ac
692 1329 745 1357 ne
792 1330 843 1358 ea
885 1318 1059 1370 quidem
1100 1324 1335 1372 armatura,
1386 1336 1472 1376 qua
1511 1324 1642 1366 facies

48 1388 424 1429 absconderetur.“
493 1387 604 1437 Quid
638 1387 858 1439 apertius?
895 1389 996 1441 quid
1029 1392 1166 1443 magis
1200 1396 1562 1445 coagmentatum,
1595 1397 1643 1436 ut

48 1458 220 1499 dissolvi
252 1471 339 1499 non
372 1461 530 1510 queat?
579 1458 631 1498 Et
668 1460 816 1499 tamen
860 1459 941 1500 hoc
981 1473 1033 1500 ex
1065 1463 1375 1504 recentioribus
1408 1465 1485 1505 soli
1517 1466 1641 1506 intel-

46 1529 255 1579 lexerunt,
304 1529 580 1570 scholiastam
624 1529 771 1578 secuti,
821 1528 930 1570 Galli
972 1530 1249 1574 Achaintrius
1293 1536 1335 1574 et
1377 1534 1640 1576 Dusaultius,

46 1599 157 1640 Nam
190 1599 426 1651 Rupertius
459 1599 615 1651 aliique
650 1599 709 1639 sic
743 1602 967 1641 enarrant:
1007 1601 1133 1650 „Post
1155 1603 1248 1643 haec
1272 1604 1375 1656 quid
1396 1605 1640 1647 videbimus

46 1670 89 1710 in
121 1670 228 1711 urbe
260 1672 419 1722 praeter
449 1669 646 1717 ludos?“,
681 1670 805 1721 quasi
837 1670 919 1711 hoc
951 1671 1005 1711 sit
1037 1673 1151 1712 *ultra
1184 1673 1267 1723 illa,
1309 1688 1404 1727 quae
1439 1676 1556 1726 dixit,
1591 1690 1642 1718 ac

46 1753 133 1781 non
164 1741 236 1782 illa
268 1741 375 1793 ipsa,
410 1742 484 1781 aut
516 1740 575 1780 sic
609 1741 838 1792 quicquam
872 1740 938 1790 sit,
974 1754 1058 1794 quo
1090 1742 1303 1785 referatur
1335 1745 1390 1795 id,
1425 1747 1540 1798 quod
1572 1761 1639 1789 se-

47 1811 210 1864 quitur:
261 1811 316 1852 Et
356 1810 443 1851 ime
487 1809 564 1863 (sic
608 1810 730 1850 codd.
773 1813 814 1851 et
854 1811 1039 1853 editores
1079 1814 1361 1855 recentissimi
1399 1830 1477 1868 pro
1514 1816 1639 1871 illud)

47 1882 222 1922 dedecus
254 1878 379 1933 cet.3)
441 1881 499 1921 At
541 1881 725 1921 occurrit
763 1881 998 1934 Rupertius
1043 1884 1097 1932 et,
1147 1884 1181 1924 si
1221 1884 1325 1925 illud
1357 1888 1485 1938 poeta
1519 1888 1639 1929 volu-

46 1952 162 2002 isset,
211 1952 326 2004 quod
366 1965 444 1992 nos
485 1951 679 2000 dicimus
729 1952 882 1992 saltem
924 1966 1075 1993 mamus
1114 1954 1327 1996 dicturum
1361 1956 1504 2007 fuisse,
1553 1971 1640 1999 non

47 2023 205 2073 ludum,
240 2023 384 2072 docet3
425 2036 527 2063 nam
561 2022 706 2062 ludum
739 2034 910 2074 semper
943 2023 998 2063 ad
1031 2037 1204 2065 scenam
1238 2028 1448 2078 spectare,
1490 2042 1640 2070 munus

48 2094 104 2134 ad
150 2094 422 2146 gladiatores.
500 2093 626 2134 Errat
672 2105 759 2133 non
806 2092 976 2142 levitem
1035 2107 1138 2135 nam
1193 2096 1284 2136 ludi
1330 2100 1431 2138 sunt
1476 2101 1637 2150 scenici,

46 2164 201 2217 plurali
232 2177 425 2212 numero,
474 2176 698 2215 nunquam
741 2162 876 2213 melus,
924 2166 972 2204 ut
1003 2165 1070 2205 vel
1102 2165 1183 2207 hoc
1217 2171 1470 2220 argumento
1502 2170 1637 2222 ipsius

85 2303 113 2348 ¹)
139 2303 272 2348 [Immo
297 2305 465 2339 meliores
491 2307 642 2338 tuentur
667 2306 826 2347 quinam,
865 2307 905 2338 ut
937 2304 1091 2339 alterum
1124 2306 1333 2350 corrigendo
1368 2312 1496 2343 natum
1528 2311 1640 2356 suspi-

142 2364 215 2398 cari
241 2362 439 2408 cogamur]

84 2420 112 2465 ²)
141 2421 267 2466 [Addit
298 2423 489 2467 Siesbyeus
523 2422 626 2457 Ovid.
654 2433 697 2456 ex
723 2422 839 2455 Ponto
865 2421 891 2462 Ι,
917 2420 949 2462 3,
979 2420 1032 2462 72,
1066 2421 1225 2457 Cestium
1251 2424 1354 2459 Pium
1387 2427 1484 2470 apud
1510 2428 1553 2462 M.
1581 2428 1639 2463 Se-

143 2493 270 2516 necam
297 2480 344 2526 (p.
372 2481 440 2515 195
465 2481 621 2523 Kiessl.),
656 2482 738 2515 Sen.
767 2491 821 2524 ep.
848 2479 904 2521 46,
938 2479 970 2521 4,
1003 2480 1137 2514 Lucan.
1164 2482 1189 2522 I,
1217 2481 1294 2517 126.
1346 2485 1468 2520 Cicero
1494 2488 1539 2520 ad
1565 2488 1638 2522 Att.

142 2540 232 2581 XVI,
268 2540 323 2582 14,
357 2541 374 2573 1
402 2539 465 2584 (ut,
505 2553 606 2585 que-m
631 2542 726 2583 velis,
766 2537 928 2579 nescias),
968 2538 1139 2582 quoniam
1166 2540 1277 2574 etiam
1304 2544 1397 2585 velis,
1436 2555 1509 2579 non
1534 2548 1640 2580 malis

141 2599 271 2644 posuit,
310 2600 478 2634 universe
509 2600 608 2644 loqui
642 2599 786 2633 videtur
817 2600 852 2631 et
885 2597 1102 2641 significare,
1141 2600 1326 2635 neminem
1364 2604 1512 2638 omnino
1549 2616 1637 2647 esse,

143 2668 252 2702 quem
278 2658 357 2702 quis
383 2659 480 2700 velit,
518 2670 585 2693 nec
619 2659 689 2692 alia
721 2656 811 2691 ratio
845 2659 898 2690 est
930 2656 967 2689 in
993 2655 1092 2690 Verr.
1120 2657 1162 2698 ΙΙ,
1200 2658 1275 2693 155.
1326 2661 1382 2695 Ad
1414 2665 1528 2696 totam
1561 2674 1638 2697 rem

143 2716 403 2760 expediendam
443 2718 532 2752 illud
570 2728 714 2761 quoque
753 2715 889 2749 utiliter
927 2725 948 2748 a
986 2714 1156 2759 Siesbyeo
1194 2722 1406 2761 annotatur,
1446 2732 1518 2755 non
1556 2732 1638 2755 raro

142 2775 333 2819 scriptores
358 2788 379 2810 a
404 2777 562 2820 generali
589 2780 624 2810 et
658 2776 795 2810 incerta
826 2773 1106 2816 interrogatione
1140 2776 1293 2811 transire
1326 2780 1371 2812 ad
1403 2783 1539 2814 certam
1573 2781 1638 2814 du-

142 2845 247 2868 orum
272 2835 309 2868 in
334 2835 588 2879 interrogando
616 2833 886 2873 diiunctionem,
913 2831 1014 2866 velut
1039 2831 1249 2868 Terentium
1268 2836 1379 2871 Andr,
1398 2838 1424 2879 I,
1450 2838 1482 2879 3,
1509 2838 1541 2880 4,
1567 2839 1637 2873 Cic,

143 2893 241 2927 Verr.
268 2894 325 2935 IV,
352 2893 407 2935 24,
435 2895 478 2928 de
505 2894 602 2928 Orat.
629 2894 655 2935 I,
682 2892 760 2932 220,
788 2888 860 2933 31).]

86 2947 114 2993 ³)
141 2949 291 2994 [Eodem
318 2953 425 2987 modo
451 2953 690 2987 Heinrichius.
741 2947 860 2992 1842]

1289 3011 1354 3045 352*

1664 703 1714 728 184
