1915 3235
803 131 889 173 595

47 267 104 302 ὅτι
135 264 333 305 Graecum
365 275 517 314 neque,
552 275 648 314 quae
682 261 720 302 ei
750 261 996 314 respondet,
1030 260 1265 302 Hebraeam
1288 259 1545 312 particulam
1568 272 1642 301 ex-

51 334 286 388 cluderent.
334 333 641 385 Exemplorum
674 333 843 385 copiam
878 332 1047 384 collegit
1079 331 1413 372 Buenemannus
1447 330 1503 371 ad
1535 330 1642 371 Lac-

49 405 174 446 tantii
204 404 341 445 Instit.
374 403 440 452 IV,
479 403 544 452 12,
582 403 648 451 18,
682 403 729 451 V,
767 403 832 451 17,
868 403 937 452 30,
970 402 1036 452 VI,
1078 402 1147 451 22,
1182 402 1222 442 3.
1285 400 1378 442 Orti
1411 403 1556 441 autem
1591 413 1643 440 ex

50 474 218 516 diverso
249 473 374 515 rivuli
406 473 775 526 quemadmodum
801 473 857 514 ad
879 475 1134 522 extremum,
1168 472 1374 513 barbaria
1395 473 1641 524 superante,

48 546 171 587 mixti
193 544 290 594 sint,
326 544 381 585 ad
402 544 515 585 hanc
543 546 738 585 nostram
761 544 1044 596 quaestionem
1067 543 1172 584 nihil
1204 543 1360 584 attinet
1381 542 1595 595 persequi.
1610 539 1642 593 1)

350 710 427 757 VI.
503 710 571 756 De
609 710 780 757 formis
818 709 1093 770 imperativi
1131 709 1328 769 passivi.

167 826 236 867 Ad
268 828 522 875 extremum,
572 828 620 867 ut
656 826 772 878 ipsas
812 826 974 867 formas
1015 825 1247 867 verborum
1287 825 1510 877 attingam,
1559 836 1645 864 non

48 910 194 939 meum
228 897 450 938 inventum
482 909 738 949 proponam,
777 896 855 938 sed
894 896 1081 937 alienum
1117 895 1382 937 confirmabo
1415 897 1458 935 et
1489 894 1644 946 ampli-

47 968 202 1010 ficabo.
264 967 501 1008 Duodecim
546 968 660 1008 enim
701 967 801 1008 anni
841 970 954 1016 sunt,
1003 980 1137 1019 quum
1177 966 1430 1019 Krarupius,
1480 965 1644 1006 amicus

48 1052 184 1086 meus,
219 1038 404 1080 formam
437 1050 548 1088 eam,
584 1051 681 1091 quae
714 1038 757 1078 in
780 1037 980 1079 omnibus
1002 1038 1297 1090 grammaticis
1320 1037 1523 1078 secundae
1546 1049 1644 1089 per-

48 1122 165 1151 sonae
202 1108 357 1162 plurali
402 1109 534 1150 futuri
580 1108 825 1161 imperativi
869 1109 1030 1161 passivi
1070 1108 1329 1149 adscribitur
1372 1106 1642 1161 (amaminor,

47 1179 321 1232 hortaminor,
354 1178 617 1232 vereminor),
650 1179 824 1232 negavit
847 1179 978 1220 ullam
1004 1177 1167 1219 habere
1192 1178 1509 1219 auctoritatem.
1558 1178 1645 1218 Nec

46 1253 195 1291 tamen
235 1253 388 1303 postea
431 1251 660 1303 quisquam
702 1252 778 1291 aut
820 1263 916 1291 eam
957 1250 1142 1291 formam
1182 1248 1358 1290 sustulit
1390 1251 1466 1290 aut
1498 1261 1645 1289 exem-

46 1321 167 1374 plum
206 1321 363 1362 veteris
403 1321 623 1374 scriptoris
665 1321 850 1369 addidit;
898 1334 1000 1361 nam
1044 1320 1129 1361 duo
1170 1320 1241 1361 illa
1284 1320 1498 1368 Plautina,
1549 1332 1644 1371 quae

46 1391 380 1433 Ruddimannus
429 1394 471 1432 et
519 1391 781 1443 antiquiores
829 1391 1006 1440 habent,
1054 1404 1226 1432 summo
1270 1391 1361 1431 iure
1406 1390 1645 1442 Krarupius

46 1463 206 1513 reiecit,
250 1462 435 1503 alterum
473 1475 525 1503 ex
563 1462 739 1515 Epidico
772 1462 819 1512 V,
865 1464 903 1512 2,
948 1462 1017 1513 30,
1061 1462 1133 1503 ubi
1174 1462 1352 1515 pluralis
1393 1460 1495 1502 ferri
1527 1460 1645 1501 nullo

47 1533 177 1575 modo
216 1535 378 1586 potest,
429 1532 595 1574 codices
636 1534 780 1574 autem
822 1533 987 1574 habent
1025 1532 1315 1582 arbitr-anano,
1366 1545 1418 1573 ex
1465 1544 1550 1584 quo
1598 1530 1646 1571 fit

49 1603 339 1654 arbitramino,
374 1603 558 1644 alterum
593 1616 644 1644 ex
676 1603 889 1645 Pseudolo
913 1604 980 1654 ΙΙΙ,
1016 1604 1055 1653 2,
1091 1604 1158 1653 70,
1191 1603 1266 1644 ubi
1298 1603 1391 1644 haec
1424 1603 1645 1655 leguntur:

49 1674 97 1716 Si
128 1688 205 1729 quo
236 1674 303 1715 hic
333 1673 543 1728 spectabit,
579 1687 621 1714 eo
653 1678 698 1714 tu
728 1679 906 1728 spectato
937 1675 1089 1727 simul;
1133 1675 1170 1715 si
1202 1688 1279 1729 quo
1311 1673 1377 1714 hic
1407 1672 1645 1727 qradietur,

40 1746 210 1799 pariter
232 1745 589 1799 proqrediminor.
654 1745 706 1785 Et
737 1745 901 1786 habent
934 1745 1114 1795 codices,
1159 1758 1287 1798 quem
1329 1743 1545 1785 sententia
1577 1756 1645 1784 re-

48 1817 189 1869 quirit,
223 1816 484 1868 singularem
500 1815 832 1869 proffredimtno.
880 1816 1023 1868 Atque
1046 1816 1106 1857 sic
1127 1816 1207 1857 hos
1241 1816 1356 1857 locos
1390 1814 1642 1856 scribendos

49 1900 156 1936 esse,
206 1887 310 1928 vidit
350 1886 480 1927 etiam
521 1885 838 1928 Ramshornius
871 1901 912 1939 p.
950 1887 1045 1937 143,
1095 1887 1171 1927 sed
1214 1886 1317 1939 quid
1356 1885 1455 1926 inde
1489 1898 1645 1937 seque-

47 1961 179 2008 retur,
226 1970 313 1999 non
356 1956 473 1998 vidit.
547 1956 655 1997 Illud
697 1957 824 2006 addo,
872 1958 1011 2010 ipsam
1055 1958 1241 1999 formam
1274 1957 1442 1998 ratione
1476 1969 1645 2001 carere:

47 2041 189 2080 neque
231 2029 345 2069 enim
388 2040 573 2080 usquam
614 2027 658 2068 in
700 2028 851 2069 Latino
896 2041 1092 2069 sermone
1136 2028 1278 2068 littera
1322 2042 1345 2068 r
1385 2027 1644 2080 pluralitatis

48 2098 177 2140 index
209 2101 287 2140 est.
336 2098 418 2150 Qui
451 2099 754 2153 etymologiam
788 2099 909 2151 sequi
931 2099 1057 2146 volet,
1091 2099 1151 2140 sic
1173 2098 1477 2151 imperativum
1504 2097 1645 2150 passi-

51 2182 154 2210 vum
186 2169 424 2211 ordinabit:

678 2240 839 2292 Singul,
1349 2239 1509 2280 Plural.

115 2358 237 2399 Prior
269 2359 408 2400 forma
488 2336 601 2376 pers.
636 2323 682 2363 2:
716 2322 885 2363 hortare

440 2331 456 2447 i
487 2407 600 2446 pers.
635 2394 661 2434 2
694 2395 735 2434 et
769 2394 814 2434 3:
848 2393 1036 2433 hortator
1156 2405 1269 2444 pers.
1303 2393 1349 2433 3:
1383 2393 1601 2433 hortantor

111 2463 204 2504 Sec.
228 2463 366 2505 forma
400 2488 456 2492 —
487 2478 600 2517 pers.
634 2464 660 2504 2
693 2467 735 2504 et
767 2464 812 2504 3:
846 2460 1126 2515 hortamino²)
1163 2476 1274 2515 pers.
1309 2464 1355 2504 2:
1389 2464 1630 2503 hortamini.

89 2660 117 2705 ¹)
143 2661 199 2705 [In
224 2664 292 2697 hac
318 2663 445 2707 quinta
470 2662 717 2697 admonitione
743 2662 846 2706 plura
873 2673 969 2696 nunc
996 2662 1116 2696 addidi
1143 2663 1393 2707 supplevique,
1422 2675 1502 2707 quae
1529 2663 1647 2697 notari

148 2725 183 2755 et
208 2733 229 2755 a
254 2722 379 2765 primae
417 2722 584 2756 editionis
611 2722 728 2755 forma
754 2721 912 2764 separari
945 2721 1134 2755 commode
1168 2732 1241 2755 non
1268 2726 1475 2765 potuerunt.
1529 2720 1645 2763 1542]

91 2777 121 2822 ²)
147 2781 230 2814 Haec
257 2781 373 2814 forma
398 2784 528 2824 praeter
555 2791 615 2814 eos
642 2780 749 2819 locos,
777 2791 867 2823 quos
887 2779 1052 2813 Struvius
1079 2783 1113 2813 et
1139 2780 1199 2814 alii
1218 2780 1340 2822 citant,
1370 2784 1497 2825 quater
1517 2780 1647 2823 legitur

148 2839 184 2872 in
212 2840 334 2873 tabula
367 2839 598 2873 Heracleensi
630 2838 824 2879 (Haubold.
852 2838 1010 2872 Monum.
1038 2839 1103 2883 leg.
1131 2839 1197 2873 iur.
1225 2840 1328 2873 Rom.
1359 2852 1390 2883 μ.
1421 2839 1486 2871 Illo
1513 2837 1646 2881 [Bi-uns

148 2897 249 2931 Font.
278 2898 346 2931 Iur.
373 2898 478 2931 Rom.
506 2909 538 2941 p.
558 2897 602 2930 95
629 2900 663 2931 et
688 2895 773 2939 96]).
814 2895 949 2939 [Semel
971 2899 1148 2940 frecime'no
1176 2898 1211 2931 in
1239 2899 1382 2932 decreto
1408 2897 1647 2931 Minue-iorum

149 2956 242 2999 apud
271 2956 378 2990 Orell.
406 2967 440 2990 n.
469 2954 587 2997 3121]

1299 3014 1362 3047 30'*

1665 1119 1715 1144 240
