<?xml version="1.0" encoding="UTF-8"?>
<!DOCTYPE html PUBLIC "-//W3C//DTD XHTML 1.0 Transitional//EN"
    "http://www.w3.org/TR/xhtml1/DTD/xhtml1-transitional.dtd">
<html xmlns="http://www.w3.org/1999/xhtml" xml:lang="en" lang="en">
 <head>
  <title>
</title>
<meta http-equiv="Content-Type" content="text/html;charset=utf-8" />
  <meta name='ocr-system' content='tesseract 3.04.00' />
  <meta name='ocr-capabilities' content='ocr_page ocr_carea ocr_par ocr_line ocrx_word'/>
</head>
<body>
  <div class='ocr_page' id='page_1' title='image "./ionicolaimadvigi00madvuoft_0199.png"; bbox 0 0 1915 3235; ppageno 0'>
   <div class='ocr_carea' id='block_1_1' title="bbox 834 124 914 164">
    <p class='ocr_par' dir='ltr' id='par_1_1' title="bbox 834 124 914 164">
     <span class='ocr_line' id='line_1_1' title="bbox 834 124 914 164; baseline 0 0"><span class='ocrx_word' id='word_1_1' title='bbox 834 124 914 164; x_wconf 76' lang='lat'>177</span> 
     </span>
    </p>
   </div>
   <div class='ocr_carea' id='block_1_2' title="bbox 79 251 1671 378">
    <p class='ocr_par' dir='ltr' id='par_1_2' title="bbox 79 251 1671 378">
     <span class='ocr_line' id='line_1_2' title="bbox 79 251 1671 308; baseline 0.001 -12"><span class='ocrx_word' id='word_1_2' title='bbox 79 268 227 296; x_wconf 87' lang='lat' dir='ltr'>rursus</span> <span class='ocrx_word' id='word_1_3' title='bbox 275 255 362 295; x_wconf 88' lang='lat' dir='ltr'>ulla</span> <span class='ocrx_word' id='word_1_4' title='bbox 409 254 675 295; x_wconf 89' lang='lat' dir='ltr'>urbanarum</span> <span class='ocrx_word' id='word_1_5' title='bbox 723 253 779 294; x_wconf 90' lang='lat' dir='ltr'>ab</span> <span class='ocrx_word' id='word_1_6' title='bbox 817 253 986 294; x_wconf 77' lang='lat' dir='ltr'>rusticis</span> <span class='ocrx_word' id='word_1_7' title='bbox 1025 251 1281 306; x_wconf 78' lang='lat' dir='ltr'>seiuncta.¹)</span> <span class='ocrx_word' id='word_1_8' title='bbox 1344 255 1388 295; x_wconf 87' lang='lat' dir='ltr'>Si</span> <span class='ocrx_word' id='word_1_9' title='bbox 1435 269 1522 308; x_wconf 84' lang='lat' dir='ltr'>qua</span> <span class='ocrx_word' id='word_1_10' title='bbox 1568 256 1671 297; x_wconf 88' lang='lat' dir='ltr'>urbs</span> 
     </span>
     <span class='ocr_line' id='line_1_3' title="bbox 80 323 1671 378; baseline 0.001 -11"><span class='ocrx_word' id='word_1_11' title='bbox 80 328 185 375; x_wconf 88' lang='lat' dir='ltr'>erat,</span> <span class='ocrx_word' id='word_1_12' title='bbox 219 325 262 366; x_wconf 91' lang='lat' dir='ltr'>id</span> <span class='ocrx_word' id='word_1_13' title='bbox 295 327 425 378; x_wconf 89' lang='lat' dir='ltr'>caput</span> <span class='ocrx_word' id='word_1_14' title='bbox 457 326 501 365; x_wconf 86' lang='lat' dir='ltr'>et</span> <span class='ocrx_word' id='word_1_15' title='bbox 531 324 656 365; x_wconf 90' lang='lat' dir='ltr'>sedes</span> <span class='ocrx_word' id='word_1_16' title='bbox 690 323 872 365; x_wconf 79' lang='lat' dir='ltr'>civitatis</span> <span class='ocrx_word' id='word_1_17' title='bbox 903 323 1151 365; x_wconf 77' lang='lat' dir='ltr'><strong>habebatur</strong></span> <span class='ocrx_word' id='word_1_18' title='bbox 1182 338 1428 377; x_wconf 84' lang='lat' dir='ltr'>nomenque</span> <span class='ocrx_word' id='word_1_19' title='bbox 1461 325 1499 366; x_wconf 93' lang='lat' dir='ltr'>ei</span> <span class='ocrx_word' id='word_1_20' title='bbox 1524 326 1671 377; x_wconf 86' lang='lat' dir='ltr'>dabat,</span> 
     </span>
    </p>
   </div>
   <div class='ocr_carea' id='block_1_3' title="bbox 82 394 1744 448">
    <p class='ocr_par' dir='ltr' id='par_1_3' title="bbox 82 394 1744 448">
     <span class='ocr_line' id='line_1_4' title="bbox 82 394 1744 448; baseline -0.002 -11"><span class='ocrx_word' id='word_1_21' title='bbox 82 397 271 437; x_wconf 89' lang='lat' dir='ltr'>ceterum</span> <span class='ocrx_word' id='word_1_22' title='bbox 304 395 564 436; x_wconf 86' lang='lat' dir='ltr'>domicilium</span> <span class='ocrx_word' id='word_1_23' title='bbox 598 394 751 447; x_wconf 86' lang='lat' dir='ltr'>aliquis</span> <span class='ocrx_word' id='word_1_24' title='bbox 783 394 827 435; x_wconf 90' lang='lat' dir='ltr'>in</span> <span class='ocrx_word' id='word_1_25' title='bbox 858 394 966 436; x_wconf 91' lang='lat' dir='ltr'>urbe</span> <span class='ocrx_word' id='word_1_26' title='bbox 998 408 1054 436; x_wconf 92' lang='lat' dir='ltr'>an</span> <span class='ocrx_word' id='word_1_27' title='bbox 1078 394 1123 435; x_wconf 85' lang='lat' dir='ltr'>in</span> <span class='ocrx_word' id='word_1_28' title='bbox 1146 408 1249 448; x_wconf 84' lang='lat' dir='ltr'>agro</span> <span class='ocrx_word' id='word_1_29' title='bbox 1271 395 1451 448; x_wconf 66' lang='lat' dir='ltr'>vinoque</span> <span class='ocrx_word' id='word_1_30' title='bbox 1475 396 1671 447; x_wconf 86' lang='lat' dir='ltr'>haberet,</span> <span class='ocrx_word' id='word_1_31' title='bbox 1694 409 1744 434; x_wconf 82' lang='lat'>218</span> 
     </span>
    </p>
   </div>
   <div class='ocr_carea' id='block_1_4' title="bbox 79 465 1681 1511">
    <p class='ocr_par' dir='ltr' id='par_1_4' title="bbox 79 465 1681 1511">
     <span class='ocr_line' id='line_1_5' title="bbox 79 465 1672 518; baseline 0.001 -10"><span class='ocrx_word' id='word_1_32' title='bbox 79 479 166 508; x_wconf 90' lang='lat' dir='ltr'>non</span> <span class='ocrx_word' id='word_1_33' title='bbox 205 466 343 507; x_wconf 88' lang='lat' dir='ltr'>solum</span> <span class='ocrx_word' id='word_1_34' title='bbox 382 466 675 507; x_wconf 78' lang='lat' dir='ltr'>vetustissimo</span> <span class='ocrx_word' id='word_1_35' title='bbox 712 467 907 518; x_wconf 89' lang='lat' dir='ltr'>tempore</span> <span class='ocrx_word' id='word_1_36' title='bbox 953 465 1058 506; x_wconf 90' lang='lat' dir='ltr'>nihil</span> <span class='ocrx_word' id='word_1_37' title='bbox 1105 466 1324 515; x_wconf 73' lang='lat' dir='ltr'>intererat,</span> <span class='ocrx_word' id='word_1_38' title='bbox 1373 467 1450 507; x_wconf 90' lang='lat' dir='ltr'>sed</span> <span class='ocrx_word' id='word_1_39' title='bbox 1498 468 1672 509; x_wconf 88' lang='lat' dir='ltr'>omnino</span> 
     </span>
     <span class='ocr_line' id='line_1_6' title="bbox 80 535 1673 589; baseline 0.001 -11"><span class='ocrx_word' id='word_1_40' title='bbox 80 537 162 578; x_wconf 90' lang='lat' dir='ltr'>hoc</span> <span class='ocrx_word' id='word_1_41' title='bbox 194 536 449 577; x_wconf 82' lang='lat' dir='ltr'>discriminis</span> <span class='ocrx_word' id='word_1_42' title='bbox 490 549 624 588; x_wconf 83' lang='lat' dir='ltr'>genus</span> <span class='ocrx_word' id='word_1_43' title='bbox 664 549 690 576; x_wconf 90' lang='lat' dir='ltr'>a</span> <span class='ocrx_word' id='word_1_44' title='bbox 729 535 820 576; x_wconf 90' lang='lat' dir='ltr'>iure</span> <span class='ocrx_word' id='word_1_45' title='bbox 864 537 1140 589; x_wconf 86' lang='lat' dir='ltr'>antiquorum</span> <span class='ocrx_word' id='word_1_46' title='bbox 1182 536 1442 589; x_wconf 83' lang='lat' dir='ltr'>populorum</span> <span class='ocrx_word' id='word_1_47' title='bbox 1484 537 1673 579; x_wconf 83' lang='lat' dir='ltr'>alienum</span> 
     </span>
     <span class='ocr_line' id='line_1_7' title="bbox 82 606 1673 659; baseline 0 -10"><span class='ocrx_word' id='word_1_48' title='bbox 82 610 194 657; x_wconf 82' lang='lat' dir='ltr'>erat3</span> <span class='ocrx_word' id='word_1_49' title='bbox 241 609 425 656; x_wconf 83' lang='lat' dir='ltr'>tantum,</span> <span class='ocrx_word' id='word_1_50' title='bbox 475 607 547 659; x_wconf 83' lang='lat' dir='ltr'>qui</span> <span class='ocrx_word' id='word_1_51' title='bbox 585 607 629 648; x_wconf 91' lang='lat' dir='ltr'>in</span> <span class='ocrx_word' id='word_1_52' title='bbox 668 606 775 647; x_wconf 88' lang='lat' dir='ltr'>urbe</span> <span class='ocrx_word' id='word_1_53' title='bbox 807 606 1052 648; x_wconf 89' lang='lat' dir='ltr'>sedentario</span> <span class='ocrx_word' id='word_1_54' title='bbox 1085 609 1256 659; x_wconf 82' lang='lat' dir='ltr'>quaestu</span> <span class='ocrx_word' id='word_1_55' title='bbox 1288 608 1423 648; x_wconf 81' lang='lat' dir='ltr'>vitam</span> <span class='ocrx_word' id='word_1_56' title='bbox 1456 611 1673 650; x_wconf 88' lang='lat' dir='ltr'>sustenta-</span> 
     </span>
     <span class='ocr_line' id='line_1_8' title="bbox 80 677 1675 729; baseline 0.001 -10"><span class='ocrx_word' id='word_1_57' title='bbox 80 678 200 728; x_wconf 88' lang='lat' dir='ltr'>bant,</span> <span class='ocrx_word' id='word_1_58' title='bbox 249 678 358 719; x_wconf 85' lang='lat' dir='ltr'>inter</span> <span class='ocrx_word' id='word_1_59' title='bbox 403 677 600 719; x_wconf 87' lang='lat' dir='ltr'>homines</span> <span class='ocrx_word' id='word_1_60' title='bbox 651 677 740 729; x_wconf 85' lang='lat' dir='ltr'>agri</span> <span class='ocrx_word' id='word_1_61' title='bbox 788 677 954 718; x_wconf 87' lang='lat' dir='ltr'>colendi</span> <span class='ocrx_word' id='word_1_62' title='bbox 994 679 1036 718; x_wconf 91' lang='lat' dir='ltr'>et</span> <span class='ocrx_word' id='word_1_63' title='bbox 1077 677 1177 718; x_wconf 90' lang='lat' dir='ltr'>belli</span> <span class='ocrx_word' id='word_1_64' title='bbox 1219 678 1434 720; x_wconf 85' lang='lat' dir='ltr'>studiosos</span> <span class='ocrx_word' id='word_1_65' title='bbox 1474 679 1675 721; x_wconf 86' lang='lat' dir='ltr'>inferiore</span> 
     </span>
     <span class='ocr_line' id='line_1_9' title="bbox 84 744 1674 802; baseline 0.001 -12"><span class='ocrx_word' id='word_1_66' title='bbox 84 749 399 790; x_wconf 77' lang='lat' dir='ltr'>existimatione</span> <span class='ocrx_word' id='word_1_67' title='bbox 442 744 623 800; x_wconf 75' lang='lat' dir='ltr'>erant.²)</span> <span class='ocrx_word' id='word_1_68' title='bbox 686 747 848 789; x_wconf 88' lang='lat' dir='ltr'>Omnes</span> <span class='ocrx_word' id='word_1_69' title='bbox 893 750 1052 798; x_wconf 86' lang='lat' dir='ltr'>autem,</span> <span class='ocrx_word' id='word_1_70' title='bbox 1102 748 1173 800; x_wconf 84' lang='lat' dir='ltr'>qui</span> <span class='ocrx_word' id='word_1_71' title='bbox 1218 749 1400 790; x_wconf 76' lang='lat' dir='ltr'>civitatis</span> <span class='ocrx_word' id='word_1_72' title='bbox 1442 750 1674 802; x_wconf 77' lang='lat' dir='ltr'>participes</span> 
     </span>
     <span class='ocr_line' id='line_1_10' title="bbox 83 818 1675 873; baseline 0.001 -13"><span class='ocrx_word' id='word_1_73' title='bbox 83 822 219 868; x_wconf 84' lang='lat' dir='ltr'>erant,</span> <span class='ocrx_word' id='word_1_74' title='bbox 252 819 332 871; x_wconf 88' lang='lat' dir='ltr'>ipsi</span> <span class='ocrx_word' id='word_1_75' title='bbox 364 818 635 871; x_wconf 89' lang='lat' dir='ltr'>publicorum</span> <span class='ocrx_word' id='word_1_76' title='bbox 668 819 938 871; x_wconf 83' lang='lat' dir='ltr'>negotiorum</span> <span class='ocrx_word' id='word_1_77' title='bbox 972 818 1239 871; x_wconf 84' lang='lat' dir='ltr'>agendorum</span> <span class='ocrx_word' id='word_1_78' title='bbox 1272 820 1365 860; x_wconf 88' lang='lat' dir='ltr'>loca</span> <span class='ocrx_word' id='word_1_79' title='bbox 1390 822 1675 873; x_wconf 78' lang='lat' dir='ltr'>temporaque</span> 
     </span>
     <span class='ocr_line' id='line_1_11' title="bbox 83 889 1676 944; baseline 0.001 -14"><span class='ocrx_word' id='word_1_80' title='bbox 83 889 276 931; x_wconf 85' lang='lat' dir='ltr'>obibant.</span> <span class='ocrx_word' id='word_1_81' title='bbox 325 889 525 931; x_wconf 88' lang='lat' dir='ltr'>Ceterum</span> <span class='ocrx_word' id='word_1_82' title='bbox 559 889 634 930; x_wconf 89' lang='lat' dir='ltr'>ubi</span> <span class='ocrx_word' id='word_1_83' title='bbox 666 889 810 942; x_wconf 90' lang='lat' dir='ltr'>plures</span> <span class='ocrx_word' id='word_1_84' title='bbox 844 892 967 931; x_wconf 89' lang='lat' dir='ltr'>erant</span> <span class='ocrx_word' id='word_1_85' title='bbox 999 890 1190 930; x_wconf 87' lang='lat' dir='ltr'>eiusdem</span> <span class='ocrx_word' id='word_1_86' title='bbox 1217 890 1361 943; x_wconf 79' lang='lat' dir='ltr'>stirpis</span> <span class='ocrx_word' id='word_1_87' title='bbox 1384 891 1532 943; x_wconf 87' lang='lat' dir='ltr'>populi</span> <span class='ocrx_word' id='word_1_88' title='bbox 1557 890 1676 944; x_wconf 86' lang='lat' dir='ltr'>(nam</span> 
     </span>
     <span class='ocr_line' id='line_1_12' title="bbox 84 958 1677 1013; baseline 0.002 -13"><span class='ocrx_word' id='word_1_89' title='bbox 84 960 232 1013; x_wconf 91' lang='lat' dir='ltr'>populi</span> <span class='ocrx_word' id='word_1_90' title='bbox 258 958 563 1013; x_wconf 79' lang='lat' dir='ltr'>appellantur),</span> <span class='ocrx_word' id='word_1_91' title='bbox 597 960 765 1012; x_wconf 82' lang='lat' dir='ltr'>linguae,</span> <span class='ocrx_word' id='word_1_92' title='bbox 800 974 969 1001; x_wconf 86' lang='lat' dir='ltr'>morum</span> <span class='ocrx_word' id='word_1_93' title='bbox 994 960 1374 1013; x_wconf 86' lang='lat' dir='ltr'>institutorumque</span> <span class='ocrx_word' id='word_1_94' title='bbox 1399 961 1677 1004; x_wconf 87' lang='lat' dir='ltr'>similitudine</span> 
     </span>
     <span class='ocr_line' id='line_1_13' title="bbox 84 1030 1678 1085; baseline 0.001 -13"><span class='ocrx_word' id='word_1_95' title='bbox 84 1031 310 1081; x_wconf 90' lang='lat' dir='ltr'>coniuncti,</span> <span class='ocrx_word' id='word_1_96' title='bbox 360 1031 604 1072; x_wconf 80' lang='lat' dir='ltr'>civitatibus</span> <span class='ocrx_word' id='word_1_97' title='bbox 638 1030 823 1081; x_wconf 87' lang='lat' dir='ltr'>discreti,</span> <span class='ocrx_word' id='word_1_98' title='bbox 870 1045 950 1072; x_wconf 93' lang='lat' dir='ltr'>nec</span> <span class='ocrx_word' id='word_1_99' title='bbox 981 1034 1129 1073; x_wconf 86' lang='lat' dir='ltr'>tamen</span> <span class='ocrx_word' id='word_1_100' title='bbox 1161 1032 1366 1084; x_wconf 83' lang='lat' dir='ltr'>singulari</span> <span class='ocrx_word' id='word_1_101' title='bbox 1399 1032 1543 1085; x_wconf 81' lang='lat' dir='ltr'>aliquo</span> <span class='ocrx_word' id='word_1_102' title='bbox 1577 1046 1678 1074; x_wconf 89' lang='lat' dir='ltr'>casu</span> 
     </span>
     <span class='ocr_line' id='line_1_14' title="bbox 84 1101 1679 1155; baseline 0.002 -13"><span class='ocrx_word' id='word_1_103' title='bbox 84 1101 250 1151; x_wconf 82' lang='lat' dir='ltr'>divulsi,</span> <span class='ocrx_word' id='word_1_104' title='bbox 289 1102 478 1155; x_wconf 86' lang='lat' dir='ltr'>primum</span> <span class='ocrx_word' id='word_1_105' title='bbox 511 1102 687 1143; x_wconf 86' lang='lat' dir='ltr'>alterius</span> <span class='ocrx_word' id='word_1_106' title='bbox 719 1102 867 1155; x_wconf 91' lang='lat' dir='ltr'>populi</span> <span class='ocrx_word' id='word_1_107' title='bbox 898 1103 1096 1144; x_wconf 89' lang='lat' dir='ltr'>homines</span> <span class='ocrx_word' id='word_1_108' title='bbox 1130 1103 1220 1155; x_wconf 80' lang='lat' dir='ltr'>apti</span> <span class='ocrx_word' id='word_1_109' title='bbox 1253 1105 1377 1144; x_wconf 84' lang='lat' dir='ltr'>erant</span> <span class='ocrx_word' id='word_1_110' title='bbox 1410 1103 1465 1144; x_wconf 91' lang='lat' dir='ltr'>ad</span> <span class='ocrx_word' id='word_1_111' title='bbox 1497 1117 1679 1146; x_wconf 87' lang='lat' dir='ltr'>munera</span> 
     </span>
     <span class='ocr_line' id='line_1_15' title="bbox 84 1172 1678 1226; baseline 0.001 -13"><span class='ocrx_word' id='word_1_112' title='bbox 84 1172 239 1213; x_wconf 79' lang='lat' dir='ltr'>civium</span> <span class='ocrx_word' id='word_1_113' title='bbox 277 1172 445 1225; x_wconf 58' lang='lat' dir='ltr'>privata</span> <span class='ocrx_word' id='word_1_114' title='bbox 478 1173 521 1213; x_wconf 91' lang='lat' dir='ltr'>in</span> <span class='ocrx_word' id='word_1_115' title='bbox 554 1172 615 1213; x_wconf 87' lang='lat' dir='ltr'>rei</span> <span class='ocrx_word' id='word_1_116' title='bbox 647 1173 869 1214; x_wconf 86' lang='lat' dir='ltr'>familiaris</span> <span class='ocrx_word' id='word_1_117' title='bbox 902 1174 1083 1226; x_wconf 84' lang='lat' dir='ltr'>negotiis</span> <span class='ocrx_word' id='word_1_118' title='bbox 1124 1174 1167 1215; x_wconf 91' lang='lat' dir='ltr'>in</span> <span class='ocrx_word' id='word_1_119' title='bbox 1201 1174 1337 1215; x_wconf 80' lang='lat' dir='ltr'>altera</span> <span class='ocrx_word' id='word_1_120' title='bbox 1370 1174 1541 1215; x_wconf 73' lang='lat' dir='ltr'>civitate</span> <span class='ocrx_word' id='word_1_121' title='bbox 1574 1175 1678 1217; x_wconf 91' lang='lat' dir='ltr'>obe-</span> 
     </span>
     <span class='ocr_line' id='line_1_16' title="bbox 83 1243 1679 1298; baseline 0.002 -14"><span class='ocrx_word' id='word_1_122' title='bbox 83 1243 219 1293; x_wconf 87' lang='lat' dir='ltr'>unda,</span> <span class='ocrx_word' id='word_1_123' title='bbox 275 1256 353 1284; x_wconf 90' lang='lat' dir='ltr'>nec</span> <span class='ocrx_word' id='word_1_124' title='bbox 402 1243 685 1285; x_wconf 82' lang='lat' dir='ltr'>contaminari</span> <span class='ocrx_word' id='word_1_125' title='bbox 733 1244 861 1297; x_wconf 86' lang='lat' dir='ltr'>stirps</span> <span class='ocrx_word' id='word_1_126' title='bbox 909 1245 1147 1298; x_wconf 88' lang='lat' dir='ltr'>putabatur</span> <span class='ocrx_word' id='word_1_127' title='bbox 1194 1245 1480 1286; x_wconf 88' lang='lat' dir='ltr'>matrimoniis</span> <span class='ocrx_word' id='word_1_128' title='bbox 1528 1248 1679 1288; x_wconf 88' lang='lat' dir='ltr'>mutuo</span> 
     </span>
     <span class='ocr_line' id='line_1_17' title="bbox 83 1314 1679 1367; baseline 0.002 -13"><span class='ocrx_word' id='word_1_129' title='bbox 83 1315 218 1363; x_wconf 87' lang='lat' dir='ltr'>initis;</span> <span class='ocrx_word' id='word_1_130' title='bbox 265 1328 367 1355; x_wconf 85' lang='lat' dir='ltr'>nam</span> <span class='ocrx_word' id='word_1_131' title='bbox 416 1314 567 1355; x_wconf 90' lang='lat' dir='ltr'>eadem</span> <span class='ocrx_word' id='word_1_132' title='bbox 616 1318 741 1356; x_wconf 84' lang='lat' dir='ltr'>erant</span> <span class='ocrx_word' id='word_1_133' title='bbox 787 1328 924 1365; x_wconf 84' lang='lat' dir='ltr'>sacra,</span> <span class='ocrx_word' id='word_1_134' title='bbox 973 1315 1130 1367; x_wconf 86' lang='lat' dir='ltr'>quibus</span> <span class='ocrx_word' id='word_1_135' title='bbox 1169 1315 1385 1357; x_wconf 88' lang='lat' dir='ltr'>solemnes</span> <span class='ocrx_word' id='word_1_136' title='bbox 1424 1317 1530 1357; x_wconf 87' lang='lat' dir='ltr'>ritus</span> <span class='ocrx_word' id='word_1_137' title='bbox 1570 1317 1679 1358; x_wconf 87' lang='lat' dir='ltr'>nite-</span> 
     </span>
     <span class='ocr_line' id='line_1_18' title="bbox 83 1382 1677 1439; baseline 0.002 -14"><span class='ocrx_word' id='word_1_138' title='bbox 83 1385 255 1435; x_wconf 88' lang='lat' dir='ltr'>bantur,</span> <span class='ocrx_word' id='word_1_139' title='bbox 289 1385 403 1426; x_wconf 90' lang='lat' dir='ltr'>idem</span> <span class='ocrx_word' id='word_1_140' title='bbox 436 1385 501 1426; x_wconf 87' lang='lat' dir='ltr'>ius</span> <span class='ocrx_word' id='word_1_141' title='bbox 534 1382 812 1438; x_wconf 76' lang='lat' dir='ltr'>privatun1.3)</span> <span class='ocrx_word' id='word_1_142' title='bbox 860 1386 1009 1439; x_wconf 89' lang='lat' dir='ltr'>Itaque</span> <span class='ocrx_word' id='word_1_143' title='bbox 1042 1388 1327 1427; x_wconf 76' lang='lat' dir='ltr'>commercium</span> <span class='ocrx_word' id='word_1_144' title='bbox 1364 1390 1407 1428; x_wconf 91' lang='lat' dir='ltr'>et</span> <span class='ocrx_word' id='word_1_145' title='bbox 1432 1388 1677 1428; x_wconf 71' lang='lat' dir='ltr'>connubium</span> 
     </span>
     <span class='ocr_line' id='line_1_19' title="bbox 84 1455 1681 1511; baseline 0.002 -15"><span class='ocrx_word' id='word_1_146' title='bbox 84 1455 194 1504; x_wconf 90' lang='lat' dir='ltr'>inter</span> <span class='ocrx_word' id='word_1_147' title='bbox 241 1469 285 1496; x_wconf 91' lang='lat' dir='ltr'>se</span> <span class='ocrx_word' id='word_1_148' title='bbox 332 1456 570 1497; x_wconf 88' lang='lat' dir='ltr'>habebant.</span> <span class='ocrx_word' id='word_1_149' title='bbox 636 1456 800 1498; x_wconf 90' lang='lat' dir='ltr'>Deinde</span> <span class='ocrx_word' id='word_1_150' title='bbox 847 1458 1101 1510; x_wconf 85' lang='lat' dir='ltr'>plerumque</span> <span class='ocrx_word' id='word_1_151' title='bbox 1149 1459 1217 1498; x_wconf 80' lang='lat' dir='ltr'>hae</span> <span class='ocrx_word' id='word_1_152' title='bbox 1267 1457 1460 1499; x_wconf 78' lang='lat' dir='ltr'>civitates</span> <span class='ocrx_word' id='word_1_153' title='bbox 1508 1459 1681 1511; x_wconf 86' lang='lat' dir='ltr'>publico</span> 
     </span>
    </p>
   </div>
   <div class='ocr_carea' id='block_1_5' title="bbox 122 1652 1690 3046">
    <p class='ocr_par' dir='ltr' id='par_1_5' title="bbox 123 1652 1182 1699">
     <span class='ocr_line' id='line_1_20' title="bbox 123 1652 1182 1699; baseline 0.001 -10"><span class='ocrx_word' id='word_1_154' title='bbox 123 1653 149 1697; x_wconf 85' lang='lat'>¹)</span> <span class='ocrx_word' id='word_1_155' title='bbox 176 1655 282 1699; x_wconf 90' lang='lat' dir='ltr'>Apud</span> <span class='ocrx_word' id='word_1_156' title='bbox 311 1656 451 1690; x_wconf 72' lang='lat' dir='ltr'>Graecos</span> <span class='ocrx_word' id='word_1_157' title='bbox 478 1653 498 1696; x_wconf 78' lang='grc' dir='ltr'><em>ἦ</em></span> <span class='ocrx_word' id='word_1_158' title='bbox 525 1655 677 1687; x_wconf 70' lang='grc' dir='ltr'>πολιτεία</span> <span class='ocrx_word' id='word_1_159' title='bbox 705 1656 836 1690; x_wconf 83' lang='lat' dir='ltr'>dicitur</span> <span class='ocrx_word' id='word_1_160' title='bbox 861 1652 930 1687; x_wconf 63' lang='lat'>«³216</span> <span class='ocrx_word' id='word_1_161' title='bbox 957 1657 1016 1695; x_wconf 77' lang='grc' dir='ltr'>τῆς</span> <span class='ocrx_word' id='word_1_162' title='bbox 1041 1653 1182 1692; x_wconf 71' lang='grc' dir='ltr'><em>πόλεως.</em></span> 
     </span>
    </p>

    <p class='ocr_par' dir='ltr' id='par_1_6' title="bbox 122 1712 1686 2340">
     <span class='ocr_line' id='line_1_21' title="bbox 122 1712 1682 1761; baseline 0.002 -13"><span class='ocrx_word' id='word_1_163' title='bbox 122 1712 150 1756; x_wconf 88' lang='lat'>²)</span> <span class='ocrx_word' id='word_1_164' title='bbox 176 1714 268 1748; x_wconf 92' lang='lat' dir='ltr'>Hinc</span> <span class='ocrx_word' id='word_1_165' title='bbox 294 1715 402 1759; x_wconf 81' lang='lat' dir='ltr'>igitur</span> <span class='ocrx_word' id='word_1_166' title='bbox 430 1717 529 1749; x_wconf 75' lang='lat' dir='ltr'>urbis</span> <span class='ocrx_word' id='word_1_167' title='bbox 555 1715 749 1760; x_wconf 79' lang='lat' dir='ltr'>appellatio</span> <span class='ocrx_word' id='word_1_168' title='bbox 775 1718 902 1759; x_wconf 82' lang='lat' dir='ltr'>postea</span> <span class='ocrx_word' id='word_1_169' title='bbox 928 1726 1073 1759; x_wconf 82' lang='lat' dir='ltr'>quoque</span> <span class='ocrx_word' id='word_1_170' title='bbox 1091 1716 1127 1749; x_wconf 91' lang='lat' dir='ltr'>in</span> <span class='ocrx_word' id='word_1_171' title='bbox 1147 1727 1218 1750; x_wconf 86' lang='lat' dir='ltr'>una</span> <span class='ocrx_word' id='word_1_172' title='bbox 1238 1717 1338 1757; x_wconf 84' lang='grc'><strong>111110,</strong></span> <span class='ocrx_word' id='word_1_173' title='bbox 1366 1720 1543 1760; x_wconf 82' lang='lat' dir='ltr'>tanquam</span> <span class='ocrx_word' id='word_1_174' title='bbox 1561 1718 1682 1761; x_wconf 81' lang='lat' dir='ltr'>plures</span> 
     </span>
     <span class='ocr_line' id='line_1_22' title="bbox 180 1774 1682 1819; baseline 0.001 -11"><span class='ocrx_word' id='word_1_175' title='bbox 180 1785 253 1808; x_wconf 91' lang='lat' dir='ltr'>non</span> <span class='ocrx_word' id='word_1_176' title='bbox 286 1778 407 1808; x_wconf 87' lang='lat' dir='ltr'>essent</span> <span class='ocrx_word' id='word_1_177' title='bbox 438 1775 545 1808; x_wconf 80' lang='lat' dir='ltr'>unius</span> <span class='ocrx_word' id='word_1_178' title='bbox 579 1774 720 1819; x_wconf 82' lang='lat' dir='ltr'>populi,</span> <span class='ocrx_word' id='word_1_179' title='bbox 755 1775 906 1815; x_wconf 85' lang='lat' dir='ltr'>mansit;</span> <span class='ocrx_word' id='word_1_180' title='bbox 945 1775 1046 1815; x_wconf 77' lang='lat' dir='ltr'>hinc,</span> <span class='ocrx_word' id='word_1_181' title='bbox 1086 1786 1241 1818; x_wconf 86' lang='lat' dir='ltr'>quorum</span> <span class='ocrx_word' id='word_1_182' title='bbox 1275 1775 1491 1819; x_wconf 84' lang='lat' dir='ltr'>oppidorum</span> <span class='ocrx_word' id='word_1_183' title='bbox 1525 1777 1620 1810; x_wconf 77' lang='lat' dir='ltr'>cives</span> <span class='ocrx_word' id='word_1_184' title='bbox 1646 1776 1682 1810; x_wconf 91' lang='lat' dir='ltr'>in</span> 
     </span>
     <span class='ocr_line' id='line_1_23' title="bbox 178 1833 1684 1878; baseline 0.002 -11"><span class='ocrx_word' id='word_1_185' title='bbox 178 1833 303 1877; x_wconf 80' lang='lat' dir='ltr'>popuii</span> <span class='ocrx_word' id='word_1_186' title='bbox 321 1833 425 1867; x_wconf 87' lang='lat' dir='ltr'>Rom.</span> <span class='ocrx_word' id='word_1_187' title='bbox 446 1845 575 1877; x_wconf 88' lang='lat' dir='ltr'>corpus</span> <span class='ocrx_word' id='word_1_188' title='bbox 601 1834 735 1877; x_wconf 85' lang='lat' dir='ltr'>recepti</span> <span class='ocrx_word' id='word_1_189' title='bbox 762 1838 875 1875; x_wconf 83' lang='lat' dir='ltr'>erant,</span> <span class='ocrx_word' id='word_1_190' title='bbox 902 1845 975 1868; x_wconf 88' lang='lat' dir='ltr'>non</span> <span class='ocrx_word' id='word_1_191' title='bbox 993 1845 1050 1867; x_wconf 91' lang='lat' dir='ltr'>res</span> <span class='ocrx_word' id='word_1_192' title='bbox 1069 1834 1213 1878; x_wconf 87' lang='lat' dir='ltr'>publica</span> <span class='ocrx_word' id='word_1_193' title='bbox 1232 1835 1351 1875; x_wconf 84' lang='lat' dir='ltr'>inodo,</span> <span class='ocrx_word' id='word_1_194' title='bbox 1380 1836 1440 1869; x_wconf 88' lang='lat' dir='ltr'>sed</span> <span class='ocrx_word' id='word_1_195' title='bbox 1462 1837 1588 1869; x_wconf 69' lang='lat' dir='ltr'>civitas</span> <span class='ocrx_word' id='word_1_196' title='bbox 1606 1847 1684 1870; x_wconf 86' lang='lat' dir='ltr'>esse</span> 
     </span>
     <span class='ocr_line' id='line_1_24' title="bbox 181 1892 1683 1936; baseline 0.002 -11"><span class='ocrx_word' id='word_1_197' title='bbox 181 1892 368 1926; x_wconf 82' lang='lat' dir='ltr'>desinebat</span> <span class='ocrx_word' id='word_1_198' title='bbox 395 1893 478 1935; x_wconf 67' lang='lat' dir='ltr'>(Cic.</span> <span class='ocrx_word' id='word_1_199' title='bbox 507 1893 632 1936; x_wconf 78' lang='lat' dir='ltr'>fragm.</span> <span class='ocrx_word' id='word_1_200' title='bbox 660 1893 735 1927; x_wconf 80' lang='lat' dir='ltr'>init.</span> <span class='ocrx_word' id='word_1_201' title='bbox 763 1897 851 1927; x_wconf 88' lang='lat' dir='ltr'>orat.</span> <span class='ocrx_word' id='word_1_202' title='bbox 879 1893 916 1926; x_wconf 89' lang='lat' dir='ltr'>in</span> <span class='ocrx_word' id='word_1_203' title='bbox 942 1893 1060 1926; x_wconf 85' lang='lat' dir='ltr'>Pison.</span> <span class='ocrx_word' id='word_1_204' title='bbox 1089 1905 1174 1926; x_wconf 75' lang='lat' dir='ltr'>nam</span> <span class='ocrx_word' id='word_1_205' title='bbox 1200 1899 1274 1926; x_wconf 74' lang='lat' dir='ltr'>tum</span> <span class='ocrx_word' id='word_1_206' title='bbox 1306 1900 1385 1927; x_wconf 71' lang='lat' dir='ltr'>erat</span> <span class='ocrx_word' id='word_1_207' title='bbox 1410 1894 1566 1936; x_wconf 70' lang='lat' dir='ltr'>‹·1&#39;z·e&#39;tas);</span> <span class='ocrx_word' id='word_1_208' title='bbox 1601 1895 1683 1929; x_wconf 85' lang='lat' dir='ltr'>hinc</span> 
     </span>
     <span class='ocr_line' id='line_1_25' title="bbox 181 1951 1685 1996; baseline 0.002 -12"><span class='ocrx_word' id='word_1_209' title='bbox 181 1951 371 1995; x_wconf 66' lang='lat' dir='ltr'>singularis</span> <span class='ocrx_word' id='word_1_210' title='bbox 398 1952 459 1985; x_wconf 87' lang='lat' dir='ltr'>illa</span> <span class='ocrx_word' id='word_1_211' title='bbox 487 1953 586 1985; x_wconf 74' lang='lat' dir='ltr'>urbis</span> <span class='ocrx_word' id='word_1_212' title='bbox 612 1952 796 1985; x_wconf 85' lang='lat' dir='ltr'>veneratio</span> <span class='ocrx_word' id='word_1_213' title='bbox 823 1963 864 1986; x_wconf 88' lang='lat' dir='ltr'>ea</span> <span class='ocrx_word' id='word_1_214' title='bbox 892 1963 1035 1995; x_wconf 83' lang='lat' dir='ltr'>quoque</span> <span class='ocrx_word' id='word_1_215' title='bbox 1069 1955 1186 1993; x_wconf 82' lang='lat' dir='ltr'>aetate,</span> <span class='ocrx_word' id='word_1_216' title='bbox 1226 1964 1339 1996; x_wconf 85' lang='lat' dir='ltr'>quum</span> <span class='ocrx_word' id='word_1_217' title='bbox 1372 1953 1444 1987; x_wconf 85' lang='lat' dir='ltr'>late</span> <span class='ocrx_word' id='word_1_218' title='bbox 1477 1953 1558 1987; x_wconf 87' lang='lat' dir='ltr'>fusa</span> <span class='ocrx_word' id='word_1_219' title='bbox 1592 1958 1685 1988; x_wconf 86' lang='lat' dir='ltr'>esset</span> 
     </span>
     <span class='ocr_line' id='line_1_26' title="bbox 181 2010 1684 2056; baseline 0.002 -13"><span class='ocrx_word' id='word_1_220' title='bbox 181 2010 323 2047; x_wconf 81' lang='lat' dir='ltr'>civitas;</span> <span class='ocrx_word' id='word_1_221' title='bbox 362 2011 422 2044; x_wconf 85' lang='lat' dir='ltr'>illa</span> <span class='ocrx_word' id='word_1_222' title='bbox 454 2011 491 2044; x_wconf 89' lang='lat' dir='ltr'>in</span> <span class='ocrx_word' id='word_1_223' title='bbox 519 2011 651 2055; x_wconf 84' lang='lat' dir='ltr'>duplici</span> <span class='ocrx_word' id='word_1_224' title='bbox 677 2011 805 2054; x_wconf 87' lang='lat' dir='ltr'>patria,</span> <span class='ocrx_word' id='word_1_225' title='bbox 845 2010 999 2044; x_wconf 80' lang='lat' dir='ltr'>civitatis</span> <span class='ocrx_word' id='word_1_226' title='bbox 1026 2014 1061 2044; x_wconf 87' lang='lat' dir='ltr'>et</span> <span class='ocrx_word' id='word_1_227' title='bbox 1087 2011 1243 2055; x_wconf 78' lang='lat' dir='ltr'>originis,</span> <span class='ocrx_word' id='word_1_228' title='bbox 1284 2012 1440 2045; x_wconf 73' lang='lat' dir='ltr'>nominis</span> <span class='ocrx_word' id='word_1_229' title='bbox 1468 2012 1684 2056; x_wconf 76' lang='lat' dir='ltr'>ambiguitas</span> 
     </span>
     <span class='ocr_line' id='line_1_27' title="bbox 181 2068 1684 2115; baseline 0.002 -13"><span class='ocrx_word' id='word_1_230' title='bbox 181 2068 267 2110; x_wconf 82' lang='lat' dir='ltr'>(Cic.</span> <span class='ocrx_word' id='word_1_231' title='bbox 295 2070 338 2103; x_wconf 91' lang='lat' dir='ltr'>de</span> <span class='ocrx_word' id='word_1_232' title='bbox 364 2070 468 2114; x_wconf 78' lang='lat' dir='ltr'>Legg.</span> <span class='ocrx_word' id='word_1_233' title='bbox 497 2071 539 2111; x_wconf 95' lang='grc' dir='ltr'><strong>ΙΙ,</strong></span> <span class='ocrx_word' id='word_1_234' title='bbox 572 2069 619 2112; x_wconf 77' lang='lat'>2),</span> <span class='ocrx_word' id='word_1_235' title='bbox 653 2082 696 2104; x_wconf 80' lang='lat' dir='ltr'>ex</span> <span class='ocrx_word' id='word_1_236' title='bbox 723 2081 794 2113; x_wconf 84' lang='lat' dir='ltr'>qua</span> <span class='ocrx_word' id='word_1_237' title='bbox 820 2070 906 2103; x_wconf 88' lang='lat' dir='ltr'>olim</span> <span class='ocrx_word' id='word_1_238' title='bbox 933 2069 1125 2104; x_wconf 85' lang='lat' dir='ltr'>discrimen</span> <span class='ocrx_word' id='word_1_239' title='bbox 1153 2070 1298 2114; x_wconf 85' lang='lat' dir='ltr'>aliquod</span> <span class='ocrx_word' id='word_1_240' title='bbox 1327 2071 1413 2104; x_wconf 85' lang='lat' dir='ltr'>iuris</span> <span class='ocrx_word' id='word_1_241' title='bbox 1441 2071 1684 2115; x_wconf 80' lang='lat' dir='ltr'>excogitatum</span> 
     </span>
     <span class='ocr_line' id='line_1_28' title="bbox 182 2121 1686 2174; baseline 0.001 -12"><span class='ocrx_word' id='word_1_242' title='bbox 182 2132 246 2162; x_wconf 88' lang='lat' dir='ltr'>est.</span> <span class='ocrx_word' id='word_1_243' title='bbox 296 2129 351 2163; x_wconf 91' lang='lat' dir='ltr'>Ad</span> <span class='ocrx_word' id='word_1_244' title='bbox 384 2129 574 2163; x_wconf 88' lang='lat' dir='ltr'>notionum</span> <span class='ocrx_word' id='word_1_245' title='bbox 608 2140 750 2169; x_wconf 76' lang='lat' dir='ltr'>earum,</span> <span class='ocrx_word' id='word_1_246' title='bbox 791 2129 834 2162; x_wconf 90' lang='lat' dir='ltr'>de</span> <span class='ocrx_word' id='word_1_247' title='bbox 868 2129 999 2172; x_wconf 78' lang='lat' dir='ltr'>quibus</span> <span class='ocrx_word' id='word_1_248' title='bbox 1030 2129 1170 2172; x_wconf 84' lang='lat' dir='ltr'>loquor,</span> <span class='ocrx_word' id='word_1_249' title='bbox 1210 2130 1305 2173; x_wconf 83' lang='lat' dir='ltr'>apud</span> <span class='ocrx_word' id='word_1_250' title='bbox 1339 2121 1524 2163; x_wconf 83' lang='lat' dir='ltr'>Romanos</span> <span class='ocrx_word' id='word_1_251' title='bbox 1559 2141 1686 2174; x_wconf 73' lang='lat' dir='ltr'>cogna-</span> 
     </span>
     <span class='ocr_line' id='line_1_29' title="bbox 182 2187 1685 2232; baseline 0.001 -11"><span class='ocrx_word' id='word_1_252' title='bbox 182 2188 318 2222; x_wconf 88' lang='lat' dir='ltr'>tionem</span> <span class='ocrx_word' id='word_1_253' title='bbox 345 2189 601 2222; x_wconf 86' lang='lat' dir='ltr'>declarandam</span> <span class='ocrx_word' id='word_1_254' title='bbox 628 2188 812 2232; x_wconf 83' lang='lat' dir='ltr'>pertinent</span> <span class='ocrx_word' id='word_1_255' title='bbox 837 2188 1017 2221; x_wconf 82' lang='lat' dir='ltr'>Ciceronis</span> <span class='ocrx_word' id='word_1_256' title='bbox 1044 2189 1112 2222; x_wconf 84' lang='lat' dir='ltr'>loci</span> <span class='ocrx_word' id='word_1_257' title='bbox 1139 2189 1182 2222; x_wconf 90' lang='lat' dir='ltr'>de</span> <span class='ocrx_word' id='word_1_258' title='bbox 1202 2189 1243 2222; x_wconf 87' lang='lat' dir='ltr'>R.</span> <span class='ocrx_word' id='word_1_259' title='bbox 1263 2189 1300 2222; x_wconf 88' lang='lat' dir='ltr'>P.</span> <span class='ocrx_word' id='word_1_260' title='bbox 1329 2190 1343 2222; x_wconf 94' lang='lat' dir='ltr'>I</span> <span class='ocrx_word' id='word_1_261' title='bbox 1370 2199 1398 2222; x_wconf 83' lang='grc'>0.</span> <span class='ocrx_word' id='word_1_262' title='bbox 1426 2187 1481 2229; x_wconf 71' lang='grc'><strong>26,</strong></span> <span class='ocrx_word' id='word_1_263' title='bbox 1508 2200 1573 2232; x_wconf 89' lang='lat' dir='ltr'>pro</span> <span class='ocrx_word' id='word_1_264' title='bbox 1595 2189 1685 2223; x_wconf 85' lang='lat' dir='ltr'>Sest.</span> 
     </span>
     <span class='ocr_line' id='line_1_30' title="bbox 181 2246 1686 2288; baseline 0.001 -9"><span class='ocrx_word' id='word_1_265' title='bbox 181 2246 237 2288; x_wconf 78' lang='lat'>42,</span> <span class='ocrx_word' id='word_1_266' title='bbox 271 2247 326 2281; x_wconf 76' lang='lat'>91.</span> <span class='ocrx_word' id='word_1_267' title='bbox 377 2247 608 2281; x_wconf 88' lang='lat' dir='ltr'>Definiuntur</span> <span class='ocrx_word' id='word_1_268' title='bbox 646 2247 808 2281; x_wconf 81' lang='lat' dir='ltr'>civitates</span> <span class='ocrx_word' id='word_1_269' title='bbox 847 2249 1087 2280; x_wconf 64' lang='lat' dir='ltr'>eom-euticam</span> <span class='ocrx_word' id='word_1_270' title='bbox 1120 2249 1319 2288; x_wconf 72' lang='lat' dir='ltr'>hominum,</span> <span class='ocrx_word' id='word_1_271' title='bbox 1359 2247 1467 2281; x_wconf 87' lang='lat' dir='ltr'>urbes</span> <span class='ocrx_word' id='word_1_272' title='bbox 1505 2249 1686 2281; x_wconf 75' lang='lat' dir='ltr'>domicilia</span> 
     </span>
     <span class='ocr_line' id='line_1_31' title="bbox 184 2308 382 2340; baseline 0.005 -1"><span class='ocrx_word' id='word_1_273' title='bbox 184 2308 382 2340; x_wconf 54' lang='lat' dir='ltr'>coniuncta.</span> 
     </span>
    </p>

    <p class='ocr_par' dir='ltr' id='par_1_7' title="bbox 128 2361 1690 2996">
     <span class='ocr_line' id='line_1_32' title="bbox 128 2361 1687 2409; baseline 0 -10"><span class='ocrx_word' id='word_1_274' title='bbox 128 2361 153 2406; x_wconf 82' lang='lat'>³)</span> <span class='ocrx_word' id='word_1_275' title='bbox 180 2365 239 2399; x_wconf 91' lang='lat' dir='ltr'>Ius</span> <span class='ocrx_word' id='word_1_276' title='bbox 265 2364 447 2409; x_wconf 82' lang='lat' dir='ltr'>privatum</span> <span class='ocrx_word' id='word_1_277' title='bbox 474 2376 668 2399; x_wconf 90' lang='lat' dir='ltr'>commune</span> <span class='ocrx_word' id='word_1_278' title='bbox 695 2367 860 2398; x_wconf 78' lang='lat' dir='ltr'>veterum</span> <span class='ocrx_word' id='word_1_279' title='bbox 887 2365 1104 2408; x_wconf 87' lang='lat' dir='ltr'>populorum</span> <span class='ocrx_word' id='word_1_280' title='bbox 1126 2366 1349 2407; x_wconf 84' lang='lat' dir='ltr'>Latinorum,</span> <span class='ocrx_word' id='word_1_281' title='bbox 1378 2366 1475 2409; x_wconf 81' lang='lat' dir='ltr'>quod</span> <span class='ocrx_word' id='word_1_282' title='bbox 1502 2365 1687 2400; x_wconf 83' lang='lat' dir='ltr'>sublatum</span> 
     </span>
     <span class='ocr_line' id='line_1_33' title="bbox 183 2424 1687 2468; baseline 0 -10"><span class='ocrx_word' id='word_1_283' title='bbox 183 2426 247 2463; x_wconf 84' lang='lat' dir='ltr'>est,</span> <span class='ocrx_word' id='word_1_284' title='bbox 287 2435 401 2467; x_wconf 86' lang='lat' dir='ltr'>quum</span> <span class='ocrx_word' id='word_1_285' title='bbox 426 2425 504 2468; x_wconf 83' lang='lat' dir='ltr'>lege</span> <span class='ocrx_word' id='word_1_286' title='bbox 531 2424 622 2458; x_wconf 88' lang='lat' dir='ltr'>Iulia</span> <span class='ocrx_word' id='word_1_287' title='bbox 648 2424 684 2457; x_wconf 92' lang='lat' dir='ltr'>in</span> <span class='ocrx_word' id='word_1_288' title='bbox 717 2424 901 2457; x_wconf 80' lang='lat' dir='ltr'>civitatem</span> <span class='ocrx_word' id='word_1_289' title='bbox 927 2425 1060 2468; x_wconf 90' lang='lat' dir='ltr'>recepti</span> <span class='ocrx_word' id='word_1_290' title='bbox 1087 2427 1182 2465; x_wconf 80' lang='lat' dir='ltr'>sunt,</span> <span class='ocrx_word' id='word_1_291' title='bbox 1223 2428 1487 2458; x_wconf 85' lang='lat' dir='ltr'>commemorat</span> <span class='ocrx_word' id='word_1_292' title='bbox 1514 2424 1601 2459; x_wconf 86' lang='lat' dir='ltr'>Gell.</span> <span class='ocrx_word' id='word_1_293' title='bbox 1629 2425 1687 2465; x_wconf 76' lang='lat' dir='ltr'>IV,</span> 
     </span>
     <span class='ocr_line' id='line_1_34' title="bbox 183 2481 1687 2528; baseline 0.001 -13"><span class='ocrx_word' id='word_1_294' title='bbox 183 2481 215 2522; x_wconf 87' lang='lat'>4,</span> <span class='ocrx_word' id='word_1_295' title='bbox 255 2486 441 2517; x_wconf 85' lang='lat' dir='ltr'>auctorem</span> <span class='ocrx_word' id='word_1_296' title='bbox 468 2483 582 2516; x_wconf 88' lang='lat' dir='ltr'>citans</span> <span class='ocrx_word' id='word_1_297' title='bbox 610 2482 776 2516; x_wconf 81' lang='lat' dir='ltr'>Servium</span> <span class='ocrx_word' id='word_1_298' title='bbox 803 2482 1014 2526; x_wconf 71' lang='lat' dir='ltr'>Sulpicium,</span> <span class='ocrx_word' id='word_1_299' title='bbox 1054 2483 1115 2527; x_wconf 84' lang='lat' dir='ltr'>qui</span> <span class='ocrx_word' id='word_1_300' title='bbox 1141 2484 1407 2528; x_wconf 85' lang='lat' dir='ltr'>sponsaliorum</span> <span class='ocrx_word' id='word_1_301' title='bbox 1436 2483 1490 2517; x_wconf 88' lang='lat' dir='ltr'>ius</span> <span class='ocrx_word' id='word_1_302' title='bbox 1517 2483 1600 2517; x_wconf 90' lang='lat' dir='ltr'>inde</span> <span class='ocrx_word' id='word_1_303' title='bbox 1628 2495 1687 2518; x_wconf 82' lang='lat' dir='ltr'>ex-</span> 
     </span>
     <span class='ocr_line' id='line_1_35' title="bbox 184 2542 1688 2587; baseline 0.001 -12"><span class='ocrx_word' id='word_1_304' title='bbox 184 2546 376 2585; x_wconf 85' lang='lat' dir='ltr'>cerpserat.</span> <span class='ocrx_word' id='word_1_305' title='bbox 427 2542 557 2576; x_wconf 86' lang='lat' dir='ltr'>Mirum</span> <span class='ocrx_word' id='word_1_306' title='bbox 583 2547 648 2583; x_wconf 84' lang='grc'><strong>051,</strong></span> <span class='ocrx_word' id='word_1_307' title='bbox 683 2542 780 2576; x_wconf 86' lang='grc'><strong>1111110</strong></span> <span class='ocrx_word' id='word_1_308' title='bbox 812 2542 931 2575; x_wconf 82' lang='grc'><strong>10011111</strong></span> <span class='ocrx_word' id='word_1_309' title='bbox 958 2542 1163 2586; x_wconf 79' lang='lat' dir='ltr'>neglectum</span> <span class='ocrx_word' id='word_1_310' title='bbox 1190 2543 1300 2577; x_wconf 82' lang='lat' dir='ltr'>fuisse</span> <span class='ocrx_word' id='word_1_311' title='bbox 1326 2554 1347 2576; x_wconf 88' lang='lat' dir='ltr'>a</span> <span class='ocrx_word' id='word_1_312' title='bbox 1372 2543 1555 2587; x_wconf 83' lang='lat' dir='ltr'>plerisque</span> <span class='ocrx_word' id='word_1_313' title='bbox 1582 2543 1619 2576; x_wconf 88' lang='lat' dir='ltr'>in</span> <span class='ocrx_word' id='word_1_314' title='bbox 1646 2554 1688 2577; x_wconf 84' lang='lat' dir='ltr'>ea</span> 
     </span>
     <span class='ocr_line' id='line_1_36' title="bbox 184 2599 1687 2645; baseline 0.001 -11"><span class='ocrx_word' id='word_1_315' title='bbox 184 2601 439 2642; x_wconf 82' lang='lat' dir='ltr'>controversia,</span> <span class='ocrx_word' id='word_1_316' title='bbox 481 2612 561 2645; x_wconf 86' lang='lat' dir='ltr'>quae</span> <span class='ocrx_word' id='word_1_317' title='bbox 586 2604 733 2645; x_wconf 88' lang='lat' dir='ltr'>propter</span> <span class='ocrx_word' id='word_1_318' title='bbox 759 2601 917 2634; x_wconf 88' lang='lat' dir='ltr'>absurda</span> <span class='ocrx_word' id='word_1_319' title='bbox 951 2599 1087 2643; x_wconf 89' lang='lat' dir='ltr'>(Rothii</span> <span class='ocrx_word' id='word_1_320' title='bbox 1114 2605 1149 2636; x_wconf 90' lang='lat' dir='ltr'>et</span> <span class='ocrx_word' id='word_1_321' title='bbox 1174 2602 1360 2636; x_wconf 85' lang='lat' dir='ltr'>Niebuhrii</span> <span class='ocrx_word' id='word_1_322' title='bbox 1387 2602 1564 2636; x_wconf 75' lang='lat' dir='ltr'>vocabulo</span> <span class='ocrx_word' id='word_1_323' title='bbox 1591 2601 1687 2644; x_wconf 84' lang='grc'><strong>11101)</strong></span> 
     </span>
     <span class='ocr_line' id='line_1_37' title="bbox 184 2658 1688 2704; baseline 0.001 -12"><span class='ocrx_word' id='word_1_324' title='bbox 184 2659 346 2694; x_wconf 87' lang='lat' dir='ltr'>eiusdem</span> <span class='ocrx_word' id='word_1_325' title='bbox 373 2659 475 2694; x_wconf 88' lang='lat' dir='ltr'>Gellii</span> <span class='ocrx_word' id='word_1_326' title='bbox 502 2660 613 2694; x_wconf 78' lang='lat' dir='ltr'>verba</span> <span class='ocrx_word' id='word_1_327' title='bbox 640 2659 743 2702; x_wconf 78' lang='lat' dir='ltr'>(XVI,</span> <span class='ocrx_word' id='word_1_328' title='bbox 772 2658 830 2701; x_wconf 81' lang='lat'>13)</span> <span class='ocrx_word' id='word_1_329' title='bbox 857 2660 991 2703; x_wconf 78' lang='lat' dir='ltr'>agitata</span> <span class='ocrx_word' id='word_1_330' title='bbox 1010 2664 1073 2703; x_wconf 85' lang='lat' dir='ltr'>est,</span> <span class='ocrx_word' id='word_1_331' title='bbox 1101 2660 1363 2695; x_wconf 84' lang='lat' dir='ltr'>retinuerintne</span> <span class='ocrx_word' id='word_1_332' title='bbox 1385 2660 1583 2704; x_wconf 87' lang='lat' dir='ltr'>municipia</span> <span class='ocrx_word' id='word_1_333' title='bbox 1604 2672 1688 2694; x_wconf 78' lang='lat' dir='ltr'>suas</span> 
     </span>
     <span class='ocr_line' id='line_1_38' title="bbox 184 2718 1688 2764; baseline 0.001 -12"><span class='ocrx_word' id='word_1_334' title='bbox 184 2718 280 2762; x_wconf 75' lang='lat' dir='ltr'>leges</span> <span class='ocrx_word' id='word_1_335' title='bbox 306 2722 341 2753; x_wconf 87' lang='lat' dir='ltr'>et</span> <span class='ocrx_word' id='word_1_336' title='bbox 373 2719 428 2753; x_wconf 87' lang='lat' dir='ltr'>ius</span> <span class='ocrx_word' id='word_1_337' title='bbox 460 2730 505 2753; x_wconf 86' lang='lat' dir='ltr'>an</span> <span class='ocrx_word' id='word_1_338' title='bbox 539 2719 576 2753; x_wconf 87' lang='lat' dir='ltr'>in</span> <span class='ocrx_word' id='word_1_339' title='bbox 609 2720 817 2753; x_wconf 84' lang='lat' dir='ltr'>Romanum</span> <span class='ocrx_word' id='word_1_340' title='bbox 851 2719 1069 2754; x_wconf 83' lang='lat' dir='ltr'>transierint.</span> <span class='ocrx_word' id='word_1_341' title='bbox 1120 2720 1160 2753; x_wconf 86' lang='lat' dir='ltr'>In</span> <span class='ocrx_word' id='word_1_342' title='bbox 1187 2731 1269 2764; x_wconf 78' lang='lat' dir='ltr'>qua,</span> <span class='ocrx_word' id='word_1_343' title='bbox 1303 2723 1343 2753; x_wconf 91' lang='lat' dir='ltr'>ut</span> <span class='ocrx_word' id='word_1_344' title='bbox 1370 2720 1535 2764; x_wconf 81' lang='lat' dir='ltr'>exemplo</span> <span class='ocrx_word' id='word_1_345' title='bbox 1563 2720 1688 2753; x_wconf 86' lang='lat' dir='ltr'>confir-</span> 
     </span>
     <span class='ocr_line' id='line_1_39' title="bbox 185 2778 1687 2823; baseline 0.001 -13"><span class='ocrx_word' id='word_1_346' title='bbox 185 2788 294 2818; x_wconf 90' lang='lat' dir='ltr'>mem,</span> <span class='ocrx_word' id='word_1_347' title='bbox 321 2789 401 2821; x_wconf 81' lang='lat' dir='ltr'>quae</span> <span class='ocrx_word' id='word_1_348' title='bbox 427 2779 536 2822; x_wconf 85' lang='lat' dir='ltr'>paulo</span> <span class='ocrx_word' id='word_1_349' title='bbox 563 2782 646 2813; x_wconf 86' lang='lat' dir='ltr'>ante</span> <span class='ocrx_word' id='word_1_350' title='bbox 673 2778 756 2815; x_wconf 80' lang='lat' dir='ltr'>dixi,</span> <span class='ocrx_word' id='word_1_351' title='bbox 784 2782 906 2812; x_wconf 87' lang='lat' dir='ltr'>tantus</span> <span class='ocrx_word' id='word_1_352' title='bbox 933 2779 1000 2813; x_wconf 86' lang='lat' dir='ltr'>fuit</span> <span class='ocrx_word' id='word_1_353' title='bbox 1026 2790 1135 2819; x_wconf 87' lang='lat' dir='ltr'>error,</span> <span class='ocrx_word' id='word_1_354' title='bbox 1172 2782 1211 2812; x_wconf 91' lang='lat' dir='ltr'>ut</span> <span class='ocrx_word' id='word_1_355' title='bbox 1238 2779 1313 2823; x_wconf 87' lang='lat' dir='ltr'>ipse</span> <span class='ocrx_word' id='word_1_356' title='bbox 1340 2779 1588 2822; x_wconf 81' lang='lat' dir='ltr'>Montesquius</span> <span class='ocrx_word' id='word_1_357' title='bbox 1615 2790 1687 2812; x_wconf 92' lang='lat' dir='ltr'>non</span> 
     </span>
     <span class='ocr_line' id='line_1_40' title="bbox 185 2837 1688 2881; baseline 0.001 -11"><span class='ocrx_word' id='word_1_358' title='bbox 185 2837 303 2870; x_wconf 87' lang='lat' dir='ltr'>solum</span> <span class='ocrx_word' id='word_1_359' title='bbox 328 2837 476 2880; x_wconf 85' lang='lat' dir='ltr'>putarit,</span> <span class='ocrx_word' id='word_1_360' title='bbox 503 2837 715 2881; x_wconf 86' lang='lat' dir='ltr'>municipes,</span> <span class='ocrx_word' id='word_1_361' title='bbox 743 2837 803 2881; x_wconf 82' lang='lat' dir='ltr'>qui</span> <span class='ocrx_word' id='word_1_362' title='bbox 830 2837 874 2871; x_wconf 88' lang='lat' dir='ltr'>de</span> <span class='ocrx_word' id='word_1_363' title='bbox 897 2837 1036 2881; x_wconf 82' lang='lat' dir='ltr'>legibus</span> <span class='ocrx_word' id='word_1_364' title='bbox 1054 2837 1178 2881; x_wconf 90' lang='lat' dir='ltr'>populi</span> <span class='ocrx_word' id='word_1_365' title='bbox 1196 2838 1301 2872; x_wconf 83' lang='lat' dir='ltr'>Rom.</span> <span class='ocrx_word' id='word_1_366' title='bbox 1321 2838 1547 2881; x_wconf 80' lang='lat' dir='ltr'>privatarum</span> <span class='ocrx_word' id='word_1_367' title='bbox 1566 2848 1688 2871; x_wconf 85' lang='lat' dir='ltr'>rerum</span> 
     </span>
     <span class='ocr_line' id='line_1_41' title="bbox 186 2896 1689 2940; baseline 0.001 -12"><span class='ocrx_word' id='word_1_368' title='bbox 186 2896 357 2940; x_wconf 80' lang='lat' dir='ltr'>suffragia</span> <span class='ocrx_word' id='word_1_369' title='bbox 370 2896 506 2930; x_wconf 87' lang='lat' dir='ltr'>ferrent</span> <span class='ocrx_word' id='word_1_370' title='bbox 518 2907 651 2940; x_wconf 86' lang='lat' dir='ltr'>easque</span> <span class='ocrx_word' id='word_1_371' title='bbox 663 2896 935 2937; x_wconf 88' lang='lat' dir='ltr'>constituerent,</span> <span class='ocrx_word' id='word_1_372' title='bbox 950 2896 1046 2940; x_wconf 87' lang='lat' dir='ltr'>ipsos</span> <span class='ocrx_word' id='word_1_373' title='bbox 1061 2897 1169 2940; x_wconf 89' lang='lat' dir='ltr'>plane</span> <span class='ocrx_word' id='word_1_374' title='bbox 1183 2896 1253 2930; x_wconf 84' lang='lat' dir='ltr'>alio</span> <span class='ocrx_word' id='word_1_375' title='bbox 1268 2896 1345 2930; x_wconf 88' lang='lat' dir='ltr'>iure</span> <span class='ocrx_word' id='word_1_376' title='bbox 1357 2908 1441 2930; x_wconf 83' lang='lat' dir='ltr'>usos</span> <span class='ocrx_word' id='word_1_377' title='bbox 1457 2908 1544 2937; x_wconf 80' lang='lat' dir='ltr'>esse,</span> <span class='ocrx_word' id='word_1_378' title='bbox 1562 2907 1689 2930; x_wconf 72' lang='lat' dir='ltr'>verum</span> 
     </span>
     <span class='ocr_line' id='line_1_42' title="bbox 185 2953 1690 2996; baseline 0.001 -9"><span class='ocrx_word' id='word_1_379' title='bbox 185 2953 222 2987; x_wconf 92' lang='lat' dir='ltr'>id</span> <span class='ocrx_word' id='word_1_380' title='bbox 249 2965 321 2988; x_wconf 89' lang='lat' dir='ltr'>non</span> <span class='ocrx_word' id='word_1_381' title='bbox 347 2955 504 2989; x_wconf 86' lang='lat' dir='ltr'>absurde</span> <span class='ocrx_word' id='word_1_382' title='bbox 530 2954 738 2989; x_wconf 87' lang='lat' dir='ltr'>institutum</span> <span class='ocrx_word' id='word_1_383' title='bbox 764 2954 885 2996; x_wconf 85' lang='lat' dir='ltr'>fuisse,</span> <span class='ocrx_word' id='word_1_384' title='bbox 918 2958 1068 2989; x_wconf 85' lang='lat' dir='ltr'>conatus</span> <span class='ocrx_word' id='word_1_385' title='bbox 1095 2955 1140 2989; x_wconf 80' lang='lat' dir='ltr'>sit</span> <span class='ocrx_word' id='word_1_386' title='bbox 1166 2956 1367 2989; x_wconf 86' lang='lat' dir='ltr'>ostendere.</span> <span class='ocrx_word' id='word_1_387' title='bbox 1408 2956 1461 2989; x_wconf 85' lang='lat' dir='ltr'>Ita</span> <span class='ocrx_word' id='word_1_388' title='bbox 1487 2955 1690 2989; x_wconf 84' lang='lat' dir='ltr'>abutuntur</span> 
     </span>
    </p>

    <p class='ocr_par' dir='ltr' id='par_1_8' title="bbox 1357 3013 1401 3046">
     <span class='ocr_line' id='line_1_43' title="bbox 1357 3013 1401 3046; baseline 0 0"><span class='ocrx_word' id='word_1_389' title='bbox 1357 3013 1401 3046; x_wconf 76' lang='lat'>12</span> 
     </span>
    </p>
   </div>
   <div class='ocr_carea' id='block_1_6' title="bbox 1702 1476 1753 1501">
    <p class='ocr_par' dir='ltr' id='par_1_9' title="bbox 1702 1476 1753 1501">
     <span class='ocr_line' id='line_1_44' title="bbox 1702 1476 1753 1501; baseline -0.039 0"><span class='ocrx_word' id='word_1_390' title='bbox 1702 1476 1753 1501; x_wconf 79' lang='lat'>219</span> 
     </span>
    </p>
   </div>
  </div>
 </body>
</html>
