1915 3235
929 165 1013 207 616

174 293 410 346 scripturis.
474 292 676 335 Ceterum
707 307 849 347 neque
882 295 1264 349 grammaticorum
1297 299 1492 339 veterum
1524 298 1771 342 testimonia

174 364 320 406 omnia
353 364 521 417 collegit
553 366 595 406 et
628 365 681 406 de
715 366 899 407 aliorum
932 366 1151 408 codicibus
1183 367 1401 409 interdum
1435 367 1546 410 falsa
1576 370 1766 422 tradidit,

174 434 382 475 Orellium
406 435 536 476 etiam
560 439 777 477 errantem
801 450 1001 489 sequens,
1034 438 1242 479 nonnulla
1263 439 1463 492 neglexit.
1478 436 1511 492 l)
1559 439 1770 493 (Duorum

174 505 371 547 codicum
403 506 806 548 Vindobonensium
838 508 1064 561 scripturae
1095 508 1353 550 varietatem
1378 509 1567 552 Klotzius
1599 511 1643 552 in
1666 525 1770 565 sup-

172 576 402 629 plementis
444 576 678 619 Annalium
723 579 1082 632 Philologicorum
1126 580 1208 621 vol.
1249 580 1298 621 ΙΙ.
1332 580 1436 622 fasc.
1473 581 1494 621 1
1538 582 1652 635 typis
1696 583 1771 624 de-

173 647 449 688 scribendam
483 647 681 702 curavit.)
744 637 894 703 Itaque
937 664 1034 703 quae
1076 651 1164 691 iam
1197 651 1387 692 Klotzius
1431 654 1547 693 recte
1586 654 1771 695 mutavit

175 719 216 758 et
249 720 324 759 aut
356 720 702 771 argumentando
745 723 820 762 aut
852 721 1144 774 ponderandis
1190 723 1497 764 auctoritatum
1540 725 1770 766 momentis

174 789 458 840 confirmavit,
508 804 559 831 ea
599 791 653 832 ab
693 791 775 833 hoc
815 792 907 834 loco
942 792 1181 843 excludam,
1231 806 1482 847 quanquam
1514 797 1626 845 sunt,
1675 809 1771 849 quae

175 861 418 902 accuratius
460 862 590 914 paulo
634 863 879 916 certiusque
923 864 1209 905 demonstrari
1248 865 1429 917 possint.
1492 865 1619 907 Velut
1651 865 1771 920 (nam

175 931 372 983 exemplo
418 945 503 973 uno
547 936 589 974 et
629 934 766 976 altero
799 934 974 987 defungi
1016 935 1121 976 nihil
1164 934 1302 988 vetat)
1344 935 1388 976 in
1430 935 1594 978 Catone
1633 936 1716 989 §4
1748 951 1771 979 e

175 1003 394 1044 codicibus
427 1004 600 1057 optimis
634 1005 840 1046 restituit:
879 1006 958 1057 Qui
991 1007 1100 1047 enim
1131 1007 1253 1047 citius
1281 1006 1566 1048 adolescentiae
1589 1013 1772 1050 senectus

174 1087 299 1129 quam
324 1076 524 1128 pueritiae
557 1075 836 1117 adolescentia
868 1076 1065 1130 obrepiffi,
1099 1090 1233 1129 quum
1262 1076 1541 1120 Gernhardus
1575 1081 1617 1120 et
1649 1079 1772 1121 Orel-

173 1144 254 1185 lius
295 1146 587 1198 scripsissent:
640 1146 751 1198 Quid
790 1148 927 1189 enim?
972 1149 1094 1189 citius
1136 1150 1230 1199 cet.,
1280 1149 1482 1202 loquendi
1521 1162 1655 1202 genus
1687 1163 1775 1192 non
1798 1133 1812 1146 ⁶

174 1216 279 1257 satis
313 1217 596 1267 confirmavit,
631 1219 747 1271 quod
778 1219 869 1260 fieri
902 1221 1075 1272 poterat
1107 1220 1367 1272 comparatis
1402 1220 1571 1261 duobus
1605 1220 1774 1262 Tuscu—

174 1287 374 1329 lanarum
418 1289 534 1339 locis,
583 1289 626 1330 in
668 1289 777 1331 libro
809 1290 845 1330 V
884 1289 907 1342 ξ
941 1291 1017 1332 89:
1069 1290 1150 1342 Qui
1186 1290 1356 1331 tandem
1394 1291 1464 1331 ista·
1500 1291 1773 1347 ywandiloqui

174 1363 317 1399 contra
367 1358 454 1400 lzcec
500 1359 581 1400 (luo
628 1361 775 1401 melius
821 1375 862 1402 se
904 1361 1055 1402 habent
1097 1362 1209 1402 cet?
1249 1364 1290 1402 et
1331 1360 1354 1414 ἓ
1390 1362 1491 1403 109:
1544 1362 1624 1414 Qui
1666 1364 1775 1404 enim

176 1428 333 1472 beatior
382 1430 592 1484 Epicurus
639 1445 764 1486 quam
812 1429 1151 1486 Marmor-aff&
1207 1431 1315 1485 [Liv.
1350 1433 1535 1484 XXVIII,
1583 1434 1653 1485 43,
1706 1435 1773 1486 18,

104 1511 136 1535 ἐή
174 1500 344 1552 XXXV,
382 1502 447 1552 16,
483 1501 543 1555 3.]
607 1503 675 1544 Ad
715 1504 793 1545 hos
832 1504 998 1545 accedit
1030 1503 1199 1545 Horatii
1239 1517 1388 1545 Versus
1421 1504 1498 1557 Ep.
1532 1504 1580 1555 ΙΙ,
1622 1505 1660 1555 2,
1702 1505 1771 1557 90,

174 1571 248 1612 ubi
272 1572 414 1613 Plauti
448 1575 490 1614 et
518 1574 709 1615 Terentii
743 1575 850 1616 duos
884 1575 999 1616 locos
1036 1575 1280 1616 Schmidius
1313 1575 1554 1628 adscripsit.
1602 1576 1771 1618 Rursus

174 1642 218 1683 in
251 1642 344 1684 Cat.
378 1642 400 1695 ἓ
434 1644 489 1684 29
532 1648 648 1686 recte
691 1659 717 1687 a
760 1646 925 1687 Klotzio
970 1646 1025 1687 ob
1070 1646 1266 1687 codicum
1310 1646 1612 1688 auctoritatem
1644 1660 1772 1700 repo-

175 1715 305 1755 situm
339 1718 405 1756 est
438 1717 712 1771 relinquimus
743 1731 822 1771 pro
854 1717 1157 1772 relinquerimus&
1207 1718 1259 1758 de
1298 1718 1393 1770 ipso
1432 1731 1514 1759 usu
1546 1720 1772 1771 praesentis

175 1787 383 1838 temporis
416 1788 558 1829 minus
592 1789 818 1830 commode
852 1789 1109 1842 disputavit;
1158 1788 1235 1830 sed
1278 1788 1331 1829 de
1374 1790 1455 1830 hoc
1497 1803 1654 1842 genere
1695 1803 1773 1843 per

176 1857 361 1909 primam
395 1871 627 1910 personam
659 1861 887 1912 praesentis
919 1861 1126 1914 temporis
1159 1859 1464 1913 interrogandi,
1499 1861 1614 1913 quod
1638 1862 1681 1902 in
1706 1874 1774 1902 re-

176 1927 363 1969 fellendo
407 1932 449 1970 et
494 1930 774 1973 deliberando
816 1931 1025 1972 usitatum
1067 1934 1144 1982 est,
1193 1931 1297 1972 satis
1341 1931 1427 1972 dixi
1469 1931 1512 1971 in
1553 1931 1704 1984 partic.
1737 1930 1774 1971 II

178 1998 481 2051 disputationis
525 2002 578 2042 de
622 2003 903 2043 emendandis
948 2002 1164 2044 Ciceronis
1212 2002 1479 2044 orationibus
1528 2001 1580 2042 de
1624 2015 1772 2054 prOVV.

179 2082 317 2111 conss.
353 2073 395 2112 et
426 2085 505 2125 pro
538 2073 584 2113 L.
618 2073 755 2115 Balbo
789 2072 942 2126 [supra
974 2088 1016 2127 p.
1049 2073 1141 2126 40].

217 2221 245 2264 1)
272 2224 311 2257 ln
346 2236 419 2260 uno
453 2226 662 2261 huiusmodi
695 2229 773 2262 loco
806 2228 1009 2263 temerariae
1043 2227 1256 2262 mutationis
1288 2227 1607 2271 reprehensionem
1639 2237 1661 2260 a
1692 2237 1774 2260 mea

275 2284 431 2318 editione
458 2287 694 2321 avertendam
720 2290 820 2331 puto.
872 2288 977 2331 Quod
1011 2287 1107 2322 enim
1134 2285 1155 2329 ξ
1180 2286 1225 2319 84
1253 2287 1364 2321 edidi:
1403 2287 1658 2321 Commorandi
1682 2287 1776 2320 enim

276 2348 411 2377 ηαΐιινα
437 2347 678 2380 deversorium
704 2348 810 2388 dedit,
843 2359 915 2382 non
940 2348 1139 2387 habitandi,
1166 2346 1229 2380 ubi
1254 2347 1299 2380 ab
1327 2345 1471 2387 Orellio,
1504 2345 1648 2387 Ottone,
1680 2345 1776 2379 Klot-

275 2402 326 2436 zio
354 2403 492 2438 editum
519 2408 582 2446 est,
609 2407 721 2449 nobis,
754 2418 826 2440 non
858 2407 937 2441 hab.
971 2408 1077 2450 dedit,
1114 2405 1151 2439 id
1177 2405 1245 2439 feci
1277 2416 1392 2449 quum
1418 2404 1573 2439 aliorum
1598 2404 1774 2438 librorum

276 2461 426 2506 vestigia
451 2474 617 2508 sequens,
645 2468 724 2499 tum
751 2465 1004 2499 auctoritatem
1031 2464 1163 2499 codicis
1189 2464 1418 2505 Erfurtensis‚
1454 2464 1497 2498 de
1524 2475 1595 2508 quo
1621 2462 1776 2498 Orellius

277 2523 312 2553 et
338 2520 423 2554 Otto
450 2527 589 2564 errant;
618 2524 728 2558 habet
754 2525 851 2558 enim
879 2535 985 2558 voces
1012 2536 1083 2558 non
1108 2524 1306 2558 habitandi.

220 2576 247 2619 2)
273 2578 391 2613 Etiam
418 2581 461 2614 de
486 2582 526 2616 N.
554 2582 594 2616 D.
622 2583 653 2616 ΙΙ
679 2581 700 2625 ξ
726 2582 748 2615 5
773 2594 857 2617 vere
884 2583 1094 2624 Lambinus,
1133 2583 1292 2617 offensus
1325 2582 1452 2616 eadem
1483 2580 1676 2615 insolentia
1702 2591 1778 2615 ora-

276 2638 394 2680 tionis,
422 2651 532 2683 quam
559 2641 595 2674 in
622 2642 720 2676 hunc
745 2642 891 2676 Catonis
917 2643 1038 2676 locum
1063 2641 1272 2683 intulerant,
1305 2652 1419 2685 quum
1444 2643 1526 2684 post
1551 2641 1638 2684 quid
1662 2641 1782 2674 enim?

276 2696 522 2742 interrogandi
548 2700 764 2743 particulam
791 2701 1023 2742 desideraret,
1056 2700 1288 2734 scribendum
1314 2699 1472 2744 putavit:
1515 2700 1585 2741 Qui
1609 2700 1702 2732 enim
1727 2702 1777 2732 est

276 2757 340 2791 hoc
366 2757 425 2791 illo
451 2760 672 2793 evidentius?
709 2757 836 2802 [Addit
862 2760 1054 2804 Siesbyeus
1080 2760 1146 2794 hos
1172 2759 1353 2793 Ciceronis
1378 2759 1493 2792 locos:
1520 2768 1584 2802 pro
1611 2757 1692 2792 Cael.
1719 2755 1776 2799 64,

277 2815 322 2849 de
354 2816 393 2850 N.
427 2817 467 2850 D.
494 2817 553 2857 III,
586 2816 631 2850 36
664 2820 699 2851 et
730 2817 786 2859 40,
821 2819 866 2852 ad
892 2819 992 2853 Fam.
1019 2819 1099 2861 XII,
1133 2817 1189 2859 16,
1221 2817 1254 2859 3,
1287 2820 1365 2851 tum
1398 2817 1541 2851 Terent.
1575 2816 1642 2851 Ad.
1670 2816 1711 2857 ΙΙ,
1744 2815 1777 2858 1,

277 2874 333 2916 25,
360 2875 418 2917 IV,
445 2874 477 2916 5,
506 2874 560 2917 74,
587 2876 690 2910 Lucr.
719 2877 761 2918 ΙΙ,
789 2876 868 2920 989,
895 2878 981 2912 Hor.
1009 2878 1081 2912 Sat.
1108 2877 1153 2918 ΙΙ,
1180 2876 1212 2919 3,
1239 2875 1309 2909 275
1334 2879 1369 2910 et
1394 2875 1474 2918 311,
1501 2876 1543 2917 ΙΙ,
1572 2875 1603 2916 7,
1630 2874 1685 2917 96,
1711 2874 1774 2919 Ep.

277 2933 303 2974 Ι,
332 2933 386 2976 16,
415 2931 486 2976 63.]

1898 450 1915 948 --aenvffi-mun‘fflm
1904 243 1915 421 *a*

1896 1270 1913 1289 i·
1902 1252 1905 1255 ⁴
1899 1185 1913 1241 225³·
1898 944 1915 1178 ‘⁴³E‘QI—fnfflvssv'(

1879 2503 1894 2552 ’γ’

1880 2576 1892 2629 f

1871 2822 1892 2912 ἒ

1866 2912 1889 3008 ’ἒ

1859 3047 1898 3235 l

1887 2755 1892 2766 ι

1889 2785 1896 2803 ἰ

1891 2821 1894 2828 ι

1887 2956 1890 2964 ι
