1915 3235
144 1176 197 1202 259

965 109 1050 151 210

210 245 378 284 veteres
410 243 453 283 in
486 243 579 294 ipso
612 240 734 281 Latio
770 240 964 280 civitates
998 238 1157 280 sensim
1196 238 1390 280 subactae
1430 239 1658 292 parebant.
1722 239 1807 281 Sed

212 313 383 355 difficile
417 314 481 353 est
513 312 556 352 in
588 311 714 352 huius
749 309 916 364 generis
940 311 1240 363 antiquissima
1266 310 1447 351 historia
1472 310 1659 363 singulos
1685 311 1808 363 quasi

212 384 370 438 gradus
404 383 605 436 persequi
638 382 737 423 inde
770 394 795 422 a
826 381 1036 422 Romanis
1078 393 1175 421 cum
1214 382 1387 422 nomine
1421 381 1573 423 Latino
1607 382 1807 423 coniunc-

211 456 266 496 tis
300 467 436 507 usque
469 454 525 494 ad
558 452 732 494 Latinos
767 452 984 502 subactos,
1020 465 1202 504 quaeque
1236 452 1412 493 coloniae
1438 453 1493 493 ab
1518 452 1612 505 ipso
1636 452 1809 494 nomine

212 525 379 573 Latino,
429 538 525 577 quae
565 537 590 565 a
629 524 840 564 Romanis
875 522 1124 575 Latinisque
1159 525 1200 564 et
1231 523 1444 564 Hernicis.
1495 536 1592 575 quae
1625 523 1809 575 denique

212 597 331 637 iussu
363 596 663 637 Romanorum
696 594 859 635 Latinae
894 593 1090 634 deductae
1124 593 1221 642 sint,
1256 594 1532 647 distinguere.
1588 593 1684 635 Hoc
1712 596 1811 634 tan-

212 669 306 708 tum
338 669 471 719 patet,
520 666 599 707 has
642 665 791 719 populi
832 664 1020 706 Romani
1064 665 1252 706 colonias
1293 666 1468 706 Latinas
1509 667 1602 706 tum
1636 664 1811 705 demum

214 737 369 779 deduci
416 738 631 790 potuisse„¹
671 750 804 789 quum
852 736 939 776 iam
987 735 1130 788 aliqua
1178 749 1279 789 pars
1319 737 1571 777 Latinorum
1603 735 1812 777 Romanis

213 811 400 862 pareret.
462 809 658 849 Primum
706 807 759 848 de
807 808 985 860 antiqua
1034 807 1282 848 condicione
1325 807 1602 856 coloniarum⁷
1653 819 1747 859 quae
1788 819 1814 847 a

215 879 451 932 Tarquinio
500 879 697 931 Superbo
746 878 943 919 deductae
993 878 1206 927 dicuntur,
1255 878 1412 931 Signiae
1461 880 1503 919 et
1550 877 1814 919 Circeiorum

215 949 323 1003 (Liv.
357 951 398 1000 Ι,’
421 950 489 999 56,
524 950 699 1003 Dionys.
734 950 800 999 IV,
836 948 922 1001 63),
958 962 1208 1002 quanquam
1241 949 1442 990 inferiore
1476 951 1606 989 aetate
1629 952 1813 1000 utraque

215 1021 370 1062 Latina
402 1021 550 1074 populi
581 1021 769 1062 Romani
802 1021 896 1070 fuit,
930 1020 1035 1061 nihil
1069 1034 1194 1073 posse
1228 1020 1437 1061 affirmari
1471 1022 1666 1073 apparet,
1700 1019 1816 1072 quod

216 1092 361 1145 Signia
394 1105 432 1133 a.
458 1092 543 1132 49ss
577 1092 777 1144 suppleto
812 1092 1059 1133 colonorum
1093 1104 1274 1133 numero
1306 1092 1463 1132 iterum
1496 1091 1682 1132 deducta
1715 1104 1816 1131 nar-

215 1165 337 1204 ratur
377 1161 566 1215 (Liv.11‚
616 1162 703 1214 21),
752 1162 938 1203 Circeios
986 1165 1147 1212 autem,
1197 1163 1310 1203 unde
1359 1162 1611 1204 Coriolanus
1659 1175 1697 1203 3.
1731 1161 1816 1202 489

217 1234 390 1276 colonos
423 1234 660 1283 Romanos,
711 1234 783 1286 qui
823 1233 953 1274 iidem
986 1234 1126 1273 Latini
1160 1233 1336 1284 intelligi
1370 1235 1563 1284 possunt,
1613 1233 1817 1285 quoniam

217 1306 361 1346 Livius
393 1305 487 1345 haec
520 1318 678 1357 genera
711 1318 810 1346 raro
844 1304 1079 1356 distinguit,
1124 1303 1339 1356 expulisse
1373 1303 1624 1356 Volscisque
1665 1303 1818 1344 urbem

217 1376 449 1418 tradidisse
483 1376 619 1417 fertur
644 1375 751 1429 (LiV.
779 1375 827 1424 ΙΙ,
863 1375 931 1425 39,
966 1375 1140 1428 Dionys.
1160 1374 1264 1422 VIII,
1302 1372 1386 1426 14),
1421 1387 1580 1415 novam
1608 1374 1819 1416 coloniam

219 1460 258 1488 a.
289 1447 373 1488 393
406 1447 599 1495 missam,
634 1446 847 1488 Diodorus
881 1445 1049 1487 Siculus
1085 1448 1234 1487 auctor
1260 1447 1325 1486 est
1351 1444 1476 1498 (XIV,
1514 1443 1628 1497 102).
1677 1446 1820 1487 Livius

219 1531 259 1559 a.
293 1518 379 1559 382
421 1531 517 1558 eam
563 1517 848 1559 defectionem
890 1517 1085 1558 molitam
1126 1517 1273 1557 scribit
1313 1516 1397 1569 (VI,
1439 1514 1527 1568 21).
1591 1516 1678 1557 Sed
1716 1516 1821 1557 nihil

220 1589 434 1642 prohibet,
469 1588 699 1641 quominus
733 1588 957 1640 Tarquinii
988 1590 1198 1640 tempore,
1233 1601 1317 1640 quo
1351 1600 1482 1640 quam
1514 1587 1601 1628 late
1632 1588 1823 1640 patuerit

220 1659 521 1701 Romanorum
555 1661 803 1709 3001011135,
837 1659 978 1700 foedus
1008 1672 1105 1700 cum
1130 1658 1558 1712 Carthaginiensibus
1584 1658 1821 1711 primorum

223 1731 447 1772 consulum
497 1743 610 1772 311110
654 1730 787 1771 ictum
827 1726 1157 1782 demonstrat1)‚
1207 1729 1360 1771 eodem
1409 1729 1498 1770 fere
1544 1728 1688 1778 modo,
1737 1741 1822 1781 quo

223 1804 398 1855 postea,
456 1802 644 1843 colonias
703 1802 878 1842 Latinas
937 1801 1235 1842 Romanorum
1293 1800 1501 1841 deductas
1557 1795 1822 1852 putemus.²)

224 1873 389 1914 Deinde
422 1874 465 1914 in
497 1873 627 1914 rebus
661 1874 762 1914 anni
795 1872 880 1914 503
905 1871 1134 1913 narrandis
1159 1872 1303 1912 Livius
1329 1871 1488 1913 Coram
1514 1874 1556 1912 et
1581 1871 1823 1912 Pometiam

225 1944 413 1986 colonias
447 1944 623 1985 Latinas
657 1943 713 1984 ad
745 1943 972 1984 Auruncos
1006 1943 1215 1984 defecisse
1247 1944 1410 1992 narrat,
1445 1955 1629 1995 quarum
1662 1941 1823 1982 deduc-

225 2019 368 2056 tarum
401 2015 565 2055 nullam
598 2015 863 2056 mentionem
896 2014 1009 2055 fecit.
1073 2014 1121 2054 Ei
1152 2014 1399 2055 testimonio
1438 2012 1582 2054 nescio
1617 2025 1692 2053 cur
1723 2012 1823 2053 Nie-

227 2085 408 2126 buhrius
448 2084 501 2138 (ΙΙ
533 2099 574 2138 p.
610 2084 682 2137 24)
722 2085 882 2138 Virgilii
928 2087 1184 2137 anteponat,
1234 2085 1344 2125 inter
1392 2085 1587 2125 Albanas
1636 2083 1824 2125 colonias

228 2156 322 2197 illas
355 2157 619 2197 recensentis
652 2154 764 2209 (AEn.
799 2156 864 2205 VI,
900 2154 1016 2208 776),
1065 2169 1198 2208 (100111
1236 2156 1331 2208 ipsa
1373 2155 1557 2197 defectio
1595 2154 1825 2196 ostendere

228 2226 440 2276 videatur⁷
474 2227 635 2279 oppida
666 2227 971 2268 Auruncorum
1004 2227 1180 2268 coloniae
1213 2226 1414 2280 praesidio
1442 2228 1655 2279 occupata
1679 2225 1824 2276 fuisse,

229 2310 315 2351 quo
348 2311 555 2350 oppresso
594 2300 761 2339 veteres
805 2298 955 2339 incolae
999 2298 1056 2339 ad
1099 2311 1199 2339 suos
1241 2297 1465 2347 redierint3
1513 2296 1595 2338 nisi
1636 2296 1680 2337 id
1726 2309 1826 2337 eum

230 2369 377 2418 movit,
427 2368 543 2421 quod
580 2368 809 2422 Dionysius
850 2370 937 2410 13111
977 2369 1102 2411 Tullo
1135 2368 1319 2410 Hostilio
1361 2370 1568 2421 regnante
1609 2366 1827 2409 Coranum

229 2438 419 2491 aliquem
452 2439 613 2480 Latinis
646 2440 872 2492 praefuisse
904 2443 1052 2481 narrat
1085 2439 1169 2493 (ΙΙΙ,
1204 2437 1292 2491 34).
1341 2439 1484 2491 Atque
1517 2439 1595 2479 has
1626 2437 1827 2491 equidem

230 2510 426 2562 suspicor
458 2509 722 2559 Latinorum,
756 2524 842 2552 non
875 2512 1051 2552 Latinas
1074 2511 1374 2552 Romanorum
1407 2510 1595 2551 colonias
1628 2509 1760 2550 fuisse
1772 2505 1826 2562 3);

271 2707 299 2751 ¹)
324 2709 448 2753 Polyb.
476 2709 518 2750 II,
551 2709 607 2743 22.
658 2710 727 2744 Cfr.
764 2713 894 2754 praeter
925 2709 1107 2754 Heynium
1140 2710 1175 2743 in
1209 2709 1338 2753 Opusc.
1374 2709 1546 2743 Academ.
1572 2708 1829 2743 Niebuhriusl

328 2780 362 2812 p.
389 2767 457 2801 556
483 2779 560 2812 sqq.
588 2769 644 2802 ed.
671 2768 703 2803 2.

272 2825 300 2870 ²)
326 2827 430 2862 Dion.
457 2828 497 2869 V,
533 2827 577 2860 58
604 2828 764 2872 Signiam
797 2839 818 2862 3
844 2828 952 2862 Sexto
978 2827 1175 2872 Tarquinio
1201 2827 1324 2861 exsule
1359 2830 1393 2861 et
1419 2826 1556 2861 Latinis
1583 2829 1830 2871 oppugnatam

331 2886 465 2927 scribit,
493 2897 582 2930 quos
609 2886 643 2917 οἱ
668 2890 823 2930 φρουροί
845 2888 1078 2932 reppulerint.

274 2942 305 2987 3)
330 2946 431 2979 Idem
457 2945 661 2989 suspicatur
686 2945 915 2987 Niebuhrius,
942 2957 963 2980 a
988 2958 1026 2981 se
1053 2947 1128 2991 ipse
1155 2944 1380 2986 dissentiens,
1407 2944 1439 2978 ΙΙ
1464 2955 1498 2988 p.
1526 2943 1603 2978 123.
