1915 3235
820 84 905 125 385

58 215 199 256 nirent
244 213 343 254 huic
375 225 483 254 meae
518 212 745 254 fortunae“.
808 213 892 254 Sed
931 226 1010 254 nec
1040 227 1124 267 pro
1163 228 1226 255 me
1265 216 1431 269 scripsit
1470 215 1531 257 ita
1573 216 1653 257 dici

59 285 144 326 ullo
176 284 305 326 modo
337 283 488 336 potuit,
541 285 583 324 et
624 283 894 335 apertissime
936 284 1029 324 haec
1068 283 1285 327 Ciceronis
1328 287 1552 328 sententiae
1585 300 1654 328 re-

60 357 267 408 pugnant,
316 354 386 406 qui
432 353 513 394 hoc
559 354 701 406 ipsum
749 354 862 404 dicit,
910 343 1016 395 Attii
1062 355 1211 405 Verba,
1260 356 1415 408 quihus
1462 357 1653 410 ingratus

59 427 321 467 Achivorum
355 424 524 465 animus
562 423 961 476 reprehenderetur,
1002 437 1088 465 non
1120 426 1224 467 satis
1257 426 1313 467 ad
1345 440 1473 468 suum
1507 441 1654 469 casum

63 495 390 537 accommodata
428 494 573 543 fuisse,
623 495 689 534 cui
730 494 914 547 populus
956 494 1184 537 Romanus
1227 498 1375 549 gratiae
1414 498 1654 540 referendae

31 569 35 574 ‘
62 566 361 619 cupidissimus
396 564 547 605 suisset
581 563 696 617 (Non
728 569 817 605 erat
848 565 956 605 illud
987 566 1153 619 quidem
1185 567 1367 620 verum):
1407 569 1552 621 itaque
1584 569 1656 611 illa

65 638 119 678 ab
152 636 270 677 Attio
304 636 359 676 ad
391 635 446 685 id,
496 635 613 688 quod
650 635 693 675 in
731 635 942 687 tragoedia
981 639 1193 688 ageretur,
1242 640 1342 690 apte
1375 639 1548 692 scripta,
1598 640 1652 680 ah

60 708 217 760 AEsopo
260 707 303 747 in
335 719 380 747 se
425 718 516 746 esse
559 705 741 746 detorta.
805 705 902 758 Ipsa
940 706 1254 759 praepositionis
1286 709 1469 750 mutatio
1502 709 1653 751 admo-

62 791 165 818 nere
196 778 454 829 interpretes
488 775 690 826 debebat,
732 775 913 826 etiarnsi,
958 776 1060 829 quid
1099 777 1179 818 loci
1213 778 1473 820 cohaerentia
1504 782 1654 833 postu-

62 848 183 898 laret,
226 860 313 888 non
346 846 639 895 attenderent;
689 859 764 887 cur
796 847 910 887 enim
942 860 1028 888 non
1061 848 1214 888 eodem
1247 849 1376 891 modo
1410 849 1462 890 de
1494 851 1652 903 AEsopo

63 918 180 959 dicit:
215 918 294 972 eyit
318 931 400 971 pro
432 919 523 958 me?
566 917 708 957 Sensit
740 918 947 958 mendum
979 918 1228 969 Lambinus,
1263 921 1335 972 qui
1368 920 1501 961 edidit
1523 922 1652 974 scrip-

58 990 111 1030 sit
157 1012 212 1040 ,-
251 1001 333 1042 pro
387 987 619 1037 Telamone,
669 988 914 1029 coniectura
960 991 1108 1029 tamen
1155 990 1324 1040 infelici,
1374 1004 1461 1032 non
1510 991 1648 1032 solum
1671 1002 1727 1027 49⁷

58 1060 210 1101 audaci
243 1062 285 1100 et
316 1058 522 1107 violenta3
570 1071 709 1110 neque
749 1060 863 1099 enim
903 1072 981 1111 pro
1020 1073 1239 1112 quoquam
1279 1061 1423 1102 Attius
1465 1062 1647 1114 scripsit.

57 1130 241 1172 Omnino
283 1128 467 1171 hominis
500 1139 659 1170 nomen
700 1129 784 1169 huc
825 1143 912 1170 non
954 1131 1152 1182 pertinet.
1216 1131 1303 1172 Sed
1341 1131 1445 1172 nihil
1480 1132 1650 1173 facilius

57 1202 267 1242 certiusve
300 1201 519 1242 emendari
552 1202 714 1253 potest,
747 1213 848 1241 nam
882 1213 968 1241 una
1001 1200 1143 1242 littera
1175 1204 1344 1244 mutata
1375 1202 1443 1243 fit:
1484 1204 1650 1257 sempsit

56 1271 354 1312 disertissimus
377 1276 502 1324 poeta
527 1284 609 1324 pro
641 1284 699 1321 re,
739 1272 818 1325 essc't
847 1270 1105 1323 fortissimus
1138 1277 1252 1312 actor
1292 1296 1347 1302 —-—
1387 1273 1436 1314 de
1475 1288 1557 1323 me;
1607 1274 1649 1315 id

56 1345 131 1392 est,
165 1345 265 1395 apte
298 1342 354 1382 ad
386 1355 491 1391 rem,
526 1342 582 1382 ad
614 1342 670 1391 id,
705 1341 820 1394 quod
851 1342 1120 1394 propositum
1154 1345 1247 1384 erat
1281 1346 1323 1384 et
1355 1344 1398 1384 in
1430 1346 1645 1386 manibus.

56 1413 161 1454 Haec
194 1413 367 1453 deinum
403 1412 628 1454 commode
660 1425 747 1453 non
785 1412 875 1452 sine
914 1412 1102 1465 quodam
1147 1413 1242 1454 lusu
1286 1414 1328 1454 in
1373 1428 1478 1456 sono
1521 1416 1648 1456 simili

56 1484 166 1525 inter
205 1497 250 1524 se
295 1484 506 1525 contrarie
551 1483 808 1524 referuntur.
823 1480 855 1535 1)
919 1483 1002 1523 Pro
1049 1497 1094 1523 re
1142 1482 1267 1537 (nach
1315 1484 1649 1538 Beschaffenlcer't

59 1555 135 1596 der
166 1555 310 1607 Sache,
344 1554 415 1595 des
448 1553 769 1608 Geqenstandes,
802 1553 878 1594 der
911 1553 1152 1606 Umstatnde)
1187 1555 1341 1596 eodem
1368 1557 1497 1598 modo
1529 1558 1645 1609 posi-

55 1628 146 1667 tum
188 1629 253 1667 est
292 1625 406 1678 apud
450 1624 614 1665 Livium
648 1625 733 1674 VII,
774 1624 829 1665 33
862 1624 973 1675 init.,
1015 1624 1187 1665 Sallust.
1222 1626 1412 1678 Iugurth.
1447 1628 1503 1668 50
1544 1627 1649 1681 (54),

57 1697 163 1738 Caes.
197 1697 244 1738 B.
279 1696 386 1737 Gall.
420 1696 467 1745 V,
503 1695 542 1745 8,
583 1694 726 1747 virgil.
760 1695 853 1735 AEn.
886 1695 953 1744 IV,
994 1695 1092 1745 337,
1133 1709 1212 1736 nec
1252 1697 1376 1738 aliter
1414 1698 1648 1751 accipietur

56 1767 172 1820 apud
204 1767 360 1808 Ascon.
394 1779 560 1818 argum.
595 1767 702 1806 orat.
735 1765 778 1806 in
812 1765 917 1818 Tog.
952 1766 1086 1807 Cand.
1121 1781 1162 1819 p.
1200 1768 1280 1808 109
1314 1768 1429 1818 Hot.,
1465 1769 1499 1809 si
1532 1769 1650 1811 locus

55 1850 185 1878 sanus
234 1840 317 1886 est,
366 1837 464 1878 hinc
508 1836 669 1877 factum
705 1850 788 1889 pro
830 1850 874 1876 re
916 1842 1020 1877 πειτα
1062 1836 1136 1889 (ad
1168 1838 1296 1879 Attio.
1330 1839 1415 1888 Vll,
1461 1840 1500 1889 8,
1542 1840 1650 1891 XIV,

54 1904 140 1960 (3.2)
188 1908 306 1948 Idem
338 1919 514 1960 prorsus
548 1906 767 1957 mendum,
803 1907 917 1959 quod
950 1908 1064 1948 hunc
1098 1909 1312 1950 Ciceronis
1346 1910 1502 1960 locum,
1537 1911 1650 1952 inse-

55 1979 117 2019 dit
148 1978 279 2019 etiam
313 1977 453 2019 Ovidii
485 1977 582 2017 Ani.
612 1977 660 2026 H,
696 1977 734 2027 9,
772 1978 808 2028 1,
844 1977 917 2018 ubi
948 1981 1063 2019 recte
1099 1979 1373 2021 Burmannus
1408 1981 1651 2034 corrigebat

49 2063 131 2103 pro
163 2063 221 2100 re,
262 2049 339 2090 sed
371 2048 498 2089 simul
531 2061 609 2100 pro
641 2048 857 2101 'indiqnate
890 2047 1023 2100 (quod
1056 2062 1230 2091 sensum
1264 2064 1351 2092 non
1382 2050 1528 2100 habet,
1572 2052 1651 2092 nisi

57 2121 228 2172 passive
262 2120 498 2172 accipiatur
531 2121 680 2160 contra
713 2131 839 2159 usum
872 2119 1086 2171 loquendi,
1137 2120 1214 2161 etsi
1257 2121 1323 2162 vel
1365 2122 1423 2162 sic
1458 2122 1652 2163 futurum

57 2189 330 2243 requiratur),
364 2204 443 2243 pro
477 2203 527 2231 eo
560 2190 687 2243 igitur
718 2189 994 2230 scribendum
1027 2196 1092 2232 est
1125 2192 1404 2246 indieqnande:

302 2296 336 2337 O
367 2310 581 2351 nunquam
606 2310 689 2350 pro
721 2310 766 2336 re
797 2297 899 2337 satis
933 2296 1190 2350 indigtnande
1226 2297 1402 2351 Cupido,

55 2402 136 2443 hoc
168 2404 244 2452 est,
285 2416 367 2456 pro
408 2417 450 2443 eo
492 2417 539 2442 ac
577 2403 751 2443 mereris
791 2416 816 2442 α
847 2416 923 2442 me.
985 2402 1218 2455 Participia
1265 2403 1336 2444 illa
1383 2403 1558 2444 infinitis
1606 2404 1649 2444 in

57 2472 157 2513 locis
191 2476 452 2514 commutata
489 2486 594 2523 esse,
635 2485 763 2513 nemo
795 2472 942 2512 nescit.
990 2472 1125 2514 Paulo
1158 2476 1267 2526 post,
1302 2487 1356 2515 ne
1390 2487 1519 2526 quem
1551 2487 1647 2515 sus-

94 2669 122 2715 1)
149 2670 271 2715 [Miror
296 2683 337 2706 ac
362 2683 474 2716 prope
501 2672 677 2716 indignor,
703 2671 812 2704 etiam
831 2670 1129 2715 Wesenbergium
1150 2683 1274 2706 meum
1296 2672 1504 2706 certissima}
1531 2683 1649 2706 emen—

153 2731 287 2765 dationi
326 2731 568 2766 contortulam
607 2729 874 2765 enarrationem
912 2731 1132 2773 opposuisse.
1196 2730 1337 2765 Attium
1376 2742 1440 2774 pro
1480 2731 1649 2765 Cicerone

153 2790 337 2834 scripsisse
363 2790 558 2824 ridiculum
585 2787 665 2832 est.]

97 2846 124 2890 ²)
151 2848 273 2882 Simile
301 2851 354 2883 est
380 2851 414 2883 et
440 2849 588 2892 vulgare
608 2860 679 2892 pro
706 2853 875 2891 tempore;
913 2847 999 2881 satis
1026 2851 1148 2882 tamen
1176 2859 1268 2882 nove
1294 2848 1439 2882 Tacitus
1466 2849 1559 2882 Ann.
1587 2848 1646 2889 III,

154 2907 173 2940 1
201 2907 304 2942 dixit:
332 2909 419 2952 quid
437 2919 509 2951 pro
536 2913 689 2951 tempore
712 2908 814 2949 foret,
842 2905 875 2939 id
903 2909 966 2947 est,
993 2907 1146 2950 tempori
1173 2906 1391 2941 conveniret.

1320 2964 1366 2998 25
