1915 3235
873 114 956 154 717

119 261 202 288 non
242 246 436 301 iynoravi
477 259 534 286 om
575 242 810 299 quaesitum)
859 243 932 284 sed
973 244 1060 284 vita
1094 249 1268 297 partum
1313 245 1441 285 otium
1484 246 1712 286 tenueritis.

119 317 327 370 Apparet,
371 316 426 357 ab
469 315 671 356 inertium
703 313 928 355 hominum
960 314 1047 355 otio
1080 317 1384 367 argumentum
1417 316 1515 357 duci
1547 317 1603 357 ad
1634 317 1713 358 ho-

119 390 292 435 nestum
324 386 471 439 populi
503 386 639 427 otium
671 385 952 426 laudandum.
1016 385 1079 425 Ex
1110 387 1306 438 tempore
1338 386 1459 427 verbi
1490 386 1534 427 in
1567 387 1714 428 condi-

121 458 241 500 cione
275 457 443 498 adiecta
475 455 530 509 (si
563 479 616 483 —-
649 454 895 507 tenueritis),
937 455 1133 505 efficitur,
1182 455 1225 496 in
1264 456 1470 508 primaria
1502 459 1715 499 sententia

120 528 315 570 futurum
345 529 518 580 tempus
552 526 704 575 fuisse,
753 526 796 567 in
835 527 915 568 illis
956 540 1033 581 quo
1072 540 1141 567 vos
1178 526 1335 567 indicia
1374 529 1475 568 sunt
1513 528 1715 580 apodosis

121 598 439 651 interrogativae
473 596 533 650 (et
564 597 608 637 in
640 610 717 651 quo
751 600 793 638 et
832 598 875 638 in
914 599 1057 650 positu
1095 597 1360 650 pronominis
1399 596 1504 650 zvos);
1552 598 1596 638 in
1634 599 1715 639 hac

121 669 301 722 apodosi
333 668 568 709 adscensus
601 667 753 720 aliquis
785 668 1032 709 huiusmodi
1071 668 1202 708 debet
1241 681 1346 718 esse,
1396 670 1444 708 ut
1482 669 1624 709 minus
1664 669 1715 709 sit

121 739 227 781 illud
259 740 428 793 capiunt
460 739 721 792 voluptatem.
785 738 934 790 Itaque
975 738 1115 779 forma
1153 739 1327 791 quidem
1367 740 1592 780 sententiae
1624 739 1717 780 haec

122 810 223 851 fuit:
274 809 387 850 Nam
419 810 455 850 si
486 810 532 861 ii,
574 809 645 863 qui
668 813 844 862 propter
876 808 1085 849 desidiam
1117 810 1163 850 in
1195 810 1273 850 otio
1306 810 1460 862 vivunt,
1502 814 1641 850 tamen
1672 811 1715 850 *ive

121 895 200 923 sua
241 881 356 934 turpi
396 880 553 920 inertia
594 881 765 933 eupiunt
807 880 1052 933 voluptatem
1099 894 1147 920 ex
1187 880 1276 933 ipso
1319 881 1411 933 otio,
1460 894 1602 934 quam
1637 894 1719 921 vos

121 951 386 1005 fortunati
425 951 592 1003 eritis,
640 951 677 991 si
715 950 823 990 hunc
861 954 1028 1002 statum,
1077 964 1195 1005 quem
1234 950 1391 991 habetis
1424 949 1477 1003 (P)
1511 964 1607 991 non
1645 952 1718 1005 iy-

123 1022 280 1063 παυὶα
327 1022 617 1076 quaesitum,
666 1021 753 1061 sed
799 1022 988 1062 virtute
1020 1026 1231 1074 partum
1273 1019 1449 1073 [otium]
1489 1022 1717 1062 tenueritis.

123 1092 230 1143 Quae
263 1092 446 1133 diductis
479 1092 630 1133 litteris
663 1091 823 1141 notavi,
856 1105 911 1132 ne
944 1092 987 1132 in
1019 1092 1162 1132 verbis
1196 1092 1370 1144 quidem
1404 1091 1719 1133 dubitationem

123 1165 301 1206 habent.
363 1163 411 1203 In
442 1162 524 1203 illis
556 1162 716 1202 habetis
750 1176 833 1203 esse
864 1175 1016 1203 vereor
1047 1175 1102 1203 ne
1136 1162 1239 1215 quid
1272 1162 1419 1203 lateat.

242 1293 291 1334 V.
355 1292 503 1334 Cicero
537 1292 593 1333 ad
624 1291 816 1332 Atticum
849 1292 878 1341 I,
916 1292 982 1341 13,
1021 1294 1057 1333 1.

244 1375 397 1428 Accepi
428 1379 523 1415 tuas
554 1379 637 1415 tres
668 1375 756 1414 iam
788 1375 994 1428 epistolas,
1036 1388 1163 1415 unam
1197 1388 1221 1414 α
1256 1373 1316 1414 ill.
1353 1374 1555 1425 Cornelio,
1596 1388 1719 1428 quam

132 1445 285 1487 Tribus
323 1445 540 1497 Tabernis,
573 1449 618 1485 ut
649 1446 809 1499 opinor,
843 1446 880 1485 ei
911 1445 1077 1495 dedisti,
1119 1446 1309 1496 alteram„
1349 1458 1473 1498 quam
1506 1444 1610 1484 mihi
1645 1444 1722 1485 Ca-

128 1518 305 1558 nusinus
336 1521 432 1557 tuus
463 1516 606 1569 hospes
638 1515 842 1567 reddidit,
875 1517 1057 1567 tertiam,
1092 1529 1231 1570 quam,
1279 1519 1324 1555 ut
1355 1514 1515 1567 scribis,
1566 1528 1721 1555 ancora

125 1588 274 1640 soluta,
317 1587 367 1628 de
391 1587 566 1641 phaselo
598 1586 776 1637 dedis&
824 1600 915 1641 quae
945 1586 1122 1639 fuerunt
1153 1599 1290 1625 omnes
1321 1585 1548 1625 rhetorem„
1613 1585 1724 1626 Pure

127 1658 365 1713 loquuntur,
413 1670 538 1713 quum
577 1656 854 1698 humanitatis
892 1671 1053 1711 sparsoe
1085 1657 1185 1708 sale,
1233 1661 1320 1696 tum
1351 1656 1535 1710 insiyrzes
1567 1657 1724 1696 amoris

127 1729 248 1770 notis.

247 1799 474 1852 EpistolaS,
516 1812 613 1851 quae
646 1800 868 1839 rhetorum
901 1797 1129 1851 praeceptis
1162 1797 1443 1846 satisfaciant,
1484 1796 1600 1849 ipsas
1633 1797 1724 1837 rhe-

129 1875 266 1911 torum
308 1884 403 1920 esse,
452 1883 628 1922 prorsus
669 1869 906 1910 absurdum
950 1871 1014 1909 est
1053 1867 1257 1921 loquendi
1296 1880 1450 1920 genus,
1499 1881 1525 1907 α
1564 1867 1726 1909 rhetore

129 1941 300 1993 scriptae
332 1940 467 1981 videri
498 1943 614 1981 recte
647 1940 903 1988 dicerentur,
939 1953 965 1979 α
996 1938 1231 1979 rhetoribus
1261 1939 1388 1978 unius
1415 1938 1600 1979 hominis
1635 1939 1724 1991 epi-

130 2012 240 2053 stola
271 2012 340 2052 vel
371 2011 431 2052 sic
463 2011 622 2064 inepte.
684 2011 781 2052 Non
812 2010 954 2050 minus
986 2009 1254 2058 inusitatum,
1304 2008 1506 2061 epistolas
1540 2009 1653 2064 loqui
1685 2011 1724 2049 et

123 2095 234 2136 pure
273 2082 403 2137 loqui;
450 2094 530 2123 nec
567 2079 823 2134 negligenda
862 2080 1068 2133 temporis
1107 2078 1417 2131 discrepantia:
1463 2078 1639 2131 fuerunt
1671 2103 1725 2107 —

131 2153 368 2207 loquuntur.
431 2152 522 2193 Iam
554 2164 656 2193 vero
689 2151 783 2204 ipsa
814 2152 907 2192 haec
946 2151 1039 2191 laus
1080 2151 1177 2203 puri
1215 2149 1425 2191 sermonis
1465 2149 1596 2190 Attici
1637 2150 1726 2202 epi-

132 2223 251 2264 stolis
285 2236 310 2264 a
342 2223 546 2264 Cicerone
585 2224 796 2274 tanquam
829 2234 855 2262 a
887 2222 1093 2274 magistro
1134 2220 1224 2261 sine
1265 2219 1353 2260 ulla
1392 2219 1473 2260 ioci
1511 2220 1726 2273 significa-

131 2293 247 2335 tione
281 2306 412 2346 quam
444 2305 647 2345 perverse
680 2297 722 2332 et
754 2293 898 2344 inepte
930 2291 1160 2332 tribuitur?
1207 2290 1416 2343 Apparet,
1450 2290 1575 2342 longe
1605 2290 1729 2331 aliter

133 2363 384 2406 Ciceronem
416 2363 650 2416 scripsisse.
714 2362 894 2415 Scripsit
926 2367 1073 2403 autem
1106 2361 1185 2402 sic:
1234 2374 1326 2416 quse
1362 2359 1538 2413 fuerunt
1577 2373 1727 2412 omnes,

132 2439 185 2476 ut
216 2434 473 2475 rhetorum
488 2434 643 2487 pueri
665 2433 958 2488 loquuntur,
993 2447 1117 2488 quum
1139 2432 1415 2478 humanitatis
1441 2444 1602 2484 sporsrsoev
1628 2432 1728 2483 sale,

134 2509 221 2546 tum
267 2505 450 2559 insiyhes
497 2505 654 2545 amoris
700 2505 820 2544 notis.
898 2504 988 2545 Iam
1036 2505 1137 2556 apte
1185 2505 1227 2543 et
1280 2504 1395 2543 recte
1442 2501 1534 2554 ipse
1583 2501 1730 2543 Cicero

133 2575 312 2624 iocatur,
360 2577 570 2627 tanquam
610 2574 666 2615 ad
704 2574 927 2615 rhetorum
966 2575 1186 2627 praecepta
1224 2572 1427 2625 epistolas
1465 2572 1597 2612 Attici
1629 2585 1654 2613 a
1686 2585 1731 2613 se

137 2645 246 2698 exigi
279 2648 321 2686 et
352 2645 533 2687 laudari.
590 2644 817 2685 Rhetorum
849 2647 995 2686 autem
1020 2645 1169 2698 pueris
1201 2643 1307 2684 dixit
1340 2642 1510 2684 Graecos
1544 2642 1729 2689 imitans,

137 2716 210 2768 qui
252 2729 350 2757 cum
394 2716 490 2757 lusu
532 2715 722 2768 quodam
754 2715 869 2767 ipsos
901 2715 1097 2756 rhetoras
1139 2716 1296 2762 ῥητόρων
1334 2718 1474 2761 παῖδες,
1522 2715 1730 2765 tanquam

139 2787 358 2839 quandam
399 2786 621 2836 familiam,
671 2786 964 2838 appellabant,
1014 2787 1056 2826 et
1095 2785 1200 2826 alios
1241 2784 1392 2825 eodem
1432 2783 1575 2824 modo.
1650 2784 1730 2824 Lo—

140 2857 299 2909 quendi
345 2870 480 2910 genus
532 2858 632 2909 post
677 2856 905 2897 Platonem
954 2855 1099 2908 (Legg.
1132 2855 1206 2905 VI,
1257 2854 1340 2895 769
1374 2852 1424 2906 B)
1472 2853 1731 2895 recentiores

140 2927 369 2980 scriptores
409 2928 752 2980 frequentarunt,
800 2927 1027 2975 Lucianus,
1076 2925 1231 2967 Sextus
1271 2924 1511 2976 Empiricus
1550 2927 1732 2972 (γραμμα-
