1915 3235
137 1384 170 1408 41

967 110 1023 150 32

199 239 339 279 invehi
372 241 509 291 putat,
556 230 667 290 quid
692 242 753 278 est
788 238 831 278 in
863 238 1020 294 verbis,
1061 250 1115 278 ex
1155 250 1240 289 quo
1273 237 1410 289 magis
1442 236 1636 289 Regulus
1668 237 1794 278 intel-

198 308 352 360 ligatur
400 322 529 361 quam
581 309 720 361 quivis
768 308 876 349 alius
916 321 967 349 ex
1007 307 1124 348 foeda
1163 307 1333 348 illorum
1377 306 1623 360 temperum
1665 308 1794 350 turba

198 376 547 431 falsarioru1n?¹)
590 382 666 420 aut
708 379 824 431 quod
863 379 879 419 Ι
912 392 950 419 V.
987 378 1042 419 69
1083 380 1331 419 matronam
1372 381 1596 431 potentem
1638 379 1794 432 Agrip-

197 450 357 500 pinam.
402 452 586 491 matrem
619 450 814 499 Neronis,
865 462 958 490 esse
996 449 1160 498 volunt,
1210 449 1313 502 quid
1351 450 1598 502 perversius
1647 463 1793 503 quam,

195 532 328 571 quum
362 522 491 572 poeta
522 520 730 561 veneficia
762 523 1061 561 matronarum
1094 520 1166 561 illo
1193 520 1287 573 ipso
1312 524 1507 573 tempore
1533 520 1793 573 frequentis-

195 591 303 630 sima
336 590 468 631 fuisse
508 591 609 631 alibi
653 591 767 631 dicat
800 590 884 643 (VI,
919 590 1017 639 655,
1052 588 1169 642 656),
1209 594 1387 643 propter
1419 591 1555 632 solam
1589 593 1794 644 potentiae

195 661 545 713 appellationem,
591 662 714 714 quasi
754 662 883 703 nullae
914 662 1068 703 Romae
1100 663 1260 714 praeter
1292 662 1605 714 imperatorum
1638 675 1794 704 uxores

193 733 391 782 potentes
425 734 636 773 matronae
670 733 841 781 fuerint,
875 732 1160 785 Agrippinam
1194 745 1246 773 ex
1277 732 1458 773 Neronis
1492 738 1688 786 tempore
1711 733 1796 775 huc

193 801 420 851 advocare,
470 803 513 843 in
557 815 686 855 quam
731 816 786 844 ne
829 804 943 844 cadit
987 803 1162 856 quidem
1206 803 1399 844 veneficii
1440 816 1574 856 genus
1608 817 1633 844 a
1665 806 1795 857 poeta

195 873 398 923 positum.
462 872 578 914 Illius
627 874 740 914 enim
789 874 958 916 boletus
1006 875 1256 915 notissimus
1305 876 1382 923 est,
1433 887 1517 927 quo
1565 874 1794 916 Claudium

194 943 378 992 sustulit,
412 945 481 984 hic
516 944 672 985 rubeta
703 946 965 995 nominatur,
1014 958 1148 998 genus
1181 946 1336 985 veneni
1376 947 1483 994 tum,
1533 949 1580 986 ut
1611 946 1794 996 videtur,

194 1013 439 1055 rumoribus
488 1015 696 1056 iactatum
738 1015 832 1069 (cfr.
866 1016 933 1066 ΙΙΙ,
977 1016 1048 1057 44.
1082 1016 1156 1065 VI,
1200 1014 1317 1068 659).
1397 1015 1539 1066 Quam
1587 1017 1797 1058 violenter

195 1086 340 1124 autem
374 1086 508 1126 verba
542 1087 598 1127 ad
629 1087 877 1129 huiusmodi
900 1100 968 1128 res
992 1087 1297 1140 significandas
1331 1087 1687 1140 detorqueantur,
1722 1101 1795 1129 ex-

193 1155 336 1207 emplo
370 1169 464 1197 esse
497 1160 653 1210 potest,
688 1159 803 1211 quod
828 1159 857 1208 Ι,
893 1158 961 1207 78,
996 1158 1069 1198 ubi
1103 1159 1145 1198 in
1178 1158 1365 1199 libidinis
1389 1158 1561 1211 flagitiis
1594 1160 1796 1201 notandis

192 1239 353 1278 sponsa?
385 1232 528 1281 turpes
561 1233 596 1269 et
620 1234 899 1282 proeteoetatns
933 1228 1100 1269 adulter
1134 1242 1157 1269 a
1190 1230 1319 1281 poeta
1343 1232 1578 1281 ponuntur,
1612 1244 1795 1283 sponsas

192 1296 286 1338 illas
319 1299 433 1339 viros
467 1300 684 1341 nubentes
718 1301 972 1354 intelligunt,
1014 1300 1130 1353 quod
1162 1313 1297 1352 genus
1337 1299 1546 1341 foeditatis
1586 1301 1629 1341 in
1662 1302 1797 1342 satira

193 1369 385 1409 secunda
419 1371 622 1423 exagitat,
665 1372 788 1423 quasi
822 1372 872 1413 iis
913 1373 1070 1421 verbis,
1113 1383 1210 1424 quae
1244 1371 1313 1412 hic
1345 1372 1486 1423 posita
1521 1373 1634 1420 sunt,
1680 1371 1798 1412 aliud

193 1440 455 1491 significetur
500 1454 630 1494 quam
672 1455 845 1494 sponsae
884 1456 970 1483 non
1003 1444 1135 1483 castae
1169 1455 1248 1482 nec
1281 1442 1470 1483 lihidinis
1505 1442 1661 1483 saltem
1695 1444 1795 1484 ante

192 1511 365 1563 nuptias
414 1514 636 1564 expertes,
687 1517 761 1553 aut
810 1515 932 1566 quasi
973 1514 1207 1566 quicquam
1255 1514 1355 1553 huic
1404 1513 1497 1554 loco
1546 1514 1688 1566 aptius
1739 1514 1798 1555 sit

193 1594 323 1632 quam
356 1582 483 1624 huius
518 1583 705 1625 libidinis
739 1585 917 1630 notatio,
959 1598 1089 1637 quum
1132 1585 1175 1624 in
1208 1584 1345 1625 altera
1386 1587 1510 1636 parte
1551 1585 1605 1625 sit
1648 1584 1795 1625 adole-

192 1653 412 1694 scentulus
452 1654 539 1695 iam
588 1655 631 1695 in
663 1659 875 1707 praetexta
917 1655 1098 1696 adulter.
1163 1654 1276 1705 Quid
1324 1655 1465 1696 dicam
1515 1655 1567 1696 de
1614 1655 1795 1708 Pegaso,

192 1723 507 1774 jurisconsulto,
557 1726 763 1778 praefecto
807 1727 940 1777 urbis,
990 1727 1158 1779 egregie
1203 1739 1227 1766 a
1272 1726 1474 1767 Iuvenale
1519 1726 1696 1768 laudato
1728 1726 1795 1777 IV,

195 1794 261 1843 78,
311 1808 439 1847 quem
483 1799 532 1837 ut
574 1796 704 1838 Stoici
749 1799 938 1850 speciem
983 1798 1260 1838 affectantem
1304 1797 1434 1838 rideri
1477 1797 1721 1838 Herminius
1755 1799 1798 1838 et

191 1864 428 1918 Rupertius
460 1870 630 1919 putant,
680 1869 1047 1921 suspiciunculam
1092 1868 1277 1909 Ferrarii
1311 1869 1460 1917 secuti,
1507 1869 1623 1921 quod
1653 1869 1797 1910 Roma

192 1936 248 1976 ad
273 1936 568 1980 Domitianum
602 1940 645 1980 in
679 1953 823 1980 arcem
849 1939 1067 1980 Albanam
1094 1939 1377 1980 festinaturus
1412 1940 1600 1980 abollam
1624 1952 1796 1981 sumere

192 2007 347 2048 dicitur
380 2008 436 2061 (V.
467 2009 560 2062 76);
594 2011 637 2051 id
671 2012 784 2051 enim
819 2024 914 2052 esse
948 2011 1257 2051 vestimentum
1282 2010 1640 2063 philosophorum
1667 2010 1796 2063 idque

192 2078 368 2131 intelligi
412 2094 464 2120 ex
497 2081 564 2129 III,
617 2082 714 2122 115.
784 2083 895 2135 Ergo
934 2082 1050 2134 quod
1093 2082 1262 2134 Egnatii
1306 2081 1480 2131 Celeris,
1529 2080 1674 2130 Stoici,
1724 2082 1797 2134 qui

190 2149 375 2191 Baream
410 2151 624 2192 Soranum
658 2152 823 2203 detulit,
868 2153 1007 2194 scelus
1038 2152 1211 2205 facinus
1249 2153 1426 2193 maioris
1466 2152 1611 2193 abollae
1644 2153 1795 2205 appel-

193 2220 319 2269 latur,
354 2222 406 2262 de
441 2223 562 2263 cuius
595 2223 821 2265 locutionis
855 2223 1167 2277 significatione
1201 2224 1282 2276 ipsi
1313 2223 1527 2272 dubitant,
1562 2223 1660 2263 inde
1695 2236 1796 2265 con-

231 2406 260 2449 ¹)
285 2409 325 2442 In
353 2410 483 2444 eodem
511 2411 590 2445 loco
617 2412 749 2446 Weber
775 2423 807 2446 V.
836 2413 879 2446 67
907 2413 1161 2447 difficultatem
1194 2411 1261 2445 sibi
1297 2410 1486 2445 sustulisse
1513 2410 1666 2452 videtur,
1699 2412 1795 2456 quod

286 2468 479 2503 admonuit
505 2472 676 2519 siynatorb
692 2472 787 2514 falso
815 2472 883 2505 dici
902 2472 1084 2506 intellecto
1103 2474 1152 2513 in,
1179 2474 1220 2505 ut
1240 2470 1439 2515 saepissime
1459 2471 1556 2514 apud
1575 2470 1795 2505 Iuvenalem.

285 2528 423 2562 Vellem
458 2529 639 2572 posuisset
672 2530 809 2567 locum.
849 2531 911 2565 uhi
945 2531 1138 2575 reperisset
1171 2530 1307 2564 dietum
1340 2532 1506 2573 siymttor
1538 2531 1573 2562 in
1605 2526 1734 2572 falso,>
1758 2531 1797 2563 in

285 2588 428 2630 tabulis,
469 2590 507 2621 in
541 2594 747 2624 testamento
780 2589 967 2631 similiave,
1008 2591 1064 2624 vel
1098 2592 1205 2630 certe,
1245 2589 1307 2623 ubi
1340 2591 1486 2632 simmaa-e
1514 2591 1551 2622 in
1577 2590 1719 2632 tabulis,
1757 2591 1797 2622 in

285 2650 503 2681 testamento.
556 2648 631 2682 Aut
656 2652 752 2682 recte
779 2649 1004 2693 interpunxit
1030 2648 1238 2693 Rupertius,
1265 2651 1305 2682 ut
1330 2648 1491 2692 primum
1514 2648 1682 2682 universe
1700 2649 1795 2691 falso

286 2705 437 2747 dicatur,
480 2706 611 2741 deinde
643 2708 864 2751 singulatim,
904 2711 939 2742 et
966 2708 1014 2741 ita
1046 2711 1087 2741 ut
1120 2707 1274 2741 facilitas
1307 2707 1357 2741 rei
1385 2707 1617 2750 significetur,
1655 2709 1796 2751 exiguis

287 2765 419 2798 tabulis
446 2770 476 2798 et
507 2777 646 2809 yemma
679 2768 753 2800 uda
779 2765 892 2810 (quod
925 2770 1049 2801 tamen
1082 2777 1148 2800 nec
1180 2777 1244 2810 per
1275 2777 1313 2800 se
1345 2766 1483 2800 honum
1523 2769 1577 2800 est
1615 2769 1650 2800 et
1687 2766 1795 2800 nimis

287 2823 384 2857 nude
412 2824 462 2857 sic
491 2824 622 2859 dicitur
648 2824 837 2868 siynator),
864 2829 926 2859 aut
953 2825 1138 2869 scripsisse
1157 2825 1338 2859 Iuvenalis
1357 2825 1501 2859 videtur
1523 2825 1672 2869 Siynato
1688 2826 1794 2869 falso,

286 2885 327 2916 ut
353 2885 520 2926 siynator
545 2884 721 2928 scriptum
746 2884 792 2918 sit
818 2884 863 2918 ab
882 2884 1014 2928 aliquo,
1042 2884 1104 2928 qui
1123 2884 1328 2918 subiectum
1347 2884 1585 2928 praecedentis
1605 2884 1795 2919 sententiae

285 2942 517 2976 substantivo
545 2953 757 2986 expressum
783 2943 1050 2977 desideraverit.
