1915 3235
815 130 869 171 33

49 271 201 314 ficitur,
236 265 424 308 abollam
456 262 811 316 philosophorum
844 260 1065 312 propriam
1098 257 1244 305 fuisse,
1289 269 1422 309 quum
1456 256 1498 296 in
1530 256 1638 295 Var-

49 341 165 382 ronis
198 337 439 389 fragmento
473 333 590 385 apud
621 332 807 373 Nonium
840 331 971 371 vestis
1004 329 1200 370 militaris
1234 329 1301 377 sit,
1337 327 1453 380 apud
1485 327 1639 367 Sueto-

50 412 169 452 nium
209 407 357 460 (Calig.
392 404 465 457 35)
512 415 729 456 purpurea
777 401 902 454 regis,
952 401 1068 454 apud
1114 399 1357 441 Martialem
1405 397 1524 450 (VIII,
1566 396 1640 448 48)

52 480 237 523 hominis
270 476 441 518 delicati
473 477 516 515 et
549 469 816 526 elegantis1),
851 474 899 513 ut
923 473 1027 513 satis
1054 473 1276 524 appareat,
1311 482 1398 510 non
1421 468 1641 521 proprium

54 549 156 590 certi
189 547 412 591 hominum
445 545 612 598 generis
637 544 944 584 vestimentum
970 542 1115 591 fuisse,
1150 541 1227 582 sed
1251 552 1492 588 commune,
1527 551 1644 579 cras-

56 621 144 661 sius
177 617 314 671 (Serv,
339 617 394 657 ad
420 617 532 668 Virg.
566 615 659 656 AEn.
677 614 726 663 V,
759 612 877 665 4⁶21),
911 613 1027 666 quod
1058 616 1170 666 togae
1202 612 1453 664 reliquoque
1478 610 1645 650 habitui

56 689 301 743 superiniici
333 687 503 735 soleret,
548 689 595 726 ut
626 687 707 726 hoc
739 685 832 726 loco
865 698 890 725 a
921 684 1102 736 Pegaso,
1150 685 1231 724 iter
1262 683 1404 724 hieme
1439 681 1647 722 stridente

58 761 158 814 (vid.
192 773 231 800 V.
258 757 331 811 58)
363 759 623 810 ingressuro.
686 755 772 797 Sed
804 755 921 796 nulla
954 755 1042 795 fere
1076 755 1262 807 pravior,
1296 758 1338 794 et
1372 766 1468 806 quae
1511 752 1648 804 magis

59 835 101 873 et
132 844 200 872 res
233 829 549 871 diversissimas
583 827 818 868 confundat
859 828 901 866 et
926 828 1079 878 poetae
1121 826 1381 866 sententiam
1414 824 1648 877 pervertat,

60 915 112 944 ex
158 902 239 943 hoc
286 912 442 953 genere
490 899 677 951 suspicio
725 902 803 947 est,
853 910 984 950 quam
1032 910 1116 949 qua
1165 896 1221 937 ad
1268 899 1348 937 sat.
1376 896 1443 943 III,
1485 895 1555 940 79,
1597 893 1652 934 80

59 975 251 1013 utuntur.
315 971 562 1011 Graecorum
600 969 821 1009 nationem
865 967 920 1008 ad
964 980 1266 1020 quamcunque
1308 969 1445 1007 artem
1489 969 1650 1017 aptam,

60 1043 164 1084 nihil
195 1055 282 1083 non
313 1044 556 1082 tentantem
589 1042 631 1081 et
664 1039 897 1080 audentem
931 1052 1062 1091 quum
1090 1038 1400 1092 descripsisset,
1434 1038 1654 1090 postremo

63 1114 207 1155 omnia
241 1112 545 1164 complectens,
595 1111 638 1151 id
670 1110 850 1158 facinus,
899 1110 941 1150 in
982 1123 1066 1162 quo
1100 1111 1223 1162 quasi
1257 1121 1429 1150 summa
1461 1106 1655 1148 audaciae

65 1187 108 1225 et
154 1183 434 1236 impudentiae
481 1183 686 1223 humanae
734 1182 1014 1229 constitisset,
1071 1194 1157 1222 non
1216 1181 1270 1221 ab
1321 1181 1428 1221 alius
1478 1178 1656 1219 alicuius

65 1255 202 1309 gentis
234 1254 422 1304 homine,
455 1253 532 1294 sed
565 1266 588 1293 a
623 1253 771 1293 Graeco
804 1255 1018 1293 tentatum
1053 1264 1147 1292 esse
1181 1252 1305 1299 dixit3
1345 1251 1658 1291 Atheniensem

67 1327 212 1375 fuisse,
246 1326 317 1378 qui
351 1324 441 1365 alas
475 1324 745 1376 sumpsisset.
810 1323 914 1374 Quis
947 1336 1034 1364 non
1066 1323 1195 1371 videt,
1246 1323 1301 1363 ad
1340 1322 1451 1363 hanc
1485 1326 1659 1362 senten—

67 1398 172 1438 tiam
214 1395 480 1448 implendam
522 1394 627 1436 nihil
671 1395 787 1435 aliud
829 1395 1045 1447 pertinere
1078 1398 1236 1446 praeter
1268 1393 1508 1441 Daedalum,
1558 1393 1661 1433 nihil

71 1468 186 1508 aliud
218 1467 361 1507 verbis
395 1467 614 1507 contineri.
650 1465 853 1519 quicquid
886 1465 1070 1517 denique
1104 1464 1302 1514 addatur,
1344 1465 1483 1517 perire
1518 1464 1660 1504 omnia

71 1544 109 1580 et
145 1538 307 1579 everti?
347 1537 400 1577 Et
431 1543 579 1577 tamen
612 1550 744 1589 quum
779 1537 895 1589 apud
919 1537 1172 1577 Suetonium
1206 1535 1322 1588 (Ner.
1352 1533 1423 1587 12)
1456 1536 1663 1587 scriptum

73 1611 199 1657 esset,
249 1621 380 1661 quum
414 1608 527 1648 Ne'ro
571 1609 682 1648 inter
713 1608 795 1648 alia
829 1607 1127 1660 pyrricharum
1162 1608 1417 1659 argumenta
1451 1606 1557 1645 Icari
1590 1618 1665 1646 vo-

73 1681 200 1721 lantis
233 1679 528 1732 spectaculum
563 1678 723 1720 ederet.
773 1679 940 1719 Icarum
984 1679 1123 1730 primo
1167 1678 1313 1718 statim
1349 1679 1506 1718 conatu
1548 1677 1664 1716 iuxta

75 1751 318 1792 cubiculum
353 1750 627 1803 imperatoris
668 1750 878 1790 decidisse
916 1750 1144 1802 ipsumque
1194 1761 1343 1789 cruore
1393 1748 1666 1800 respersisse,

75 1824 156 1864 hoc
189 1835 212 1862 a
246 1821 447 1861 Iuvenale
481 1821 767 1873 significatum
811 1821 1068 1873 interpretes
1108 1821 1384 1871 putaverunt.
1432 1819 1554 1871 quasi
1596 1820 1670 1858 aut

77 1907 145 1934 res
178 1892 427 1945 perpusilla,
462 1905 546 1944 quo
577 1895 773 1944 tempore
807 1891 1019 1931 Iuvenalis
1053 1891 1208 1931 satiras
1237 1889 1382 1939 edidit,
1418 1894 1520 1930 nota
1544 1889 1670 1941 vulgo

79 1965 208 2005 fuerit
241 1968 315 2004 aut
347 1963 656 2015 significatione
691 1963 832 2015 digna.
874 1965 948 2002 aut
986 1963 1028 2002 in
1061 1961 1227 2002 misello
1260 1961 1447 2009 homine,
1499 1974 1523 2000 a
1557 1973 1671 2001 saevo

80 2038 263 2089 tyranno
296 2034 533 2086 periculum
567 2035 665 2074 vitae
699 2033 817 2074 adire
843 2035 1004 2082 coacto,
1039 2045 1168 2086 quem
1194 2045 1246 2072 ne
1273 2032 1470 2072 Graecum
1498 2030 1671 2083 quidem

82 2107 212 2147 fuisse
246 2107 426 2153 constat,
477 2105 706 2157 quicquam
751 2107 825 2145 aut
869 2104 1061 2144 audaciae
1106 2106 1180 2144 aut
1223 2103 1388 2143 ridiculi
1436 2107 1475 2142 et
1511 2115 1673 2150 eorum,

84 2191 179 2230 quae
203 2177 271 2217 hic
295 2178 548 2223 tractantur,
583 2175 720 2216 simile
748 2174 888 2214 fuerit.
937 2174 1023 2214 Sed
1048 2187 1133 2214 non
1157 2174 1298 2214 minus
1324 2172 1674 2225 improbandum,

86 2248 200 2301 quod
232 2247 297 2296 IV,
336 2246 430 2295 106,
472 2247 545 2286 ubi
585 2246 776 2286 Rubrius
816 2245 992 2298 quidam
1031 2247 1206 2285 senator
1240 2243 1466 2297 improbior
1497 2244 1674 2283 satiram

86 2318 285 2360 scribente
317 2317 476 2357 cinaedo
509 2317 674 2358 dicitur.
724 2317 838 2357 hunc
881 2316 1093 2356 cinaedum
1134 2317 1349 2358 Neronem
1392 2328 1486 2355 esse
1532 2318 1574 2354 et
1608 2313 1678 2354 alii

87 2391 295 2442 putarunt
327 2390 369 2428 et
400 2401 551 2440 nuper,
587 2401 717 2440 quum
744 2387 894 2427 Manso
927 2389 1141 2438 negasset,
1177 2386 1339 2426 Weber
1366 2398 1524 2438 magno
1550 2397 1679 2437 opere

127 2551 155 2595 ¹)
184 2554 223 2587 In
249 2554 326 2587 loco
353 2553 413 2586 illo
441 2552 554 2586 tertiae
581 2552 700 2585 satirae
732 2562 858 2584 verum
891 2550 1044 2591 videtur,
1085 2552 1181 2594 quod
1213 2551 1249 2584 in
1283 2550 1418 2583 scholio
1453 2549 1569 2593 primo
1604 2549 1682 2582 loco

185 2612 331 2656 ponitur
355 2610 499 2653 (deinde
526 2611 623 2645 enim
651 2611 765 2645 altera
790 2610 851 2644 illa
878 2610 921 2644 de
948 2610 1056 2654 pallio
1083 2609 1382 2653 philosophorum
1409 2609 1554 2642 additur
1577 2609 1684 2642 inter-

185 2669 364 2715 pretatio),
403 2670 594 2714 proverbio
633 2670 790 2713 quodam
829 2669 898 2702 dici
935 2669 979 2702 de
1017 2669 1163 2702 maioris
1201 2668 1359 2702 hominis
1398 2671 1433 2702 et
1472 2667 1684 2712 potentioris

186 2730 337 2767 scelere;
371 2733 494 2774 aperte
522 2730 619 2763 enim
644 2729 816 2772 Egnatius
842 2728 1042 2772 seiungitur
1068 2739 1089 2761 a
1114 2727 1221 2761 turha
1248 2727 1499 2761 Graeculorum
1525 2727 1561 2760 in
1587 2737 1685 2769 gym-

189 2789 297 2822 nasiis
328 2789 568 2833 strepentium
601 2792 637 2822 et
671 2799 797 2822 eorum
831 2787 934 2821 factis
964 2787 1169 2821 levioribus.
1221 2786 1310 2820 Nam
1347 2788 1466 2819 transi
1496 2787 1686 2829 gymnasia

190 2848 276 2891 quin
303 2847 349 2881 sit
373 2849 501 2890 omitte,
528 2848 680 2890 proeteri
708 2858 838 2890 yymn„
873 2857 945 2880 non
977 2848 1097 2879 transi
1121 2847 1169 2879 ad
1192 2846 1394 2889 yymnasia,
1427 2855 1500 2878 non
1533 2844 1687 2878 debebat

192 2907 343 2940 dubium
369 2917 446 2940 esse
472 2906 599 2939 Latine
625 2905 832 2946 scientibus,
861 2904 1003 2938 etiamsi
1028 2904 1209 2938 Iuvenalis
1235 2904 1309 2944 VII,
1338 2903 1406 2936 190
1432 2914 1504 2936 non
1531 2902 1688 2945 scripsis-

192 2968 260 2999 set:
288 2966 463 3009 Eoeempla
494 2976 665 2999 novorum
689 2966 850 3007 fatorum
876 2965 1004 2997 transi.

1385 3022 1407 3053 3

1672 983 1706 1007 42
