1915 3235
822 141 904 182 117

73 289 156 317 non
177 274 304 315 hoeret
325 271 548 326 infamiae?
577 271 654 313 sed
678 271 730 312 de
754 271 990 324 posteriore
1014 273 1140 323 parte
1164 269 1399 311 verborum
1419 270 1654 312 admodum

74 344 351 393 dissentiunt3
399 351 530 396 quam
567 341 761 384 nonnulli
793 341 921 394 plane
954 340 1138 390 eiiciunt,
1185 353 1271 381 non
1310 340 1414 381 satis
1453 341 1654 393 gravibus

72 415 335 470 argumentis
373 416 556 455 utentes.
618 413 729 453 Nam
770 412 885 464 quod
929 411 1111 452 similem
1153 412 1337 463 utraque
1378 400 1655 465 interrogatio

73 499 248 529 sensum
279 484 425 534 habet,
472 497 559 525 non
597 485 662 524 est
699 485 848 524 tamen
880 482 1015 532 idem3
1062 481 1199 522 multa
1232 486 1332 523 sunt
1365 482 1478 523 enim
1511 496 1655 524 rerum

73 558 340 611 privatarum
373 555 598 604 dedecora,
631 555 679 594 ut
711 567 769 594 aes
804 552 1004 603 alienum,
1038 553 1227 602 fraudes,
1260 552 1437 603 iniuriae,
1472 567 1568 606 quae
1600 554 1657 595 ad

74 627 356 669 domesticam
386 623 697 677 turpitudinem
729 637 816 665 non
847 624 1076 677 pertinent.
1125 624 1221 665 Alio
1254 624 1382 666 modo
1405 625 1535 679 paulo
1559 627 1656 677 post

71 698 195 739 ruina
217 696 500 738 fornunarum
528 696 903 745 commemoratur,
937 699 985 735 ut
1002 694 1232 736 difficultas
1251 695 1488 736 domestica
1510 697 1655 736 osten-

73 768 212 809 datur.
275 767 370 820 Ipse
402 767 546 807 orator
576 765 706 818 paulo
745 764 856 805 infra
890 765 1109 818 privatam
1151 767 1423 820 iynominiam
1461 766 1657 806 vitiorum

71 840 114 879 et
159 838 423 878 domesticam
469 835 760 889 difficultatem
814 849 862 876 ac
907 836 1209 888 turpitudinem
1262 837 1491 890 coniungit.
1568 837 1656 877 Nec

71 921 243 961 semper
289 907 449 957 Cicero,
497 907 573 948 ubi
618 906 864 947 huiusmodi
911 907 1316 960 interrogationibus
1360 908 1657 949 adversarium

71 981 196 1031 urget
242 980 316 1019 aut
361 991 453 1019 rem
501 980 743 1030 exaggerat,
793 977 1018 1030 diligenter
1064 991 1132 1019 res
1180 978 1395 1019 discernit.
1464 978 1659 1019 Retineri

72 1052 218 1091 autem
249 1049 343 1090 haec
380 1049 514 1089 Verba
553 1048 713 1089 debent
756 1048 885 1089 etiam
929 1049 1227 1090 concinnitatis
1270 1049 1468 1090 oratoriae
1512 1062 1656 1090 causa.

72 1119 285 1170 Quattuor
339 1119 452 1160 enirn
505 1118 911 1171 interrogationibus
959 1119 1191 1161 Catilinam
1238 1122 1361 1172 urget
1408 1118 1495 1172 (illa
1544 1119 1658 1160 enim

75 1190 176 1246 quid
206 1190 330 1231 vero?
360 1192 442 1231 cet.
481 1190 536 1230 ad
574 1202 705 1230 unam
746 1192 909 1231 certam
948 1204 1038 1232 rem
1080 1189 1279 1243 spectat),
1329 1203 1512 1243 quarum
1545 1190 1658 1232 binae

72 1261 232 1303 similes
271 1263 372 1302 sunt
410 1261 548 1302 forma
589 1262 631 1301 et
671 1259 838 1301 ambitu
877 1261 1093 1311 orationis,
1144 1261 1241 1302 duae
1281 1261 1512 1311 breviores,
1561 1262 1658 1302 duae

69 1333 295 1385 longiores.
358 1332 615 1384 Corruptam
649 1333 793 1372 autem
835 1344 928 1372 esse
961 1332 1231 1386 scripturam,
1264 1331 1539 1385 perspicuum
1573 1335 1658 1382 est3

71 1415 210 1455 neque
243 1402 357 1443 enim
388 1403 432 1443 in
463 1401 641 1442 infamia
674 1401 874 1451 dedecus,
917 1402 993 1443 sed
1026 1404 1068 1443 in
1101 1403 1218 1444 fama
1249 1403 1404 1451 haeret,
1448 1406 1490 1444 et
1521 1404 1564 1444 in
1598 1404 1658 1443 in-

70 1472 219 1526 famioe
250 1472 460 1514 vocabulo
492 1473 626 1514 latere
657 1473 702 1513 in
731 1472 855 1525 fama
887 1473 1031 1525 plures
1071 1474 1392 1523 intellexerunt,
1433 1473 1509 1514 sed
1541 1475 1658 1527 origo

71 1545 160 1586 eius
193 1544 338 1586 mendi
368 1544 616 1597 intelligitur
649 1557 701 1584 ex
733 1543 927 1585 codicum
967 1544 1163 1595 duorum,
1213 1545 1284 1597 qui
1323 1546 1433 1585 inter
1472 1544 1656 1597 optimos

71 1618 183 1665 sunt,
232 1615 494 1668 Hittorpiani
537 1617 579 1656 et
620 1614 880 1665 Fabriciani,
930 1617 972 1656 et
1010 1616 1136 1656 unius
1181 1615 1403 1657 deterioris
1447 1616 1659 1668 scriptura

68 1686 255 1735 inliceret,
304 1699 399 1739 quae
446 1687 670 1727 verissima
719 1688 802 1736 est,
849 1698 951 1727 nam
993 1688 1169 1739 propter
1210 1686 1254 1727 id
1296 1686 1437 1739 ipsum
1476 1686 1657 1727 verbum

72 1757 240 1798 dativus
274 1757 430 1798 villatus
477 1759 554 1798 est.
618 1756 731 1798 Satis
780 1759 843 1797 est
892 1757 1003 1798 enim
1051 1759 1215 1806 notum,
1264 1757 1514 1798 Ciceronem
1559 1757 1659 1799 huic

69 1828 202 1869 verbo
245 1830 288 1869 et
329 1828 480 1868 ceteris
524 1827 676 1868 eodem
719 1828 848 1869 modo
889 1829 1135 1880 compositis
1174 1829 1522 1881 praepositionem
1554 1828 1657 1869 sub-

70 1899 258 1951 iungere,
292 1911 455 1951 proque
489 1911 540 1938 ea
572 1900 787 1939 structura
820 1911 845 1939 a
877 1898 1060 1940 librariis
1094 1899 1183 1940 fere
1216 1899 1409 1940 dativum
1442 1899 1658 1952 substitui,

71 1981 168 2021 quae
200 1971 352 2021 postea
384 1968 647 2022 frequentior
680 1971 772 2009 erat
804 1969 964 2018 forma,
1005 1970 1123 2010 velut
1155 1970 1392 2022 saepissime
1424 1970 1505 2011 hoc
1537 1969 1585 2010 fit
1616 1970 1659 2010 in

69 2040 203 2080 verbo
235 2039 351 2092 quod
383 2041 448 2081 est
478 2040 622 2080 inesse.
684 2039 847 2092 Itaque,
896 2043 944 2080 ut
986 2040 1079 2081 haec
1111 2041 1277 2081 minuta
1311 2040 1495 2093 exempli
1527 2053 1659 2081 causa

70 2111 259 2163 tangam,
294 2112 336 2151 et
367 2110 410 2151 in
442 2110 534 2151 Cat.
568 2110 633 2159 IV,
670 2110 736 2159 11,
771 2110 839 2160 23,
873 2111 947 2151 ubi
980 2111 1220 2164 legebatur:
1262 2113 1341 2152 erit
1373 2112 1517 2152 vestris
1548 2124 1658 2152 men-

71 2180 178 2221 tibus
209 2180 355 2234 infixa,
389 2181 514 2232 edidi,
549 2182 664 2234 quod
696 2184 787 2222 erat
820 2182 863 2222 in
896 2181 1081 2222 editione
1105 2196 1142 2222 a.
1170 2182 1294 2231 1472,
1329 2183 1407 2222 erit
1438 2183 1481 2222 in
1514 2183 1659 2223 vestris

72 2251 154 2304 inf.
186 2265 254 2302 vn„
295 2265 428 2304 quum
466 2253 511 2293 in
548 2253 694 2293 vestris
725 2252 933 2305 scriptum
968 2255 1083 2294 esset
1114 2254 1157 2293 in
1190 2253 1312 2294 codd.
1345 2253 1584 2294 Erfurtensi
1617 2255 1659 2293 et

71 2321 309 2364 Franciano
342 2325 384 2364 et
415 2323 471 2364 ad
503 2324 741 2376 marginem
774 2336 800 2364 a
832 2323 1043 2365 Lambino
1084 2337 1107 2365 e
1150 2324 1273 2365 codd.
1308 2326 1575 2375 annotatum,
1617 2325 1658 2364 et

72 2406 149 2446 pro
180 2393 310 2435 Arch.
346 2394 412 2443 11,
445 2394 500 2435 26
533 2394 883 2447 praepositionem
915 2393 1078 2445 reduxi,
1113 2397 1156 2435 et
1187 2395 1371 2448 Philipp.
1405 2395 1452 2445 II,
1494 2395 1562 2445 26,
1603 2394 1659 2435 64

74 2463 266 2505 ordinem
298 2463 585 2516 verborume
619 2465 711 2506 cod.
745 2465 839 2506 Vat.
874 2465 1058 2514 mutavi3
1095 2478 1207 2506 ‘nam
1253 2466 1392 2506 (mimo
1425 2478 1522 2506 cum
1554 2478 1659 2506 voce

76 2533 204 2575 hoeret
235 2535 578 2588 coniungendum
611 2532 736 2588 est.¹)
1432 2526 1438 2531 “

107 2671 138 2716 ¹)
162 2674 332 2717 Fuerunt,
367 2675 428 2720 qui
460 2676 497 2710 in
523 2676 590 2710 hoc
616 2676 694 2710 loco
720 2686 922 2720 pronomen
949 2676 1194 2711 desiderarent
1226 2674 1401 2720 (infamiae
1431 2682 1501 2710 tuoe
1532 2679 1595 2711 aut
1621 2678 1658 2710 in

162 2735 267 2777 fama
292 2733 380 2777 tua),
419 2729 712 2770 eodem'scilicet
744 2745 874 2777 errore,
913 2746 984 2779 quo
1017 2735 1053 2770 id
1084 2735 1221 2770 librarii
1254 2735 1420 2770 nonnulli
1445 2735 1658 2770 addiderant

164 2804 229 2837 pro
255 2793 370 2838 Ligar.
397 2793 429 2834 4,
457 2793 499 2826 11
527 2792 715 2836 (avunculo
741 2791 831 2836 suo),
864 2794 926 2828 ubi
957 2798 1088 2838 praeter
1119 2798 1191 2830 tres
1218 2795 1358 2829 codices
1383 2794 1429 2828 ab
1455 2793 1587 2828 Orellio
1614 2793 1658 2827 ci-

164 2854 258 2886 tatos
290 2852 423 2887 omittit
449 2853 525 2887 cod.
553 2852 588 2887 C.
617 2853 751 2897 Steph„
785 2863 880 2887 unus
907 2853 1033 2895 Oxon„
1065 2854 1195 2895 Haun„
1231 2857 1266 2888 et
1292 2865 1357 2898 pro
1382 2853 1497 2897 Ligar.
1526 2852 1580 2894 12,
1612 2851 1657 2885 38

166 2909 317 2952 (natura
341 2910 430 2953 tua),
456 2911 519 2945 ubi
544 2911 796 2946 omittentibus
822 2911 923 2946 codd.
950 2912 1088 2946 accedit
1113 2913 1189 2947 cod.
1209 2912 1327 2946 Haun.
1347 2915 1381 2946 et
1400 2910 1547 2955 Quintil.
1566 2910 1656 2952 VIII,

165 2968 197 3011 5,
225 2968 256 3004 7.
307 2969 427 3004 Semel
452 2970 610 3014 positum
636 2971 682 3005 ad
708 2973 907 3015 utrumque
933 2971 1140 3006 membrum
1166 2971 1332 3015 pertinet.

1679 1269 1729 1295 145
