1915 3235
850 150 935 192 613

96 281 168 322 lib.
202 280 250 330 H,
285 280 354 330 32,
390 276 504 332 79¹),
536 280 667 330 nullo,
710 282 828 332 puto,
864 279 1121 330 discrimine,
1162 281 1240 322 sed
1271 283 1318 322 ut
1350 281 1584 323 faciliorem
1617 295 1687 323 ra—
1707 293 1759 319 262

95 352 256 392 tionem
299 350 464 392 sortitio
503 350 705 400 haberet,
755 363 889 402 quum
937 350 1089 392 eodem
1135 353 1331 404 tempore
1369 352 1495 405 plura
1533 352 1690 394 iudicia

97 423 412 467 exercerentur.
460 420 637 461 Aurelia
668 420 762 473 lege
793 423 880 462 tres
914 421 1040 462 factae
1071 422 1172 462 sunt
1204 421 1402 472 decuriae,
1435 422 1613 475 singulae
1638 436 1690 463 ex

96 491 272 545 singulis
306 491 542 541 ordinibus,
591 491 652 532 ita
682 493 743 541 ut,
791 491 974 532 sublatis
1015 505 1040 532 a
1080 491 1251 533 Caesare
1290 492 1474 533 tribunis
1513 493 1688 543 aerariis,

97 563 194 604 duae
225 562 384 603 relictae
417 562 514 611 sint,
564 562 680 614 quod
717 561 965 614 intelligitur
1004 574 1056 602 ex
1094 561 1145 603 iis
1182 562 1298 612 locis,
1347 563 1421 604 ubi
1454 563 1601 605 Cicero
1633 564 1689 604 Μ.

95 634 271 675 Antonii
303 633 443 686 legem
474 632 721 673 iudicialem
755 633 1080 674 commemorat.
1130 631 1240 685 (Vid.
1273 646 1316 685 p.
1348 633 1433 674 256
1465 632 1573 686 not.)
1628 634 1691 674 Ex

95 703 161 745 his
193 704 237 744 in
268 702 451 756 publicis
485 703 624 744 causis
658 702 836 756 aequalis
867 702 1057 742 iudicum
1089 716 1295 746 numerus
1335 704 1448 745 sumi
1487 703 1690 744 debebat.

97 773 183 816 Sed
214 774 257 814 in
290 773 345 814 M.
380 772 530 815 Scauri
563 786 695 816 causa
727 773 963 814 sententias
997 772 1146 814 tulisse
1178 776 1399 815 senatores
1422 774 1492 825 22,
1526 775 1691 826 equites

96 844 166 895 23,
215 844 412 885 tribunos
452 845 626 885 aerarios
668 843 732 897 (ut
771 841 929 896 editur)
969 843 1038 894 25,
1085 843 1298 885 Asconius
1337 844 1485 885 scribit
1516 844 1690 898 (comm.

97 912 330 967 extremo);
378 914 421 955 in
465 914 633 956 Milonis
676 916 823 956 autem
866 927 998 956 causa
1040 917 1262 956 senatores
1305 916 1371 966 18,
1421 915 1586 968 equites
1622 916 1689 966 17,

98 985 295 1028 tribunos
331 986 397 1036 16,
432 985 671 1038 eodemque
703 998 884 1026 numero
916 986 960 1026 in
991 985 1046 1026 Μ.
1081 985 1255 1036 Saufeii,
1290 986 1361 1038 qui
1394 986 1547 1027 eodem
1578 988 1691 1027 tem-

95 1069 214 1110 pore,
249 1069 334 1108 quo
366 1055 479 1106 Milo,
514 1057 666 1097 eadem
700 1056 792 1109 lege
816 1058 1046 1097 accusatus
1069 1058 1147 1097 est.
1196 1055 1371 1109 Opinor,
1405 1056 1448 1097 in
1471 1069 1690 1098 commen-

94 1122 206 1169 tario
239 1126 486 1168 Scaurianae
518 1128 660 1180 ipsum
701 1127 936 1168 Asconium
975 1126 1032 1166 24
1071 1126 1267 1168 tribunos
1305 1128 1547 1180 scripsisse;
1595 1128 1691 1168 uni-

97 1211 246 1239 versus
291 1197 405 1238 enim
437 1198 627 1239 iudicum
660 1211 867 1238 numerus
898 1197 1088 1238 ternario
1122 1197 1253 1238 dividi
1284 1198 1476 1250 potuisse
1508 1198 1690 1247 videtur,

97 1269 174 1310 sed
205 1269 261 1310 ob
295 1282 472 1310 causam
506 1269 696 1321 aliquam
728 1268 918 1321 ignotam
953 1267 1320 1321 (superstitionem
1346 1269 1534 1321 aliquam
1560 1268 1692 1310 fuisse

96 1338 233 1393 puto),
277 1339 556 1381 observatum
590 1352 696 1389 esse,
745 1335 909 1380 11111110
943 1338 1164 1380 differrent
1196 1340 1460 1393 singulorum
1493 1339 1692 1381 ordinum

96 1407 328 1462 numeri.‘²)
392 1408 575 1462 [Saltem
607 1410 712 1463 legis
745 1410 964 1462 Pompeiae
997 1409 1091 1451 haec
1123 1411 1232 1451 ratio
1266 1411 1358 1452 fuit.
1416 1411 1527 1451 Nam
1559 1412 1607 1451 ut
1639 1410 1691 1451 de

98 1480 248 1522 Scauri
279 1481 435 1522 iudicio
469 1480 659 1522 dubitari
689 1481 838 1533 possit,
880 1480 994 1529 facit,
1041 1481 1155 1533 quod
1195 1482 1238 1522 in
1270 1481 1440 1522 Gabinii
1473 1494 1604 1522 causa
1638 1481 1693 1522 70

98 1551 323 1592 sententiae
355 1551 455 1592 latae
488 1551 689 1592 dictmtur
723 1549 797 1604 (ad
830 1550 910 1601 Qu.
943 1551 1012 1591 Fr.
1045 1551 1112 1600 III,
1146 1552 1186 1601 4,
1221 1552 1277 1593 ad
1308 1552 1399 1593 Att.
1425 1553 1495 1603 IX,
1532 1553 1598 1603 16,
1633 1551 1691 1605 9).

97 1621 146 1662 Id
178 1621 366 1663 dubitari
404 1622 566 1675 nequit,
616 1621 719 1674 quin
762 1624 879 1662 certa
921 1621 1089 1662 ratione
1129 1624 1304 1663 cautum
1347 1623 1415 1673 sit,
1464 1625 1511 1664 ut
1553 1624 1692 1665 omnis

135 1796 164 1841 1)
192 1799 261 1832 Hic
287 1799 438 1832 alteram
463 1799 647 1832 decuriam
672 1799 892 1831 senatoriam
912 1798 1020 1830 iudea:
1046 1798 1236 1832 obtinebit?
1260 1799 1322 1832 cfr.
1349 1799 1448 1833 Verr.
1475 1800 1490 1833 I
1516 1802 1624 1833 extr.:
1651 1811 1694 1833 ew

194 1859 260 1891 hac
276 1859 432 1891 'decuria
456 1862 574 1891 vestra
606 1855 698 1899 (erat
723 1856 830 1900 igitur
856 1854 993 1898 altera).
1039 1856 1080 1889 In
1106 1856 1224 1900 priore
1250 1857 1329 1891 1000
1355 1858 1568 1899 notandum,
1596 1859 1693 1902 quod

196 1918 350 1951 obtinere
376 1917 558 1950 decuriam
584 1914 639 1956 (ut
664 1915 714 1948 III
739 1914 776 1948 in
801 1915 901 1949 Verr.
931 1914 984 1956 79,
1019 1914 1086 1948 184
1113 1927 1224 1949 emere
1249 1916 1445 1958 ‹leem-iam)
1474 1917 1604 1951 dicitur
1628 1928 1693 1961 pro

195 1986 247 2015 eo,
275 1975 372 2018 quod
399 1978 463 2015 est,
489 1975 600 2008 locum
629 1976 667 2007 in
692 1975 849 2015 decuria,
877 1974 1236 2019 comparandumque
1262 1976 1329 2009 1100
1355 1987 1437 2010 011111
1456 1987 1508 2018 eo,
1536 1976 1632 2020 quod
1650 1976 1694 2010 de

195 2033 262 2068 Off.
289 2034 331 2075 ΙΙ,
359 2032 414 2074 12,
441 2032 486 2066 43
513 2033 662 2067 dicitur:
690 2044 878 2066 ›mmm-mn
904 2034 1058 2066 obtinent
1083 2035 1162 2068 iure
1188 2046 1369 2077 eoesorum,
1396 2036 1464 2069 hoc
1490 2038 1553 2076 est,
1580 2036 1694 2069 locum

194 2095 233 2126 in
258 2104 422 2133 numerm
450 2090 527 2135 [cfr.
556 2092 599 2125 de
624 2092 703 2125 Nat.
730 2092 834 2125 Deor.
853 2092 914 2133 III,
941 2091 997 2132 20,
1025 2090 1096 2134 51.]
1140 2093 1192 2128 De
1219 2094 1372 2128 decuriis
1398 2093 1558 2128 iudicum
1583 2104 1694 2137 quam

195 2152 300 2185 video
327 2163 410 2186 cum
444 2151 550 2185 laude
585 2150 863 2185 commemorari
896 2150 1186 2186 dissertationem
1212 2153 1241 2187 J.
1268 2153 1307 2187 T.
1334 2152 1475 2187 Krebsii
1507 2151 1558 2195 (in
1590 2163 1694 2196 opus-

199 2210 288 2245 culis
315 2210 403 2252 eius,
429 2210 525 2254 Lips.
553 2209 671 2251 1778),
705 2221 748 2243 ea
773 2220 857 2243 vero
884 2209 1051 2253 exiguam
1076 2210 1223 2245 laudem
1248 2215 1419 2253 meretur,
1452 2211 1575 2246 multis
1601 2222 1695 2245 erro-

196 2269 295 2303 ribus
320 2269 514 2313 implicata.
565 2269 713 2313 Decepit
738 2269 925 2302 hominem
959 2268 1179 2312 diligentem,
1213 2271 1277 2304 sed
1308 2270 1557 2305 institutorum
1583 2270 1635 2304 rei
1660 2281 1693 2313 p.

196 2329 301 2362 Rom.
328 2339 458 2372 parum
484 2328 641 2372 peritum
674 2327 832 2361 maxime
858 2327 973 2361 Plinii·
995 2328 1094 2362 locus
1126 2329 1162 2362 in
1195 2330 1238 2363 H.
1264 2330 1303 2363 N.
1336 2330 1427 2363 libro
1458 2329 1617 2371 XXXIII,
1649 2328 1692 2361 31

197 2399 289 2431 sqq„
327 2387 389 2421 ubi
424 2387 453 2421 is
485 2398 550 2420 suo
583 2398 684 2421 more
717 2386 973 2420 declamatorie
1005 2397 1124 2431 neque
1157 2399 1212 2422 res
1244 2399 1363 2432 neque
1394 2387 1543 2422 nomina
1576 2398 1695 2431 neque

196 2450 363 2490 tempora
399 2445 623 2490 distinguens
661 2445 838 2479 nonnulla
870 2446 913 2479 de
950 2445 1129 2480 iudicibus
1161 2446 1348 2490 congessit,
1386 2447 1480 2481 inter
1512 2457 1592 2491 quae
1626 2447 1694 2480 1100

199 2516 343 2549 quoque
377 2508 517 2546 narrat,
558 2504 722 2538 decurias
759 2504 942 2548 „pluribus
976 2504 1147 2539 discretas
1178 2504 1290 2540 fuisse
1321 2505 1545 2546 nominibus,
1583 2504 1694 2539 tribu·

197 2574 328 2597 norum
356 2563 436 2597 aeris
463 2567 498 2598 et
524 2564 740 2598 selectorum
768 2567 803 2598 et
828 2563 1024 2598 iudicum“.
1074 2563 1235 2598 Decuriae
1266 2567 1370 2598 erant
1400 2564 1560 2598 iudicum
1586 2564 1694 2598 selec-

198 2625 330 2663 torum,
358 2625 393 2656 et
418 2622 455 2656 in
481 2633 607 2657 earum
633 2633 707 2656 una
733 2625 837 2657 erant
862 2623 1009 2657 tribuni.

140 2678 168 2723 ²)
195 2680 300 2723 Quod
330 2681 497 2715 Baiterus
535 2681 580 2715 ad
613 2684 808 2715 comment.
842 2681 1047 2715 Scaurianae
1078 2680 1193 2715 utitur
1225 2680 1344 2715 verbis
1375 2682 1578 2716 scholiastae
1609 2681 1694 2715 Am-

197 2739 357 2773 brosiani
392 2740 429 2773 in
461 2743 550 2774 orat.
585 2739 622 2773 in
656 2740 754 2774 Clod.
789 2743 825 2774 et
857 2739 938 2774 Cur.
965 2751 998 2784 p.
1025 2739 1104 2782 339,
1143 2751 1186 2774 ea
1216 2739 1399 2784 pertinent
1431 2741 1476 2774 ad
1508 2743 1693 2774 senatores

198 2797 343 2832 tertiam
369 2802 510 2842 partem
543 2798 807 2832 sententiarum
838 2802 1014 2841 tenentes,
1053 2810 1167 2843 quum
1198 2798 1337 2843 equites
1369 2802 1405 2833 et
1435 2799 1570 2833 tribuni
1603 2799 1693 2833 duas

198 2857 322 2891 tertias
355 2857 547 2899 haberent;
587 2857 648 2891 cfr.
676 2868 710 2901 p.
737 2856 816 2891 229.
867 2858 1039 2892 Seorsum
1070 2857 1221 2892 reiectos
1247 2868 1325 2892 esse
1350 2857 1576 2892 diversorum
1602 2856 1693 2890 ordi-

199 2926 287 2950 num
319 2916 465 2957 iudices,
504 2916 580 2950 sine
613 2927 684 2960 quo
717 2916 853 2950 servari
884 2916 1027 2950 numeri
1058 2916 1261 2951 constantia
1291 2927 1364 2950 non
1395 2919 1547 2960 poterat,
1584 2926 1694 2960 supra

198 2973 423 3008 intellectum
450 2978 503 3009 est
529 2985 548 3008 e
573 2974 737 3018 Pompeii
762 2974 840 3018 lege
866 2975 910 3009 de
935 2974 981 3009 vi.

1712 1420 1763 1446 263
