1915 3235
106 1234 158 1259 332

931 98 1015 139 666

178 228 340 270 seensis
374 227 505 269 etiam
539 227 744 280 singulari
774 227 991 269 interdum
1022 226 1266 280 integritate
1299 226 1466 268 excellit
1490 224 1694 279 (maxime
1718 226 1767 275 II,

176 299 245 349 27,
279 298 353 339 ubi
386 298 420 339 is
452 311 562 339 unus
598 311 695 339 cum
727 298 896 339 Valerio
928 297 1071 339 Probo
1104 310 1253 338 veram
1285 297 1543 350 scripturam
1567 297 1767 345 servavit,

175 369 220 410 in
259 368 432 422 reliquis
472 382 648 421 prorsus
689 369 1004 418 oblitteratam3
1053 382 1301 422 quanquam
1345 368 1398 409 de
1443 367 1686 409 Coloniensi
1726 367 1770 408 id

174 453 262 481 non
294 437 494 492 constat),
534 442 683 481 tamen
721 442 763 481 et
801 453 1075 481 communem
1108 439 1272 480 habent
1303 439 1466 492 aliquot
1496 439 1598 480 locis
1637 438 1768 479 inter-

176 511 442 564 polationem
475 512 518 552 et
550 511 643 552 aliis
677 524 801 552 suam
834 513 1027 563 uterque,
1063 523 1247 563 eamque
1279 509 1322 550 in
1348 509 1660 562 Tegernseensi
1692 509 1769 550 ali-

177 582 345 635 quoties
379 581 509 623 etiam
542 582 708 635 longius
740 595 1032 635 progressam3
1082 583 1128 621 ut
1168 581 1211 621 in
1251 582 1358 622 orat.
1392 581 1408 621 I
1441 579 1463 632 ξ
1498 580 1526 621 4
1558 594 1636 633 pro
1667 593 1770 620 vera

176 652 410 706 scriptura:
452 657 593 706 patre,
636 666 725 706 αυο,
766 652 996 693 maioribus
1028 651 1176 705 (quam
1210 653 1385 692 servant
1416 650 1768 703 Salisburgensis,

177 724 338 774 Colon.,
380 723 706 764 Gemblacensis
739 722 972 776 Carrionis)
1011 722 1356 775 Rhenaugiensis
1389 722 1545 763 habet:
1586 725 1713 775 patre
1745 735 1771 762 α

174 794 419 844 maioribus,
469 794 804 847 Tegernseensis
847 795 927 836 hoc
967 794 1175 834 mendum
1215 793 1367 834 eodem
1408 793 1538 834 modo
1571 792 1769 838 occultat,

177 879 262 919 quo
294 865 471 919 pessimi
504 867 546 906 et
578 865 863 907 recentissimi
902 865 1089 906 codices:
1131 868 1258 918 patre
1297 868 1421 904 natus
1462 878 1488 904 α
1527 862 1770 904 maioribus.

176 937 295 978 Idem
342 937 385 977 in
433 935 587 977 eadem
634 936 827 977 oratione
866 934 889 987 ἓ
925 936 978 976 15
1024 937 1143 976 tenet
1190 934 1354 975 foedum
1403 933 1770 975 additamentum:

178 1007 287 1063 quod
318 1007 423 1048 mihi
454 1008 583 1048 latere
615 1007 752 1047 valeat
783 1008 828 1047 in
859 1011 1051 1060 tempore,
1085 1006 1201 1059 quod
1234 1006 1358 1046 abest
1390 1018 1414 1046 a
1449 1005 1619 1055 Salisb.,
1652 1005 1771 1046 Rhe-

175 1092 319 1132 naug.,
368 1078 461 1120 aliis
507 1080 636 1120 etiam
680 1091 766 1119 non
810 1077 996 1131 optimis.
1060 1077 1220 1118 Contra
1258 1077 1408 1129 paucis
1441 1075 1638 1116 versibus
1673 1077 1772 1116 ante

177 1151 291 1192 haec:
339 1150 494 1205 quoties
526 1155 571 1190 tu
602 1163 665 1190 me
697 1149 973 1203 desiynatzmz,
1021 1149 1176 1203 quoties
1214 1147 1415 1188 consulem
1450 1146 1679 1199 ‘interficere
1711 1159 1772 1186 co-

178 1226 305 1263 natus
337 1221 406 1262 es?
436 1221 571 1262 codex
603 1219 947 1273 Rhenaugiensis
979 1220 1039 1260 ita
1073 1218 1287 1260 contrahit
1329 1220 1371 1259 et
1391 1213 1570 1258 ⁴mutat:
1620 1218 1774 1272 quoties

178 1298 222 1334 tu
254 1293 519 1347 desiynatum
558 1293 763 1333 consulem
800 1290 1030 1343 interficere
1071 1289 1264 1330 voluisti?
1308 1289 1356 1329 ln
1395 1288 1588 1330 oratione
1628 1290 1771 1329 autem

177 1364 213 1405 ΙΙ
245 1363 268 1415 ξ
302 1364 358 1405 22
396 1377 475 1417 pro
518 1363 681 1404 rariore
723 1375 827 1404 voce
870 1361 1079 1403 talaribus
1121 1360 1270 1414 (quam
1310 1359 1464 1400 Salisb.
1509 1362 1672 1409 servat3
1721 1359 1773 1399 de

179 1435 325 1477 Colon.
358 1435 463 1476 nihil
495 1432 680 1485 constat)
713 1436 895 1485 uterque
929 1446 1025 1473 cum
1058 1445 1145 1473 uno
1178 1434 1220 1472 et
1253 1431 1388 1472 altero
1420 1432 1635 1483 praeterea
1667 1430 1771 1471 sub-

177 1505 377 1547 stitutum
405 1505 539 1546 habet
570 1503 836 1557 ineptissime
858 1505 970 1545 tritis
993 1503 1082 1556 (alii
1104 1504 1216 1544 tritis
1248 1501 1467 1550 talaribus,
1509 1503 1661 1555 aperta
1693 1502 1772 1542 ori-

177 1575 313 1630 gine);
362 1576 601 1629 eodemque
632 1575 761 1616 modo
794 1575 848 1616 ΠΙ
881 1574 903 1627 ξ
937 1575 962 1615 3
995 1588 1073 1628 pro
1105 1574 1350 1615 restitissent
1390 1571 1522 1625 (quod
1556 1572 1771 1614 Salisbur-

179 1648 320 1701 gensis
364 1661 462 1688 cum
504 1648 653 1700 paucis
696 1646 872 1687 minoris
915 1645 1182 1686 auctoritatis
1225 1641 1386 1696 servat)
1434 1643 1492 1683 illi
1541 1643 1626 1684 duo
1675 1655 1772 1683 cum

178 1721 321 1760 cetera
365 1718 495 1759 turba
536 1717 701 1758 hahent
742 1716 942 1758 usitatius
986 1715 1026 1756 in
1070 1729 1121 1757 ea
1153 1715 1464 1767 significatione
1496 1713 1678 1754 verbum
1710 1726 1773 1753 re-

181 1790 442 1831 mansissent.
506 1788 620 1842 (Par.
654 1801 766 1829 unus
799 1788 1095 1828 remansissent
1135 1791 1171 1827 et
1202 1781 1524 1838 restitissent).¹)
1586 1784 1634 1825 ln
1665 1785 1772 1825 orat.

178 1861 233 1901 III
273 1859 295 1912 ἓ
331 1860 385 1901 10
425 1859 760 1913 Tegernseensis
808 1872 906 1900 cum
953 1871 1039 1898 uno
1086 1856 1395 1909 Duisburgensi
1443 1858 1609 1905 servat,
1658 1854 1774 1908 quod

182 1931 374 1973 Muretus
407 1931 654 1973 coniectura
695 1931 966 1983 reppererat:
1015 1929 1259 1982 recepissent
1298 1926 1396 1980 (hoc
1436 1929 1512 1976 est,
1552 1927 1773 1980 pmmisis-

179 2004 297 2055 sent),
346 2017 423 2056 pro
462 2016 547 2055 quo
591 2004 632 2042 et
673 2001 717 2042 in
755 2000 1077 2053 Rhenaugiensi
1118 2001 1159 2040 et
1198 1999 1241 2039 in
1275 1997 1426 2039 ceteris
1460 1997 1608 2050 (etiam
1642 1997 1773 2038 Salis-

181 2072 401 2126 burgensi)
442 2075 507 2114 est
538 2067 895 2127 proecepissent.2)
965 2070 1062 2120 Sed,
1111 2082 1165 2110 ne
1204 2069 1330 2109 nimis
1370 2068 1413 2109 in
1453 2067 1774 2121 comparatione

181 2147 405 2197 prematur
435 2142 795 2196 Rhenaugiensis,
845 2154 942 2183 ecce
981 2141 1023 2181 in
1063 2139 1261 2193 proxima
1294 2138 1316 2191 ξ
1353 2141 1402 2179 11
1441 2139 1774 2192 Tegernseensis

217 2330 247 2374 ¹)
275 2332 350 2366 Hoc
376 2333 453 2366 loco
480 2331 642 2365 Klotzius
668 2327 923 2374 interpolatam
949 2329 1168 2373 scripturam
1193 2331 1339 2362 secutus
1366 2331 1429 2361 est.

217 2388 245 2433 ²)
273 2391 429 2425 Klotzius
456 2390 638 2425 revocavit
658 2391 923 2433 proecepissent,
950 2389 1087 2432 opinor,
1114 2390 1153 2421 ut
1179 2389 1249 2421 sibi
1274 2386 1468 2421 referretur
1488 2387 1533 2420 ad
1553 2386 1773 2430 Allobroges.

276 2450 345 2484 Sed
384 2460 429 2483 ne
462 2449 549 2493 quid
582 2449 701 2482 dicam
734 2448 778 2482 de
810 2447 998 2481 contrariis
1031 2446 1205 2480 membris
1238 2445 1427 2489 diligenter
1460 2445 1553 2479 inter
1585 2456 1622 2479 se
1654 2445 1775 2479 relatis

275 2507 368 2552 (quoe
393 2510 467 2551 ipse
492 2509 621 2551 Zeyaz‘c‘s
648 2509 889 2550 confirmasset
914 2509 965 2540 et:
1003 2517 1082 2550 quoe
1107 2506 1178 2539 sibi
1202 2506 1309 2548 leyati
1334 2502 1569 2547 recepissent),
1601 2504 1774 2537 soloecum

275 2569 353 2600 tum
379 2566 419 2599 fit
444 2577 566 2600 eorum
591 2578 656 2610 pro
690 2568 765 2607 3u273
804 2577 869 2599 nec
899 2565 1008 2609 legati
1036 2566 1259 2608 praecipiunt
1291 2563 1434 2607 populo.
1487 2562 1685 2596 Mirabilius
1711 2565 1774 2603 est,

276 2625 373 2668 quod
398 2624 557 2658 Klotzius
585 2626 693 2668 paulo
720 2628 805 2658 ante
837 2628 962 2658 contra
994 2623 1134 2657 codices
1165 2622 1472 2665 Tegernseensem
1505 2625 1539 2655 et
1572 2620 1775 2665 Rhenaugi-

276 2694 401 2717 ensem
427 2682 589 2726 aliosque
616 2683 808 2724 revocavit,
847 2683 944 2727 quod
977 2682 1131 2716 Orellius
1164 2681 1336 2714 eiecerat:
1380 2680 1525 2724 Cethe90
1558 2682 1705 2714 m'mimn
1738 2681 1777 2713 id

275 2744 419 2786 Zonyum
450 2744 579 2782 videri,
621 2742 722 2785 quasi
761 2753 834 2775 non
870 2741 1061 2775 manifesto
1094 2741 1163 2774 hoc
1194 2740 1348 2773 verbum
1382 2739 1561 2773 referatur
1594 2739 1640 2772 ad
1671 2737 1776 2780 (hanc

277 2799 569 2842 controversiam)
597 2802 691 2844 quod
717 2799 882 2841 (Lentulo
902 2801 1058 2843 placeret
1084 2817 1126 2822 —
1159 2799 1304 2842 Cetheqo
1327 2795 1530 2839 videretur).
1580 2796 1664 2840 (Nec
1685 2795 1776 2830 Galli

279 2860 448 2894 dicebant
474 2859 635 2903 Cethego
661 2859 695 2892 id
722 2861 845 2902 videri,
871 2859 933 2892 sed
959 2861 1074 2892 visum
1099 2859 1197 2900 esse.)

1899 3061 1915 3118 *κζ-ι
1900 2990 1915 3043 ·-.:'-
1912 2971 1914 2975 ⁴
1907 2926 1913 2934 τ
1911 2897 1913 2902 -
1912 2850 1915 2858 ⁴
