1915 3235
934 123 1017 164 124

296 261 343 301 In
388 258 620 300 Miloniana
666 255 854 311 primum
893 266 928 294 c.
962 252 1002 302 5,
1054 251 1108 292 14
1153 250 1391 292 tollendum
1438 248 1518 290 fuit
1563 247 1770 289 mendum

178 332 314 374 simile
363 329 551 383 quodam
598 326 726 368 modo
775 325 877 373 eius,
927 322 1043 376 quod
1091 335 1143 362 ex
1181 322 1332 374 primae
1372 319 1633 362 Catilinariae
1675 331 1710 360 c.
1744 318 1770 359 3

178 402 345 451 sustuli,
378 399 617 453 negationis
648 396 762 438 male
794 395 959 448 positae.
1013 393 1077 433 Ita
1109 393 1223 433 enim
1255 392 1373 433 locus
1397 391 1653 432 constitutus
1679 391 1770 430 erat

180 487 206 515 a
238 471 485 519 Garatonio,
534 468 730 510 adhibita
769 466 1003 506 verborum
1041 463 1397 516 transpositione:
1444 460 1542 502 Nisi
1573 474 1667 501 vero
1701 465 1774 501 aut

180 545 251 585 ille
282 543 384 594 dies,
424 553 501 596 quo
539 539 604 579 Τι’.
639 536 855 578 Gracchus
887 539 945 576 est
976 548 1118 587 caesus,
1164 538 1237 575 aut
1267 533 1350 583 ille,
1400 545 1477 587 quo
1512 531 1652 584 Caius,
1701 535 1774 571 aut

182 628 259 669 quo
307 626 431 654 arma
470 609 695 651 Saturnini
733 620 930 661 oppressa
973 610 1080 655 sunt,
1131 605 1295 646 etiarnsi
1327 605 1352 644 ’e
1383 617 1428 644 re
1453 602 1638 657 publiea,
1685 615 1773 642 rem

173 684 389 739 publicam
421 686 559 722 tamen
597 692 679 720 non
717 678 1016 726 vulnerarunt;
1063 689 1227 726 verum,
1276 688 1410 727 quum
1449 674 1543 714 haec
1582 674 1637 714 sit
1675 685 1773 714 sen—

179 755 327 803 tentia,
375 752 468 793 illos
501 750 603 800 dies,
653 748 822 790 etiamsi
854 748 1087 789 necessarii
1125 747 1297 800 fuerint,
1345 748 1494 786 tamen
1524 744 1775 785 vulnerasse

179 839 271 867 rem
294 823 528 877 publicam,
562 822 605 862 in
627 821 764 861 ironia
784 820 957 873 negatio
988 818 1067 860 toti
1097 818 1197 859 huic
1228 818 1461 858 verborum
1490 815 1775 868 complexioni

179 895 373 949 praeponi
421 893 570 941 debet3
618 891 746 944 idque
794 890 930 931 multo
976 889 1113 942 magis
1159 888 1251 929 fieri
1289 900 1465 928 necesse
1505 888 1569 928 est
1600 888 1776 939 propter

180 965 437 1020 particulam
469 968 627 1012 tarnem
677 962 805 1015 plane
838 961 951 1001 enim
986 960 1191 1000 evertitur
1223 959 1450 1008 sententia,
1491 957 1526 998 si
1557 959 1670 998 hanc
1702 969 1775 997 ex-

180 1038 283 1090 cipit
314 1050 396 1077 non
427 1035 717 1076 vulnerarunt.
779 1032 929 1084 ltaque
963 1043 1097 1083 quum
1128 1031 1172 1071 in
1205 1029 1422 1070 codicibus
1455 1030 1497 1069 et
1529 1028 1701 1081 optimis
1734 1030 1778 1068 et

181 1106 466 1149 deterioribus
498 1104 670 1157 negatio
704 1107 746 1144 et
779 1105 879 1143 ante
914 1102 1078 1143 etiarnsi
1110 1103 1152 1142 et
1183 1102 1284 1142 ante
1323 1100 1599 1141 vulnerarunt
1637 1099 1776 1151 posita

180 1180 247 1230 sit,
281 1180 478 1231 apertum
514 1178 592 1225 est,
633 1174 823 1216 secundo
857 1174 950 1215 loco
984 1172 1218 1214 tollendam
1251 1171 1396 1221 fuisse,
1437 1183 1536 1219 non,
1584 1172 1632 1211 ut
1664 1169 1776 1210 fece-

127 1237 131 1244 *
180 1253 281 1292 runt
314 1250 455 1299 ceteri,
503 1246 659 1300 priore.
723 1245 809 1286 Sed
852 1258 936 1297 quo
979 1244 1116 1296 magis
1158 1243 1273 1283 hunc
1314 1242 1455 1283 locum
1497 1241 1776 1291 consideravi,

114 1755 166 1780 154

182 1335 232 1363 eo
264 1321 401 1373 magis
433 1319 586 1372 patuit,
619 1316 813 1358 nondum
847 1329 945 1356 eum
970 1328 1063 1356 esse
1088 1327 1168 1355 nec
1193 1326 1218 1354 a
1243 1312 1489 1362 Garatonio,
1523 1312 1595 1364 qui
1618 1311 1778 1352 Aldum

182 1392 388 1446 sequitur,
421 1403 500 1431 nec
533 1402 557 1430 a
590 1401 659 1429 me
684 1389 982 1440 persanatum.
1031 1386 1143 1426 Nam
1168 1387 1216 1425 ut
1240 1384 1350 1425 falsa
1374 1385 1440 1425 est
1463 1383 1563 1424 olim
1589 1382 1778 1435 vulgata,

182 1463 318 1504 multo
352 1461 527 1515 quidem
559 1460 696 1511 magis
728 1457 970 1510 negatione,
1003 1458 1052 1497 ut
1075 1455 1170 1505 feci,
1203 1455 1247 1496 in
1270 1468 1396 1496 suum
1420 1454 1561 1495 locum
1585 1453 1777 1504 reducta,

184 1539 331 1575 tamen
355 1537 407 1573 ’et
438 1529 715 1583 transpositio
756 1529 827 1569 illa
870 1529 1020 1569 contra
1058 1530 1288 1579 utramque
1331 1525 1526 1567 codicum
1569 1524 1779 1566 familiam

184 1605 300 1646 facta
332 1602 648 1644 dubitationem
680 1600 826 1649 habet,
877 1600 920 1639 et
951 1597 1109 1646 oratio3
1157 1610 1259 1638 nam
1293 1597 1456 1637 etiamst
1488 1610 1506 1636 e
1538 1609 1582 1636 re
1608 1595 1780 1649 publica

187 1677 230 1716 et
260 1676 303 1715 in
329 1673 623 1715 Garatoniana
657 1665 915 1723 scriptura1)
948 1671 992 1709 et
1022 1668 1158 1709 multo
1190 1667 1327 1720 magis
1359 1667 1403 1707 in
1434 1679 1532 1708 mea
1566 1666 1780 1708 artissime

185 1745 449 1798 iungendum
483 1745 548 1784 est
581 1755 678 1783 cum
710 1741 790 1782 illis
823 1754 910 1781 rem
941 1738 1059 1793 publ.
1092 1739 1388 1787 vulnerarunt3
1436 1738 1673 1790 perdurum
1717 1739 1781 1778 est

186 1818 333 1857 autem
367 1829 386 1855 e
417 1814 650 1869 republica
674 1811 993 1866 rempublicam
1015 1810 1255 1859 vulnerare3
1287 1822 1366 1850 nec
1399 1810 1562 1862 optima
1594 1807 1779 1862 imagine

187 1887 277 1928 dies
310 1899 401 1927 rem
434 1886 655 1939 publicam
686 1884 916 1925 vulnerare
949 1881 1169 1929 dicuntur;
1219 1880 1299 1921 etsi
1339 1880 1428 1921 dies
1461 1893 1539 1933 pro
1571 1880 1634 1930 iis,
1684 1893 1780 1932 quae

186 1958 254 1999 die
288 1957 431 2010 aliquo
464 1957 580 1998 facta
611 1959 724 2004 sunt,
757 1954 931 2006 ponitur
956 1953 1011 1993 ab
1038 1951 1252 2001 omnibus,
1286 1950 1363 1991 sed
1388 1951 1462 1991 ubi
1487 1950 1781 1992 communiore

185 2028 318 2069 verbo
350 2029 531 2068 utuntur
563 2025 726 2079 (qualia
758 2026 859 2066 sunt
884 2022 1040 2076 afferre
1066 2021 1243 2076 aliquid,
1277 2021 1488 2062 ostendere
1520 2020 1640 2074 cet.);
1672 2023 1779 2071 tum,

187 2099 302 2152 quod
333 2112 410 2151 per
443 2111 488 2139 se
520 2110 703 2150 parvum
737 2098 814 2145 est,
856 2095 933 2136 sed
966 2094 1021 2135 ad
1053 2093 1280 2134 veritatem
1312 2092 1603 2145 indagandam
1636 2092 1782 2144 magni

187 2169 408 2218 momenti,
443 2168 633 2209 debebat
664 2179 904 2220 pronomen
936 2165 1005 2206 ille
1037 2165 1162 2205 tertio
1196 2176 1365 2217 quoque
1398 2163 1491 2204 loco
1524 2161 1783 2216 repeti.(aut

187 2241 269 2293 tlte,
318 2253 395 2294 quo
439 2236 594 2291 arma).
657 2238 845 2278 Retento
892 2236 1020 2289 igitur
1067 2234 1258 2276 omnium
1306 2233 1502 2275 codicum
1550 2234 1782 2274 Verborum

188 2311 337 2352 ordine
373 2310 617 2351 emendatio
662 2308 850 2361 petenda
896 2308 961 2348 est
1003 2319 1025 2347 e
1069 2305 1212 2347 codice
1255 2304 1418 2357 optimo
1461 2306 1503 2345 et
1544 2304 1783 2344 Erfurtensi

188 2382 317 2435 plane
366 2385 408 2421 et
454 2380 685 2421 Bavarico·
711 2377 1039 2431 aequiparando,
1088 2376 1342 2426 Coloniensi,
1392 2375 1463 2427 qui
1511 2376 1611 2416 ante
1659 2387 1783 2415 arma

189 2453 349 2495 omittit
388 2465 478 2507 (suo,
540 2450 652 2491 Hinc
695 2450 789 2490 haec
828 2449 1012 2490 efficitur
1051 2447 1281 2500 scriptura:
1332 2445 1430 2487 Nisi
1470 2460 1564 2487 vero
1604 2450 1677 2489 aut
1713 2445 1783 2486 ille

190 2523 292 2576 (lies,
325 2536 402 2577 quo
441 2521 506 2562 Ti.
541 2520 758 2561 Gracchus
790 2525 847 2561 est
879 2533 1020 2571 ccesus,
1055 2523 1128 2559 (trit
1158 2519 1240 2571 ille,
1275 2531 1351 2572 (suo
1380 2516 1520 2570 Caius,
1555 2521 1627 2557 aut
1660 2529 1783 2557 arma

191 2593 417 2634 Saturnini
447 2605 543 2645 non,
577 2592 741 2632 etiarnsi
774 2605 793 2631 e
825 2604 870 2631 re
894 2589 1066 2644 publica
1098 2602 1294 2643 oppressa
1325 2593 1433 2641 sunt,
1466 2602 1553 2629 rem
1568 2587 1783 2642 publicam

228 2779 256 2825 ¹)
284 2782 406 2824 Quum
432 2780 530 2814 enim
555 2780 696 2813 etiamsi
726 2778 879 2812 verbum
911 2778 1161 2819 nonhabeat,
1199 2786 1383 2811 assumere
1416 2775 1523 2809 debet
1556 2786 1599 2809 ex
1631 2786 1674 2809 ea
1706 2785 1784 2809 sen-

286 2840 411 2882 tentia,
438 2840 473 2874 in
501 2849 573 2883 qua
598 2841 651 2872 est
677 2843 811 2875 tarnem
838 2841 1013 2881 praeterea
1039 2837 1085 2871 ad
1111 2837 1189 2878 hoc,
1216 2835 1311 2879 quod
1335 2834 1577 2869 communiter
1602 2834 1645 2868 de
1671 2833 1784 2868 omni—

286 2900 354 2933 bus
380 2899 507 2933 diebus
532 2897 716 2941 accipitur,
755 2907 827 2930 non
860 2900 980 2941 potest
1012 2897 1165 2931 verbum
1196 2894 1309 2939 repeti
1341 2904 1385 2928 ex
1416 2892 1597 2927 sententia
1622 2892 1782 2933 relativa,

287 2958 324 2992 in
351 2969 422 3002 qua
448 2958 492 2992 de
517 2968 590 2991 uno
617 2955 674 2990 die
701 2955 840 2990 dicitur.
