1915 3235
134 2067 184 2092 103

969 83 1025 124 82

205 217 286 258 alio
319 217 524 268 scriptore
556 213 749 255 eiusdem
783 212 872 253 fere
905 212 1044 253 aetatis
1077 211 1121 252 in
1163 223 1216 251 ea
1253 223 1299 251 re
1333 212 1523 252 erratum
1561 210 1791 261 ostendere

203 300 393 340 possum.
457 285 542 326 Sed
573 282 788 325 notandus
822 284 888 323 est
921 284 1049 322 antea
1083 280 1191 322 alius
1224 280 1388 322 Osanni
1420 294 1550 331 error,
1595 281 1666 334 qui
1697 282 1792 334 ipse

204 359 247 398 in
278 359 360 398 hac
392 355 626 409 quaestione
668 353 721 394 de
760 353 901 405 prima
940 351 1089 393 fabula
1135 351 1253 404 apud
1290 351 1512 393 Romanos
1561 354 1658 393 acta
1704 365 1793 393 non

204 428 337 469 semel
368 427 540 467 labitur.
588 424 685 465 Alia
717 426 815 476 post
839 423 1104 471 videbimus3
1136 435 1250 463 nunc
1282 423 1376 464 hoc.
1424 422 1600 473 Quaerit,
1634 423 1794 475 quibus·

204 497 314 538 ludis
360 497 431 538 illa
477 495 625 536 fabula
665 496 762 535 acta
800 494 881 544 sit,¹
916 507 1007 534 rem
1054 493 1125 534 vix
1173 494 1473 546 quaerendam;
1521 493 1599 534 sed
1644 495 1793 535 tamen

203 568 389 615 Ateium,
438 567 480 607 in
522 568 717 618 tempore
751 565 920 614 falsum,
969 564 1115 605 nescio
1149 576 1224 605 cur
1254 564 1455 605 ludorum
1487 577 1646 606 nomen
1677 566 1794 605 recte

205 638 388 679 edidisse
436 637 613 686 iudicet3
662 638 805 677 actam
852 635 979 688 igitur
1027 634 1221 675 fabulam
1269 635 1380 675 ludis
1422 635 1671 685 Iuventatis,
1721 635 1794 688 qui

204 708 485 750 anniversarii
532 707 702 748 fuerint.
776 707 936 747 Verum
984 705 1089 746 nulli
1136 718 1329 758 unquam
1376 705 1464 746 ludi
1512 706 1794 747 anniversarii

205 779 438 820 Iuventatis
470 778 663 826 fuerunt3
713 777 797 818 alia
839 779 940 817 sunt
982 777 1096 816 enim
1141 789 1266 816 sacra
1304 776 1552 826 Iuventatis,
1602 790 1698 829 quae
1741 789 1795 818 ex

205 849 418 890 Ciceronis
452 849 507 890 ad
538 848 627 888 Att.
661 848 677 888 Ι
711 861 776 900 ep.
814 848 865 888 18
908 848 992 888 huc
1026 847 1243 896 transfert,
1291 847 1465 899 ludique
1505 847 1729 888 Iuvenales
1769 860 1796 888 a

203 920 372 960 Nerone
405 920 666 972 imperatore
698 919 901 967 instituti;
935 919 1127 971 satisque
1162 920 1311 970 aperte
1344 917 1425 968 ille,
1460 931 1588 970 quem
1620 918 1795 960 Ateium

203 1004 280 1044 pro
312 991 430 1032 Attio
464 990 666 1043 appellat,
700 991 852 1030 votivos
883 989 1007 1030 ludos
1040 991 1218 1041 propter
1250 989 1473 1029 victoriam
1506 989 1643 1030 factos
1676 989 1794 1038 dixit,

203 1064 262 1111 ut,
296 1062 331 1102 si
363 1062 406 1102 in
439 1061 555 1102 aliud
586 1064 758 1113 tempus
792 1074 859 1101 res
893 1061 1153 1109 reiiceretur,
1189 1060 1319 1100 etiam
1352 1059 1441 1101 ludi
1473 1060 1543 1101 alii
1576 1059 1798 1113 quaerendi

204 1134 361 1173 essent.
425 1132 488 1173 Ne
520 1133 607 1173 voti
640 1132 828 1184 quidem,
862 1132 1026 1184 opinor,
1068 1131 1142 1171 ulli
1176 1133 1305 1171 antea
1337 1131 1549 1172 Iuventati
1580 1130 1683 1180 ludi,
1729 1131 1796 1171 cui

206 1203 332 1244 simul
364 1216 416 1244 ex
449 1203 601 1244 eodem
633 1203 704 1243 illo
736 1204 836 1243 voto
876 1203 991 1243 aedes
1032 1201 1232 1242 dedicata
1273 1201 1498 1254 cultusque
1539 1202 1797 1251 constitutus

206 1277 283 1315 est.
347 1274 489 1315 Testis
524 1278 588 1314 est
619 1273 681 1314 rei
712 1273 856 1314 Livius
888 1273 961 1314 lib.
995 1272 1184 1321 XXXVI,
1219 1272 1273 1313 36
1307 1271 1394 1324 ξὸ,
1429 1273 1468 1313 6.
1517 1272 1604 1313 Sed
1628 1285 1654 1313 a
1678 1271 1797 1313 Livio

204 1345 293 1386 ludi
324 1345 382 1385 illi
416 1358 467 1385 ex
499 1344 752 1386 Salinatoris
785 1346 885 1386 voto
916 1357 1016 1392 non,
1058 1346 1106 1385 ut
1146 1343 1201 1384 ab
1242 1343 1374 1393 Attio,
1415 1343 1460 1384 C.
1495 1343 1704 1393 Cornelio,
1745 1341 1797 1392 Q.

205 1416 388 1457 Minucio
429 1429 535 1457 coss.
571 1429 608 1456 a.
643 1415 725 1456 55?
766 1430 799 1456 s.
836 1415 915 1456 197
957 1414 1060 1456 facti
1098 1417 1349 1464 narrantur,
1398 1415 1475 1456 sed
1513 1414 1560 1455 P.
1601 1413 1798 1456 Cornelio

205 1487 402 1540 Scipione
435 1486 604 1536 Nasica,
637 1486 707 1527 Μ’.
741 1486 876 1528 Acilio
910 1486 1141 1527 Glabrione
1175 1499 1283 1526 coss.
1317 1499 1356 1526 a.
1390 1486 1475 1526 563
1508 1499 1540 1526 s.
1570 1485 1666 1526 191.
1714 1485 1798 1525 Eo-

205 1558 303 1598 dem
349 1560 494 1598 autem
537 1570 650 1598 anno
693 1557 816 1598 ludos
860 1558 915 1598 ob
960 1557 1277 1598 dedicationem
1311 1557 1415 1597 aedis
1449 1557 1597 1597 Matris
1631 1556 1798 1608 Magnae

203 1629 330 1669 Idaeae
363 1629 498 1669 factos
531 1628 675 1678 refert,
717 1639 828 1683 quos,
871 1628 1021 1680 inquit,
1055 1629 1220 1681 primos
1257 1628 1434 1668 scenicos
1463 1627 1610 1680 fuisse,
1644 1626 1800 1668 Antias

213 1699 410 1740 Valerius
456 1704 512 1740 est
559 1704 723 1752 auctor,
773 1698 1003 1752 M'eyalesz‘a
1053 1699 1293 1752 appellato&
1343 1712 1439 1751 quae
1487 1698 1621 1739 verba
1669 1697 1798 1738 allam

204 1771 462 1812 sententiam
495 1783 581 1811 non
613 1770 789 1819 habent,
823 1770 904 1811 nisi
936 1769 1014 1810 hos
1048 1769 1171 1811 ludos
1204 1770 1366 1822 primos
1399 1770 1573 1810 omnino
1605 1769 1798 1810 scenicos

204 1841 348 1891 fuisse,
398 1841 637 1894 appellatos
678 1846 825 1882 autem
858 1841 1102 1893 Megalesia,
1152 1842 1200 1881 ut
1230 1841 1369 1881 maior
1401 1841 1532 1881 etiam
1565 1853 1641 1880 sex
1673 1839 1797 1880 annis

203 1912 256 1953 sit
303 1912 459 1953 Valerii
508 1925 625 1953 error
673 1925 802 1964 quam
835 1912 961 1960 Attii3
1009 1925 1089 1952 nec
1128 1912 1226 1953 licet
1265 1925 1362 1952 cum
1395 1911 1567 1952 Dukero
1601 1909 1675 1963 (ad
1706 1910 1796 1950 Liv.

202 1983 390 2033 XXXIV,
426 1983 493 2033 54,
529 1980 572 2035 3)
606 1996 702 2023 eam
734 1985 904 2023 tantum
938 1996 1029 2023 rem
1064 1996 1089 2023 a
1121 1983 1292 2024 Valerio
1316 1982 1522 2023 traditam
1548 1981 1628 2022 illis
1654 1981 1796 2022 verbis

204 2057 371 2107 putare,
406 2067 537 2107 quam
568 2054 706 2094 tribus
741 2054 862 2094 annis
896 2056 996 2094 ante
1031 2039 1173 2094 Livius
1206 2053 1407 2096 notatP.
1434 2053 1638 2093 Africano
1662 2052 1710 2102 II,
1745 2051 1796 2092 T.

204 2124 458 2177 Sempronio
490 2125 634 2177 Longo
668 2137 776 2166 coss.
811 2138 849 2165 a.
883 2126 968 2165 560
997 2140 1030 2165 s.
1058 2125 1153 2173 194,
1187 2124 1419 2177 Megalesia
1450 2124 1573 2164 ludos
1606 2123 1797 2164 scenicos

203 2198 295 2236 tum
329 2195 515 2248 primum
549 2195 693 2236 aediles
727 2195 892 2244 fecisse,
926 2198 973 2236 ut
998 2198 1039 2236 et
1065 2195 1332 2248 Megalenses
1356 2195 1445 2235 ludi
1469 2196 1598 2235 antea
1624 2193 1795 2243 fuerint,

204 2266 281 2308 sed
302 2279 389 2307 non
411 2266 578 2316 scenici,
613 2268 654 2307 et
676 2266 843 2315 scenici,
873 2266 950 2307 sed
971 2280 1058 2307 non
1080 2266 1123 2306 in
1145 2266 1398 2319 Megalesiis.
1447 2264 1633 2306 Omnino
1657 2277 1709 2305 ex
1731 2277 1795 2314 eo,

205 2337 320 2390 quod
344 2336 399 2385 id,
424 2336 539 2388 quod
562 2337 613 2377 de
638 2350 723 2378 uno
749 2337 937 2389 quodam
962 2350 1117 2390 genere
1136 2337 1336 2378 ludorum
1354 2339 1446 2377 erat
1464 2335 1707 2385 dicendum,
1741 2334 1798 2375 ad

204 2408 327 2450 ludos
352 2421 501 2449 omnes
524 2408 783 2448 translatum
814 2409 868 2448 ab
895 2409 1038 2461 aliquo
1070 2411 1147 2458 est,
1181 2409 1360 2461 ipsaque
1390 2407 1590 2447 ludorum
1621 2406 1798 2447 nomina

204 2477 466 2532 (Megalesia,
499 2476 703 2530 Romani)
737 2480 779 2518 et
810 2492 968 2530 genera
995 2478 1168 2531 (scenici
1196 2477 1295 2530 cet.)
1328 2478 1438 2519 inter
1462 2490 1508 2518 se
1533 2478 1795 2530 permutata,

204 2551 324 2602 isque
343 2562 461 2590 error
477 2549 733 2601 negligentia
752 2549 807 2589 ad
824 2550 968 2601 plures
988 2550 1193 2598 manavit,
1214 2549 1406 2590 confusio
1425 2548 1625 2601 quaedam
1644 2547 1688 2588 in
1704 2549 1796 2588 tota

204 2620 286 2662 hac
303 2633 348 2661 re
366 2620 462 2661 talis
486 2620 639 2660 effecta
664 2622 741 2668 est,
771 2622 818 2660 ut
842 2633 1037 2661 errorum
1062 2621 1217 2661 seriem
1241 2619 1311 2659 vix
1335 2620 1537 2672 persequi
1559 2619 1797 2672 possimus;

205 2691 261 2732 ad
292 2692 485 2732 nostram
517 2703 609 2731 rem
643 2691 748 2732 satis
781 2693 859 2740 est,
893 2692 1085 2743 potuisse
1118 2690 1223 2731 illud
1255 2695 1344 2730 tam
1376 2690 1641 2742 negligenter
1668 2683 1797 2730 scribi

205 2761 260 2802 ab
278 2761 409 2811 Attio,
439 2761 517 2801 etsi
542 2761 665 2802 facile
683 2774 873 2802 errorem
891 2759 1271 2802 animadversurus
1289 2764 1394 2810 erat,
1426 2761 1461 2801 si
1479 2756 1796 2812 attendisset.¹)

243 2923 270 2967 ¹)
298 2925 367 2968 Qui
393 2926 470 2959 haec
494 2925 602 2970 paulo
629 2925 832 2959 accuratius
859 2925 1069 2969 attigerunt,
1102 2925 1226 2959 laudat
1258 2925 1379 2959 Duker
1411 2925 1456 2958 ad
1487 2924 1562 2958 Liv.
1590 2925 1611 2958 l.
1640 2924 1661 2958 1.
1689 2926 1724 2958 et
1749 2923 1795 2957 ad

298 2984 452 3026 XXXIV,
479 2983 536 3026 44,
562 2984 593 3018 5.
631 2984 865 3028 Negligentia,
893 2995 965 3017 non
1000 2984 1050 3018 rei
1078 2984 1312 3028 ignoratione,
1339 2984 1482 3028 lapsum
1507 2994 1585 3017 esse
1607 2982 1794 3016 Valerium
