1915 3235
855 129 934 168 111

97 258 269 300 scendae
315 257 570 306 tenuissem,
621 257 855 307 declaravi,
905 269 1124 309 quumque
1173 257 1225 297 de
1274 257 1480 309 exemplis
1528 257 1689 310 aliquot

96 328 386 370 mutationum
419 327 646 376 factarum,
686 329 874 369 maxime
908 341 961 369 ex
993 328 1259 369 orationibus
1292 340 1370 380 pro
1403 327 1500 369 Sex.
1533 314 1690 369 Roscio

96 399 302 440 Amerino
335 401 377 439 et
410 398 463 439 de
501 398 681 450 imperio
715 398 790 439 Cn.
824 398 1018 451 Pompeii
1051 399 1246 451 sumptis,
1287 398 1504 446 dixissem,
1544 398 1588 438 in
1621 411 1690 438 ce—

96 470 212 519 teris,
262 483 358 522 quae
400 471 653 517 mutassem,
702 469 897 510 similiter
934 482 1003 510 me
1037 469 1340 510 auctoritatem
1372 471 1448 509 aut
1478 468 1689 510 rationem

97 540 367 593 probabilem
407 542 603 580 secutum
647 552 740 580 esse
784 539 899 580 credi
941 539 1046 581 mihi
1088 539 1215 581 volui.
1279 539 1365 580 Sed
1403 541 1551 580 tamen
1582 539 1691 580 ratio

97 623 238 663 neque
270 623 392 663 aeque
425 610 468 651 in
501 610 700 651 omnibus
733 610 836 651 locis
877 613 1060 663 apparet
1098 623 1238 663 neque
1278 609 1581 651 nonnullorum
1622 622 1691 650 as-

97 694 287 730 sensum,
320 681 402 722 nisi
435 680 630 734 exposita
662 680 851 730 uberius,
893 683 1132 734 extorquet,
1177 681 1366 722 maxime
1399 680 1473 721 ubi
1506 681 1691 722 auctori-

97 751 259 793 tatibus
291 755 518 804 repugnat.
576 752 725 792 Placet
755 751 882 804 igitur
913 752 1105 793 locorum
1139 765 1191 793 ex
1225 751 1377 793 ceteris
1409 751 1690 799 orationibus,

97 822 141 863 in
174 822 329 875 quibus
364 822 671 863 constituendis
706 822 951 863 coniectura
994 836 1120 863 usum
1162 836 1232 863 me
1276 836 1369 863 esse
1413 822 1455 863 in
1500 821 1693 874 margine

98 893 296 942 indicavi,
331 893 518 933 maxime
550 892 780 945 insignium
815 895 1019 934 accurata
1051 893 1387 946 pertractatione
1421 893 1604 942 efficere,
1638 905 1692 933 ne

98 963 202 1004 illud
234 966 326 1004 tum
360 963 513 1004 iniuria
545 963 788 1016 postulasse
822 963 983 1004 videar.
1386 955 1389 958 ’

215 1035 311 1076 Non
342 1037 539 1087 repetam
573 1037 719 1075 autem
752 1034 833 1075 hoc
866 1035 971 1083 loco,
1022 1047 1117 1087 quae
1158 1034 1201 1075 in
1242 1034 1313 1075 illa
1353 1034 1606 1087 praefatione
1640 1034 1692 1075 de

98 1105 385 1147 instrumento
419 1105 563 1146 critico
595 1105 751 1145 harum
784 1106 1027 1146 orationum
1054 1106 1230 1158 eiusque
1256 1118 1338 1146 usu
1363 1108 1406 1146 et
1429 1105 1482 1146 de
1507 1105 1692 1158 vulgatae

98 1177 322 1229 scripturae
355 1176 610 1217 auctoritate
644 1175 743 1216 dixi.
792 1176 983 1217 Tantum
1017 1188 1175 1229 ponam
1210 1176 1398 1216 breviter
1431 1176 1483 1217 de
1517 1176 1692 1229 singulis

99 1246 386 1288 orationibus:
434 1246 773 1299 Philippicarum
817 1247 1002 1288 duarum
1046 1250 1088 1288 et
1130 1246 1374 1288 Milonianae
1416 1248 1610 1288 recensio
1643 1260 1694 1288 ex

99 1317 270 1369 optimis
305 1317 522 1358 codicibus
557 1317 686 1358 ducta
719 1317 973 1370 expolienda
1006 1318 1136 1359 modo
1169 1317 1260 1368 fuit,
1295 1318 1534 1370 Ligariana,
1570 1319 1694 1360 valde

100 1390 230 1429 antea
261 1388 534 1441 interpolata,
585 1401 606 1428 e
641 1387 785 1429 codice
826 1388 1065 1430 Erfurtensi
1105 1388 1284 1442 aliisque
1317 1388 1442 1431 bonis
1476 1390 1694 1432 codicibus

99 1459 320 1511 insigniter
353 1459 638 1508 emendanda,
673 1459 789 1511 quod
822 1459 991 1511 plenius
1023 1459 1115 1500 fieri
1148 1460 1371 1512 potuisset,
1406 1461 1487 1502 nisi
1513 1461 1693 1502 aliorum

98 1529 267 1571 illorum
302 1529 496 1571 codicum
529 1530 753 1582 scripturae
785 1530 1148 1583 negligentissime
1192 1533 1378 1572 enotatae
1411 1531 1612 1580 fuissent3
1652 1533 1695 1573 in

99 1600 376 1641 Deiotariana
408 1600 538 1642 iidem
573 1600 740 1641 codices
772 1601 909 1642 multo
951 1601 1093 1642 minus
1134 1604 1233 1642 sunt
1274 1602 1447 1655 integri3
1489 1602 1694 1644 Catilina-

100 1671 260 1712 riarum
299 1674 342 1712 et
381 1671 484 1721 eius,
535 1686 631 1725 quae
678 1686 755 1726 pro
802 1672 962 1713 Archia
1011 1675 1087 1721 est,
1136 1672 1240 1713 nulli
1289 1675 1389 1714 sunt
1435 1676 1694 1725 praestantes

101 1742 280 1792 codices,
326 1743 519 1784 nonnulli
552 1756 638 1785 non
670 1743 784 1792 mali,
825 1743 902 1784 sed
934 1743 992 1783 illi
1025 1742 1119 1795 ipsi,
1169 1745 1349 1796 excepto
1382 1743 1621 1785 Erfurtensi
1653 1744 1695 1785 in

100 1813 347 1855 Catilinaria
382 1816 537 1866 quarta
571 1817 613 1855 et
645 1817 753 1856 orat.
787 1827 864 1867 pro
887 1814 1059 1863 Archia,
1093 1815 1183 1854 tam
1207 1813 1478 1866 indiligenter
1500 1815 1694 1859 adhibiti.

100 1887 147 1925 ut
178 1898 350 1926 summa
383 1885 437 1926 sit
468 1885 692 1937 permultis
726 1885 828 1926 locis
862 1885 914 1926 de
948 1884 1141 1926 codicum
1176 1885 1390 1937 scriptura
1423 1885 1648 1927 dubitatio.
1663 1882 1695 1937 1)

100 1955 161 1996 De
208 1956 426 1997 Rosciana
474 1958 515 1996 et
561 1956 828 2009 Pompeiana
875 1956 917 1996 in
965 1956 1219 2008 praefatione
1268 1957 1458 2009 exposui.
1522 1957 1584 1997 Ex
1631 1956 1696 1997 his

101 2029 246 2068 autem
281 2026 598 2067 discriminibus
637 2027 741 2068 illud
775 2027 969 2075 efficitur,
1019 2027 1386 2079 quemadmodum
1432 2027 1490 2068 ibi
1536 2028 1588 2068 de
1631 2027 1695 2068 his

102 2097 272 2139 duabus
305 2097 573 2139 orationibus
604 2099 765 2148 monui,
814 2101 861 2138 ut
900 2099 1044 2138 varius
1084 2098 1320 2139 admodum
1353 2099 1408 2139 sit
1440 2099 1696 2140 coniecturae

101 2182 219 2218 usus,
268 2168 389 2209 varia
427 2168 550 2209 ratio.
614 2168 668 2209 Et
703 2168 911 2210 orationis
944 2168 1116 2221 quidem
1151 2182 1229 2222 pro
1262 2169 1359 2210 Sex,
1393 2169 1551 2210 Roscio
1584 2182 1696 2221 prae-

103 2239 250 2292 cipuas
291 2239 628 2289 emendationes,
679 2252 774 2292 quae
819 2239 1064 2280 coniectura
1106 2240 1312 2289 nituntur,
1362 2241 1448 2281 iam
1492 2240 1562 2281 illo
1604 2240 1696 2281 loco

101 2312 353 2362 persecutus
387 2323 497 2351 sum.
561 2310 669 2351 Sunt
701 2312 850 2351 tamen
881 2311 1008 2362 pauci
1049 2312 1140 2351 eius
1180 2311 1384 2353 orationis
1424 2311 1504 2352 loci
1546 2312 1587 2351 in
1627 2311 1697 2351 illa

102 2380 356 2434 praefatione
390 2380 549 2430 omissi,
584 2381 636 2422 de
670 2380 826 2434 quibus
859 2382 939 2422 hoc
972 2381 1065 2423 loco
1097 2381 1287 2423 breviter
1320 2382 1474 2423 dicam.
1532 2381 1697 2422 Mutata

104 2451 315 2505 scriptura
350 2454 413 2493 est
448 2451 692 2493 coniectura
719 2466 752 2493 c.
778 2452 847 2501 49,
886 2451 981 2501 143,
1015 2453 1089 2493 ubi
1123 2465 1253 2504 quum
1281 2453 1501 2493 ederetur:
1546 2452 1695 2492 Verum

141 2661 171 2706 ¹)
196 2664 369 2699 Inutilem
394 2675 541 2709 operam
569 2664 750 2708 suscipiet,
778 2664 839 2707 qui
866 2663 1075 2698 huiusmodi
1096 2664 1382 2699 instrumentum
1409 2664 1574 2698 criticum
1601 2674 1699 2707 repe-

198 2726 275 2757 tere
301 2727 336 2757 et
362 2723 551 2767 disponere
578 2723 820 2767 aggredietur;
854 2723 1003 2757 meliore
1029 2723 1269 2758 fundamento
1295 2735 1387 2767 opus
1413 2728 1477 2764 est,
1505 2723 1699 2758 codicibus,

201 2793 292 2826 quos
324 2782 480 2826 optimos
518 2782 652 2816 habere
690 2782 789 2823 licet,
829 2782 1020 2826 diligenter
1057 2782 1238 2816 adhibitis.
1303 2781 1358 2825 [Id
1396 2786 1524 2827 postea
1562 2782 1698 2816 factum

201 2852 279 2875 esse
305 2841 394 2875 nihil
421 2852 518 2875 nunc
544 2852 635 2885 opus
663 2844 717 2874 est
743 2840 829 2878 dici;
864 2841 907 2874 de
939 2841 1132 2884 generibus
1164 2845 1200 2875 et
1233 2842 1508 2885 cognationibus
1535 2841 1699 2875 codicum

201 2899 407 2934 orationum
429 2900 721 2934 Catilinariarum
748 2911 828 2943 quae
854 2900 890 2933 in
916 2900 1129 2943 praefatione
1155 2904 1293 2944 quartae
1321 2900 1488 2934 editionis
1507 2899 1699 2943 disputavi,

202 2962 366 2993 extremo
393 2959 476 2993 huic
503 2959 678 2994 volumini
705 2956 936 3001 inserentur]

1720 1967 1767 1990 13⁸
