1915 3235
121 1964 172 1991 496

948 117 1033 158 384

194 246 371 287 terianis
412 246 628 287 silentium
670 248 755 296 est,
805 245 913 287 Oxx.
954 246 1145 288 lacunosi
1184 246 1314 298 sunt),
1364 261 1415 288 ex
1460 261 1545 300 quo
1583 247 1632 288 fit
1671 247 1792 288 Haut

195 317 412 358 dubitarit.
477 317 683 369 Superius
726 317 830 357 illud
866 318 976 369 Quid
1009 319 1145 359 enim?
1193 318 1425 359 emendare
1469 331 1555 359 11011
1597 332 1788 371 possum.

195 388 280 429 Sed
312 401 469 441 magna
509 389 552 428 in
584 388 665 429 hoc
698 391 740 429 et
772 389 967 441 proximo
1009 389 1150 441 capite
1194 388 1423 430 difficultas
1466 389 1565 430 oriri
1607 389 1788 438 videtur,

194 459 309 512 quod
342 459 368 499 ii
402 472 565 507 versus,
607 473 714 512 quos
748 459 898 501 Cicero
944 462 1153 513 tanquam
1188 459 1229 499 in
1263 459 1416 500 eadem
1449 459 1597 501 fabula
1629 462 1790 513 positos

194 531 307 577 citet,
341 543 393 570 ex
427 529 604 571 diversis
637 531 798 583 sumpti
831 531 927 572 sint.
992 531 1142 584 Itaque
1174 531 1363 571 haeretur
1396 531 1584 572 maxime
1617 532 1659 572 in
1693 545 1788 572 ver-

193 600 258 641 bis
293 602 336 641 in
369 601 510 641 eadem
543 601 694 654 fabula
729 615 763 642 c.
797 602 850 642 57
885 602 975 643 init.
1025 602 1111 643 Sed
1144 616 1239 643 eam
1274 602 1573 643 difficultatem
1598 604 1788 643 maxima

194 685 245 712 ex
278 674 401 724 parte
434 672 514 712 sibi
547 672 627 724 ipsi
661 675 822 713 creant.
887 673 997 714 Nam
1040 687 1137 725 quae
1169 672 1192 725 ξ
1229 674 1311 713 122
1351 672 1491 725 posita
1530 675 1647 723 sunt,
1692 687 1787 726 quae

194 745 236 783 et
267 756 345 795 per
377 755 423 783 50
456 745 654 796 apertum
690 746 754 784 est
786 756 838 784 ex
871 744 994 784 Ennii
1027 744 1335 785 Andromacha
1367 746 1540 796 sumpta
1564 757 1651 785 non
1680 757 1787 794 esse,

194 826 244 854 ex
278 826 363 866 qua
405 814 603 866 proxima
641 815 865 866 superiora
904 817 1016 864 sunt,
1067 817 1109 856 et
1156 815 1407 858 scholiastes
1453 815 1686 856 Vaticanus
1736 830 1787 857 ex

192 885 298 925 Attii
331 884 548 938 Eurysace
593 885 722 926 ducta
762 885 906 935 tradit,
956 899 1007 927 ea
1050 886 1197 927 Cicero
1240 889 1410 927 tantum
1456 887 1593 936 abest,
1642 889 1689 927 ut
1736 900 1788 928 ex

194 955 361 1005 eadem,
411 969 496 1008 qua
529 957 766 1008 superiora,
818 955 965 998 fabula
998 960 1173 1010 sumpta
1205 957 1426 1010 significet,
1475 959 1522 998 ut
1555 960 1703 998 contra
1735 971 1788 998 ex

194 1026 278 1067 alia
311 1039 405 1067 esse
438 1029 608 1067 tantum
651 1040 738 1068 non
781 1028 941 1080 apertis
980 1028 1123 1069 verbis
1157 1028 1284 1069 dicat.
1348 1028 1458 1068 Nam
1492 1041 1624 1081 quum
1658 1042 1790 1081 supra

193 1097 391 1138 dixisset:
417 1099 550 1151 paulo
574 1103 670 1151 posi
704 1099 747 1138 in
780 1098 923 1139 eadem
953 1098 1117 1151 fabula,
1151 1099 1220 1140 hic
1242 1099 1345 1139 nihil
1368 1099 1506 1140 simile
1529 1099 1660 1151 ponit,
1697 1100 1785 1150 sed,

192 1171 400 1221 tanquam
435 1169 488 1209 de
521 1169 605 1210 alia
636 1182 682 1210 re
715 1170 884 1221 alioque
917 1172 1132 1222 tempore:
1174 1170 1305 1225 quid?
1336 1170 1411 1210 illa
1442 1170 1791 1224 quemadmodum

193 1239 301 1279 disti
335 1239 475 1280 idem?
520 1239 645 1290 Quod
685 1245 831 1281 autem
871 1241 964 1281 haec
1004 1243 1198 1282 extrema
1235 1241 1477 1282 necessario
1510 1243 1707 1282 statuunt
1739 1255 1790 1282 ex

194 1310 346 1351 eadem
380 1310 529 1351 fabula
563 1324 669 1360 esse,
705 1324 756 1352 ex
789 1325 875 1364 qua
907 1312 998 1353 illa:
1043 1314 1114 1367 qui
1145 1327 1229 1353 rem
1256 1312 1472 1366 publicam
1506 1314 1585 1353 cet.
1649 1311 1671 1363 ἓ
1708 1313 1791 1353 120

193 1384 235 1422 01
270 1382 349 1422 121
386 1382 582 1429 citentur,
625 1396 721 1435 quae
763 1382 978 1424 Ciceronis
1017 1384 1150 1425 verba
1190 1383 1249 1437 (in
1285 1383 1428 1424 eadem
1458 1383 1624 1436 fabula,
1667 1398 1700 1424 c.
1733 1385 1786 1424 57

192 1451 301 1505 init.)
335 1466 386 1494 ex
418 1453 727 1495 Andromacha
760 1467 854 1495 esse
888 1455 1133 1504 ostendunt,
1173 1468 1224 1496 ea
1264 1454 1484 1496 Garatonii
1525 1456 1590 1495 est
1623 1454 1788 1495 coniec-

192 1526 302 1573 tura,
336 1524 453 1564 nulla
488 1537 539 1565 ex
571 1524 655 1565 alia
689 1525 818 1566 ducta
850 1538 909 1573 re,
943 1525 1023 1566 nisi
1056 1526 1171 1579 quod
1203 1526 1418 1579 prioribus
1445 1526 1640 1566 Versibus
1667 1526 1785 1566 Gras-

193 1608 267 1636 cus
301 1595 454 1648 aliquis
487 1595 701 1644 laudatur,
750 1598 798 1636 ut
842 1596 1023 1646 videtur,
1074 1610 1170 1638 cum
1214 1596 1387 1649 querela
1434 1596 1591 1648 aliqua,
1641 1596 1786 1637 alteris

192 1667 272 1707 illis
306 1667 425 1708 exsul
458 1667 610 1719 aliquis
645 1667 819 1708 Graeeus
860 1667 1137 1720 significatur.
1201 1668 1361 1708 Verum
1408 1667 1502 1708 haec
1549 1680 1654 1708 sane
1702 1680 1789 1708 non

193 1738 412 1779 sufficiunt
459 1738 514 1779 ad
562 1739 840 1779 evertendam
888 1738 1159 1791 aptissimam
1206 1751 1283 1791 per
1330 1751 1375 1778 se
1416 1740 1455 1779 et
1495 1738 1788 1778 firmissimam

191 1808 447 1850 testimoniis
481 1810 740 1862 scripturam
774 1809 1003 1850 verborum
1037 1810 1082 1849 iti
1115 1808 1258 1849 eadem
1287 1808 1452 1861 fabula,
1504 1822 1634 1861 quam
1673 1822 1786 1861 prae-

192 1881 339 1921 sertim
388 1880 645 1921 narrationis
693 1880 799 1922 ordo
846 1880 1096 1933 planissime
1137 1880 1373 1921 confirmet.
1438 1879 1523 1920 Cur
1563 1880 1675 1921 enim
1716 1880 1788 1921 illa

194 1964 244 1991 ex
276 1951 584 1992 Andromacha
627 1951 719 1992 aliis
764 1951 875 1992 ludis
919 1953 1017 1992 acta
1064 1951 1211 1992 Cicero
1258 1950 1520 1991 interiiceret
1564 1951 1675 1991 inter
1722 1964 1786 2000 ea,

193 2035 290 2075 quas
323 2022 378 2063 acl
410 2036 542 2063 unam
576 2022 770 2063 fabulam
802 2022 1095 2075 pertinerent?
1127 2021 1413 2074 Relinquitur,
1447 2034 1525 2063 nos
1548 2022 1727 2069 nescire,
1763 2035 1788 2062 a

193 2106 277 2145 quo
310 2094 454 2146 priora
487 2094 559 2134 illa
590 2094 634 2134 in
666 2093 974 2134 Andromacha
1007 2093 1121 2133 dicta
1153 2094 1236 2134 sint
1271 2095 1311 2134 et
1345 2093 1397 2134 de
1431 2106 1536 2145 quo3
1570 2093 1647 2134 sed
1679 2093 1782 2134 talia

192 2164 330 2204 multa
362 2164 628 2217 ignorantur.

313 2235 357 2276 C.
383 2236 452 2285 57,
490 2236 585 2285 122,
619 2234 694 2276 ubi
727 2236 813 2275 est:
850 2239 892 2275 ut
916 2235 976 2274 vel
1009 2248 1035 2274 α
1062 2234 1208 2275 Catulo
1239 2258 1297 2262 —
1321 2234 1532 2288 praeclare
1555 2247 1677 2287 posse
1703 2232 1788 2273 dici

194 2305 446 2356 viderentur,
480 2309 596 2347 recte
630 2306 722 2347 cod.
755 2305 890 2346 Paris.
924 2305 1086 2346 habere
1118 2305 1308 2346 videtur:
1359 2319 1384 2346 a
1421 2305 1466 2356 Q.
1504 2304 1662 2353 Catulo,
1708 2303 1787 2344 etsi

192 2376 227 2417 is
260 2377 389 2429 paulo
422 2379 522 2418 ante
554 2377 802 2418 nominatus
842 2378 919 2427 est,
969 2376 1044 2417 sed
1087 2376 1169 2417 alio
1213 2376 1362 2425 modo3
1411 2376 1493 2416 hoc
1536 2375 1628 2416 loco
1672 2374 1786 2415 enim

192 2450 402 2500 tanquam
434 2461 544 2488 unus
577 2448 804 2501 singularis
836 2448 1005 2488 virtutis
1038 2450 1079 2488 et
1112 2447 1330 2500 dignitatis
1363 2447 1493 2487 homo
1527 2445 1782 2498 appellatur,

194 2518 309 2571 quod
356 2518 447 2559 fieri
493 2520 603 2560 solet
641 2519 788 2560 addito
826 2518 1107 2572 praenomine.
1171 2517 1256 2559 Sed
1303 2518 1345 2558 in
1393 2517 1547 2558 eadem
1594 2515 1782 2556 sectione

195 2590 439 2630 coniectura
472 2590 721 2632 adhibenda
743 2591 808 2631 051
830 2589 886 2630 ad
911 2590 1076 2629 certum
1105 2588 1312 2629 mendum
1334 2587 1587 2629 tollendum.
1636 2586 1787 2626 Editur

194 2660 307 2701 enim
341 2659 396 2700 ab
430 2661 643 2711 omnibus,
678 2661 872 2702 codicum
906 2659 1183 2700 auctoritate:
1217 2659 1288 2699 sed
1319 2663 1458 2699 tamen
1490 2657 1597 2698 illud
1620 2657 1787 2710 scripsit

193 2731 493 2772 disertissimus
527 2736 652 2785 poeta
687 2745 769 2785 pro
811 2744 887 2783 me,
937 2731 1016 2784 eslii
1055 2729 1313 2782 fortissimus
1358 2734 1484 2781 actor,
1532 2742 1614 2769 uon
1656 2728 1787 2767 solum

194 2803 384 2857 optimus,
422 2802 477 2842 'sle
516 2815 591 2842 me.
653 2802 813 2843 Verum
846 2801 918 2854 qui
950 2801 1090 2853 potuit
1130 2801 1273 2842 Attius
1317 2800 1462 2841 multis
1506 2800 1628 2840 annis
1673 2801 1786 2847 ante,

195 2887 327 2926 quum
361 2873 508 2914 Cicero
542 2872 724 2913 fortasse
756 2885 809 2912 ne
842 2874 970 2912 natus
1005 2871 1177 2924 quidem
1213 2874 1340 2921 05501,
1374 2884 1453 2924 pro
1487 2883 1537 2911 eo
1569 2870 1786 2910 scribere?

194 2944 325 2997 Igitur
368 2943 560 2985 Graevius
603 2943 934 2995 interpretatur:
989 2942 1071 2992 „sic
1114 2942 1294 2995 scripsit,
1343 2944 1391 2982 ut
1429 2940 1591 2994 optime
1631 2951 1786 2980 conve-
