1915 3235
958 139 1043 179 512

322 268 428 310 Haec
461 268 659 309 universe
701 268 956 321 explicanda
993 267 1162 321 putavi;
1210 269 1419 321 reliquam
1461 268 1797 321 disputationem

135 352 184 376 140
203 352 280 393 per
327 339 482 380 seriem
532 340 736 389 locorum,
786 339 942 392 quibus
982 338 1243 380 medicinam
1282 340 1437 380 afferre
1475 353 1602 392 posse
1636 340 1796 390 videor,

142 1839 190 1863 141

204 410 431 452 deducam.
501 410 588 451 Nec
629 410 800 459 faciam,
850 410 965 462 quod
1004 409 1255 451 adolescens
1296 410 1389 459 feci,
1440 413 1485 451 ut
1527 413 1602 451 aut
1635 424 1799 452 errores

205 481 394 535 singulos
429 481 640 522 editorum
677 481 882 533 castigem
918 483 959 521 et
993 481 1250 522 mendorum
1282 481 1369 522 iam
1403 482 1458 522 ah
1487 481 1579 522 aliis
1604 482 1801 523 animad-

205 565 429 594 versorum
462 565 621 605 pravas
655 551 927 592 defensiones
960 551 1156 592 refellam
1190 550 1363 602 (velutI
1396 550 1481 603 §5:3.
1515 552 1589 593 ubi
1622 553 1802 594 Goeren-

205 623 293 665 zius
327 623 484 664 Orellio
518 622 746 675 persuasit,
779 622 1017 662 rectissime
1039 622 1420 675 interrogationem
1450 623 1688 676 simplicem
1712 623 1802 664 sine

205 694 417 747 particula
449 692 647 735 subnecti
687 693 854 745 dicique
888 706 1041 748 clusere,
1073 692 1232 745 factum
1264 694 1317 734 sit
1340 706 1417 746 pro
1437 693 1653 746 factumne
1683 692 1754 747 sit)
1770 690 1803 747 ²)

207 767 282 806 aut
315 764 496 806 aliorum
529 765 748 817 neglectas
789 763 1114 804 emendationes
1156 764 1457 805 commendem
1499 767 1575 806 aut
1613 765 1803 806 minutas

209 835 521 887 discrepantias
554 848 794 888 persequar
826 834 961 887 (velut
992 834 1007 874 Ι
1040 833 1063 885 ἓ
1097 835 1166 883 24,
1209 835 1282 875 ubi
1315 849 1393 888 pro
1425 836 1520 885 ista,
1555 835 1671 888 quod
1702 849 1804 889 pro-

206 919 365 948 nomen
398 905 588 946 alienum
621 908 699 955 est,
734 905 901 947 restitui
936 906 1064 946 debet
1100 907 1172 954 ita,
1207 908 1281 947 aut
1314 906 1369 946 III
1401 904 1423 958 ἓ
1453 907 1518 956 18,
1554 907 1627 947 ubi
1660 920 1804 960 gram-

207 978 366 1019 matica
413 978 542 1025 ratio,
601 980 750 1018 contra
806 990 856 1018 ac
905 977 1114 1017 creditum
1164 980 1247 1026 est,
1304 991 1548 1032 quemquam
1598 978 1802 1031 postulat,

207 1049 443 1104 quempimn
483 1048 703 1101 repudiat3
753 1050 816 1088 est
865 1048 978 1088 enim
1027 1048 1237 1100 generalis
1276 1048 1556 1101 reprehensio
1594 1049 1806 1089 universae

207 1118 301 1172 rei).
364 1120 452 1160 Nec
485 1132 537 1160 ea
571 1119 794 1171 attingam,
835 1119 877 1159 in
917 1119 1072 1171 quibus
1106 1119 1210 1161 alios
1243 1120 1438 1160 refellere
1471 1132 1662 1172 possum,
1703 1119 1807 1160 nihil

207 1191 312 1243 ipse,
354 1190 469 1242 quod
502 1190 755 1238 satisfaciat,
801 1190 955 1230 afferre
989 1188 1123 1242 (velut
1155 1190 1190 1230 Π
1223 1189 1245 1242 ἓ
1279 1191 1347 1239 22,
1398 1190 1472 1231 ubi
1505 1189 1688 1231 Orellius
1721 1204 1806 1232 non

209 1261 394 1302 attendit
427 1261 482 1302 ad
514 1261 599 1302 vim
636 1261 903 1308 excludendi,
944 1274 1041 1313 quae
1082 1263 1147 1301 est
1179 1261 1222 1302 in
1256 1261 1441 1303 formula
1474 1261 1582 1316 quod
1610 1261 1687 1314 fiat
1718 1262 1807 1302 sine

207 1346 253 1373 re
286 1333 444 1387 aliqua,
494 1335 536 1373 et
574 1335 723 1374 notam
765 1334 806 1373 et
845 1332 1040 1385 pluribus
1073 1334 1169 1385 post
1205 1332 1310 1373 alios
1344 1345 1368 1373 a
1401 1345 1470 1373 me
1504 1332 1604 1373 olim
1639 1332 1808 1385 exposi-

208 1401 332 1454 tam).
396 1403 478 1444 Eos
512 1403 689 1456 seligam
722 1403 850 1453 locos,
899 1403 940 1443 in
983 1404 1139 1455 quibus
1181 1405 1221 1443 et
1255 1402 1443 1443 vulneris
1475 1405 1677 1444 naturam
1709 1416 1808 1456 per-

210 1474 402 1527 spexisse
437 1476 477 1515 et
511 1474 750 1515 remedium
784 1475 1027 1527 repperisse
1060 1474 1222 1515 Videor.

330 1545 420 1586 Lib.
455 1545 470 1585 I
511 1558 605 1598 cap.
642 1546 695 1586 12>
734 1544 756 1597 ξ
796 1546 851 1586 33
900 1545 1040 1586 editur
1087 1545 1280 1586 omnium
1329 1557 1562 1586 consensu:
1613 1545 1809 1600 Sequitur

210 1616 354 1669 issitzcr,
390 1615 446 1656 ad
470 1616 823 1670 participandum
857 1617 986 1658 alium
1023 1617 1073 1657 ab
1103 1617 1186 1657 alio
1211 1616 1679 1671 commzmz’csmdmnqne
1701 1617 1810 1656 inter

211 1700 349 1727 omnes
380 1688 448 1728 ‘effus
486 1687 671 1728 homines
710 1687 884 1740 (rectior
923 1688 1063 1729 altera
1100 1688 1260 1729 Davisii
1302 1688 1568 1729 coniectura:
1616 1688 1683 1728 ius
1719 1685 1809 1738 ηας)

211 1763 370 1799 matura
403 1772 485 1799 esse
514 1758 663 1811 factos.
712 1759 800 1799 Nec
832 1761 980 1799 tamen
1013 1761 1241 1800 structurae
1273 1759 1383 1800 ratio
1416 1759 1540 1800 facile
1571 1757 1809 1811 expeditur.

213 1829 464 1870 Turnebum
501 1829 626 1871 video
659 1830 719 1870 sic
752 1830 1040 1882 interpretari,
1075 1832 1120 1871 ut
1149 1830 1231 1872 hoc
1254 1831 1434 1881 dicatur,
1467 1829 1663 1871 homines
1685 1830 1811 1869 natos

215 1913 322 1947 esse,
371 1902 419 1941 ut
457 1900 715 1954 participent
755 1901 862 1941 alius
904 1901 958 1942 ab
994 1901 1089 1942 alio.
1154 1901 1267 1952 Quid
1299 1902 1570 1954 participent,
1618 1913 1704 1941 non
1739 1912 1812 1940 ex-

214 1971 425 2023 primitur,
476 1971 591 2024 quod
634 1972 816 2024 exprimi
860 1971 1064 2013 debebat.
1128 1972 1288 2015 Vereor
1330 1975 1490 2022 autem,
1540 1973 1587 2012 ut
1627 1970 1813 2024 legitime

214 2044 400 2094 ponatur
433 2043 705 2083 accusativus
739 2043 883 2092 alimn,
925 2044 1208 2096 grammatice
1241 2044 1301 2085 ita
1335 2043 1391 2085 ad
1422 2043 1606 2084 homines
1639 2040 1691 2094 (s.
1724 2038 1814 2093 aeos)

215 2113 583 2163 accommodatus,
617 2115 664 2154 ut
696 2113 822 2154 simul
855 2113 1036 2154 subiecti
1071 2114 1210 2155 locum
1244 2117 1392 2156 teneat
1424 2114 1559 2163 verbi,
1603 2111 1718 2165 quod
1750 2113 1813 2152 est

209 2184 574 2237 parttm'pcmclmn..
638 2184 882 2225 Schellerus
928 2189 1077 2226 contra
1117 2185 1175 2226 ad
1199 2185 1552 2241 participsmdwn
1586 2183 1715 2223 aliu-m
1749 2182 1814 2223 in-

217 2253 366 2306 telligit
401 2254 457 2294 acl
490 2255 619 2295 alium
646 2256 898 2309 participem
934 2255 1209 2306 reddemlnm,
1259 2256 1302 2297 in
1341 2270 1425 2309 quo
1465 2255 1613 2296 itidem
1647 2253 1815 2295 deside—

214 2327 335 2365 ratur
366 2338 434 2366 res
469 2326 807 2375 communicata;
856 2327 948 2367 tum
987 2340 1163 2379 prorsus
1196 2327 1351 2369 vitiosa
1384 2329 1446 2368 est
1482 2324 1724 2367 coniunctio
1760 2324 1815 2365 cccl

254 2498 280 2543 ¹)
307 2501 478 2535 Nonnulli
504 2505 583 2545 post
611 2502 747 2545 priores
780 2505 922 2536 nostras
955 2513 1059 2536 curas
1091 2506 1321 2537 accesserunt
1356 2502 1392 2536 in
1427 2503 1495 2536 hoc
1527 2512 1658 2546 genere
1691 2500 1813 2535 Orellii

311 2571 460 2601 erroreS,
500 2564 614 2595 totam
648 2572 724 2595 rein
757 2561 866 2605 paulo
898 2561 1129 2595 festinantius
1165 2561 1470 2602 administrantis,
1509 2560 1694 2594 interdum
1728 2559 1819 2594 mira

311 2618 490 2662 fingentis,
530 2619 636 2663 quale
675 2623 728 2653 est
766 2620 815 2653 HI
848 2618 869 2661 ξ
895 2619 950 2659 24,
991 2621 1087 2663 quod
1126 2620 1202 2654 haec
1242 2621 1367 2654 verba:
1412 2622 1462 2654 Ti.
1504 2620 1706 2653 Gracchum
1750 2629 1818 2653 ηοη

311 2679 422 2712 solum
452 2680 636 2721 neylectus,
670 2680 730 2712 sed
764 2681 870 2712 etlam
905 2679 1067 2712 sublatus
1095 2681 1305 2713 intercessor
1337 2683 1542 2713 servaverat
1574 2677 1623 2712 sic
1657 2680 1818 2711 enarrat:

314 2739 535 2779 intercessor,
575 2748 674 2780 quem
711 2738 862 2779 meylem?
888 2743 919 2770 et
944 2739 1100 2780 sustulit,
1139 2749 1282 2772 serrare
1302 2740 1489 2781 potuisset,
1528 2738 1561 2770 si
1584 2748 1656 2771 non
1681 2737 1820 2780 neyZex-

312 2797 396 2829 isset
434 2800 465 2828 et
505 2797 716 2829 sustulisset.
780 2796 821 2829 Et
862 2795 898 2829 in
938 2796 1004 2830 hac
1044 2796 1342 2840 interpretatione
1383 2807 1456 2830 non
1496 2795 1637 2829 dubitat
1679 2806 1820 2839 compa-

313 2865 392 2888 rare
425 2857 511 2888 nota
544 2853 605 2887 illa
637 2866 776 2897 (equum
809 2856 942 2898 fuerat,
982 2857 1107 2889 «mellus
1138 2857 1271 2898 fuerat,
1311 2854 1451 2889 similia.
1510 2854 1679 2889 Ceterum
1711 2853 1821 2888 velim

312 2913 420 2954 scire,
466 2923 509 2946 ex
548 2924 619 2956 quo
658 2913 754 2946 malo
798 2914 998 2948 servandus
1044 2914 1153 2948 fuerit
1191 2914 1389 2954 Gracchus,
1435 2913 1464 2947 si
1515 2912 1608 2947 nihil
1654 2912 1822 2946 seditiose

320 2971 472 3005 fecisset.
