1915 3235
131 1474 164 1499 60

855 1024 973 1084 XlV
1014 1022 1110 1086 (ll).

275 1138 355 1198 De
406 1140 757 1198 formarum
809 1139 1207 1214 quarundam
1257 1139 1433 1198 verbi
1484 1139 1682 1199 Latini

515 1240 746 1292 natura
786 1237 846 1292 et
883 1251 1003 1292 usu
1043 1232 1442 1310 disputati0.¹)

307 1424 467 1505 Quum
502 1463 601 1501 ante
634 1461 713 1502 lios
746 1461 974 1502 duodecim
1006 1473 1176 1501 menses
1216 1460 1260 1501 in
1292 1460 1519 1501 indicenda
1551 1460 1780 1512 magistra-

186 1536 254 1574 tus
287 1531 523 1574 academici
555 1533 796 1573 mutatione
830 1532 882 1572 de
916 1531 1197 1572 emendandis
1231 1532 1401 1572 duabus
1435 1531 1650 1572 Ciceronis
1683 1544 1781 1572 ora—

187 1604 376 1646 tionibus
419 1617 577 1645 novam
621 1603 958 1656 disputationem
1000 1605 1098 1655 post
1137 1602 1378 1655 superiores
1410 1602 1555 1655 plures
1589 1601 1781 1642 eiusdem

186 1677 352 1729 generis
387 1676 572 1724 ordiens,
622 1687 718 1727 quae
759 1677 911 1726 postea
951 1674 1151 1714 absoluta
1185 1676 1261 1723 est,
1312 1673 1504 1714 animum
1538 1673 1781 1713 criticarum

187 1746 599 1799 quaestiuncularum
638 1745 829 1786 minutiis
870 1745 1096 1797 fatigatum
1145 1744 1378 1786 scriberem
1427 1745 1609 1785 aliorum
1658 1756 1781 1796 argu-

187 1820 432 1858 mentorum
476 1817 685 1857 varietate
720 1815 950 1857 exhilarari
991 1828 1159 1868 cupere,
1208 1828 1262 1856 ne
1309 1816 1401 1868 ipse
1442 1815 1616 1868 quidem
1654 1819 1782 1867 puta-

187 1889 304 1938 bam,
355 1902 407 1929 ex
450 1887 734 1940 grammatica
777 1887 1049 1940 potissimum
1093 1886 1396 1939 disputatione,
1446 1887 1565 1928 cuius
1599 1886 1781 1927 eandem

188 1973 282 2001 esse
315 1959 550 2000 exilitatem
582 1958 776 2011 plerique
808 1958 1074 2007 iudicabunt,
1107 1971 1177 1998 me
1211 1970 1308 1998 eam
1340 1957 1560 1999 varietatis
1594 1957 1783 1998 delecta-

187 2030 347 2072 tionem
382 2030 618 2083 petiturum
652 2042 758 2070 esse.
823 2029 875 2070 Et
906 2031 1054 2070 tamen
1097 2041 1229 2080 quum
1273 2029 1332 2069 sic
1375 2028 1589 2079 acciderit,
1638 2030 1685 2069 ut
1727 2027 1783 2069 ad

226 2193 255 2235 ¹)
281 2194 401 2238 [Edita
427 2195 596 2239 bipertito
623 2207 654 2229 a.
683 2194 774 2228 1835
801 2198 836 2228 et
864 2193 965 2227 1336.
1017 2193 1105 2236 Quae
1132 2194 1176 2227 de
1201 2196 1323 2227 vetere
1349 2194 1544 2227 verborum
1570 2192 1782 2226 Latinorum

282 2254 394 2288 futuri
422 2255 595 2299 temporis
621 2254 741 2288 forma
767 2253 803 2287 in
830 2265 868 2287 so
901 2252 1044 2287 cadenti
1078 2252 1238 2296 exposui,
1277 2263 1403 2286 eorum
1435 2255 1577 2296 partem
1609 2251 1726 2294 attigit
1751 2262 1782 2284 a.

284 2312 374 2346 1837
402 2314 443 2347 A.
470 2314 612 2357 Benary
639 2313 675 2347 in
702 2313 793 2347 libro
820 2313 863 2346 de
890 2312 986 2346 sonis
1012 2311 1144 2355 linguae
1170 2312 1307 2345 Latinae
1338 2311 1548 2353 (Romische
1574 2308 1782 2352 Lautlehre)

284 2383 317 2416 p.
345 2372 423 2406 273.
480 2373 612 2407 Veram
650 2372 829 2406 rationem
867 2370 1051 2415 perspexit
1087 2370 1197 2404 etiam
1224 2370 1260 2404 C.
1294 2370 1333 2404 O.
1367 2370 1561 2404 Muellerus
1598 2369 1635 2403 in
1674 2379 1783 2402 anno-

284 2431 420 2465 tatione
447 2432 551 2466 Festo
578 2432 701 2466 addita
726 2431 773 2473 (a.
802 2429 908 2472 1839)
933 2441 968 2474 p.
990 2429 1057 2462 167
1084 2432 1119 2463 51
1144 2441 1177 2473 p.
1199 2429 1278 2463 351.
1317 2429 1409 2463 Illud
1436 2439 1524 2463 sane
1548 2439 1608 2462 me
1628 2428 1779 2471 fugerat,

285 2491 357 2525 iam
384 2502 414 2525 a.
443 2490 534 2524 1816
559 2491 751 2535 Boppium,
790 2490 830 2524 V.
858 2489 942 2530 Cel„
980 2488 1017 2522 in
1049 2488 1140 2522 libro
1175 2488 1218 2522 de
1250 2488 1443 2522 verborum
1478 2487 1515 2521 in
1547 2487 1670 2531 lingua
1696 2486 1782 2520 San-

285 2550 393 2584 scrita
418 2550 572 2584 flexione
597 2562 631 2594 p.
659 2549 703 2582 98
729 2550 773 2583 de
796 2551 884 2592 faoeo
911 2551 1007 2582 recte
1034 2547 1220 2590 iudicasse,
1260 2548 1303 2581 de
1332 2548 1462 2590 faxim,
1501 2546 1599 2590 quod
1623 2555 1783 2590 praesens

286 2609 380 2650 facit,
407 2620 479 2642 non
506 2620 653 2652 prorsus
678 2611 786 2649 recte,
814 2608 857 2642 de
881 2609 1005 2651 famem
1030 2607 1150 2640 minus
1176 2606 1279 2640 bene.
1332 2606 1500 2640 Summas
1527 2615 1666 2646 eorum,
1701 2615 1781 2648 quae

285 2668 343 2701 hic
370 2671 610 2711 exponuntur,
649 2678 745 2701 nunc
779 2667 823 2701 ad
855 2667 937 2700 libri
970 2665 1173 2700 scholastici
1206 2664 1420 2698 brevitatem
1449 2667 1651 2699 contractas
1677 2667 1712 2697 et
1738 2663 1784 2697 ad

287 2726 545 2770 discipulorum
584 2729 731 2770 captum
771 2726 1063 2760 accommodatas
1100 2724 1223 2768 posui,
1261 2727 1302 2758 ut
1339 2724 1466 2764 debui,
1511 2722 1585 2757 suis
1622 2722 1709 2756 locis
1746 2721 1784 2755 in

287 2785 524 2830 grammatica
561 2785 700 2825 Latina,
740 2796 849 2828 quam
894 2785 1079 2829 superiore
1105 2794 1200 2817 anno
1239 2782 1343 2817 edidi.
1395 2780 1513 2824 1842]
1565 2780 1669 2824 [Quae
1695 2780 1782 2815 God.

287 2845 529 2885 Hermannus,
569 2843 622 2877 vir
654 2843 699 2877 ab
733 2843 938 2887 linguarum
973 2842 1242 2887 comparatione
1275 2844 1309 2875 et
1341 2841 1386 2875 ab
1412 2840 1583 2875 historica
1608 2839 1783 2874 sermonis

289 2903 422 2938 sensim
450 2902 581 2937 exculti
607 2902 893 2946 perscrutatione
919 2905 994 2936 toto
1021 2901 1224 2936 studiorum
1257 2903 1291 2934 et
1323 2900 1443 2934 iudicii
1476 2911 1606 2944 genere
1633 2899 1782 2939 alienus,

289 2966 413 2997 contra
440 2961 647 3006 disputavit,
673 2972 746 2995 non
773 2959 975 3005 attingam]
