<?xml version="1.0" encoding="UTF-8"?>
<!DOCTYPE html PUBLIC "-//W3C//DTD XHTML 1.0 Transitional//EN"
    "http://www.w3.org/TR/xhtml1/DTD/xhtml1-transitional.dtd">
<html xmlns="http://www.w3.org/1999/xhtml" xml:lang="en" lang="en">
 <head>
  <title>
</title>
<meta http-equiv="Content-Type" content="text/html;charset=utf-8" />
  <meta name='ocr-system' content='tesseract 3.04.00' />
  <meta name='ocr-capabilities' content='ocr_page ocr_carea ocr_par ocr_line ocrx_word'/>
</head>
<body>
  <div class='ocr_page' id='page_1' title='image "./ionicolaimadvigi00madvuoft_0421.png"; bbox 0 0 1915 3235; ppageno 0'>
   <div class='ocr_carea' id='block_1_1' title="bbox 815 91 898 132">
    <p class='ocr_par' dir='ltr' id='par_1_1' title="bbox 815 91 898 132">
     <span class='ocr_line' id='line_1_1' title="bbox 815 91 898 132; baseline 0.012 -1"><span class='ocrx_word' id='word_1_1' title='bbox 815 91 898 132; x_wconf 81' lang='lat'>397</span> 
     </span>
    </p>
   </div>
   <div class='ocr_carea' id='block_1_2' title="bbox 55 215 1666 2319">
    <p class='ocr_par' dir='ltr' id='par_1_2' title="bbox 55 215 1657 1119">
     <span class='ocr_line' id='line_1_2' title="bbox 57 215 1650 276; baseline -0.006 -12"><span class='ocrx_word' id='word_1_2' title='bbox 57 226 99 265; x_wconf 88' lang='lat' dir='ltr'>et</span> <span class='ocrx_word' id='word_1_3' title='bbox 129 221 338 276; x_wconf 82' lang='lat' dir='ltr'>sequitur)</span> <span class='ocrx_word' id='word_1_4' title='bbox 362 235 425 262; x_wconf 82' lang='lat' dir='ltr'>me</span> <span class='ocrx_word' id='word_1_5' title='bbox 446 235 538 261; x_wconf 77' lang='lat' dir='ltr'>cam</span> <span class='ocrx_word' id='word_1_6' title='bbox 559 221 625 261; x_wconf 78' lang='lat' dir='ltr'>his</span> <span class='ocrx_word' id='word_1_7' title='bbox 639 219 908 275; x_wconf 76' lang='lat' dir='ltr'>principibus</span> <span class='ocrx_word' id='word_1_8' title='bbox 929 219 1122 270; x_wconf 76' lang='lat' dir='ltr'>civitatis,</span> <span class='ocrx_word' id='word_1_9' title='bbox 1161 217 1232 272; x_wconf 70' lang='lat' dir='ltr'>qui</span> <span class='ocrx_word' id='word_1_10' title='bbox 1260 216 1414 257; x_wconf 76' lang='lat' dir='ltr'>adsunt</span> <span class='ocrx_word' id='word_1_11' title='bbox 1437 215 1483 256; x_wconf 88' lang='lat' dir='ltr'>P.</span> <span class='ocrx_word' id='word_1_12' title='bbox 1507 215 1650 264; x_wconf 76' lang='lat' dir='ltr'>Sestio,</span> 
     </span>
     <span class='ocr_line' id='line_1_3' title="bbox 60 285 1651 344; baseline -0.006 -10"><span class='ocrx_word' id='word_1_13' title='bbox 60 292 133 334; x_wconf 80' lang='lat' dir='ltr'>sed</span> <span class='ocrx_word' id='word_1_14' title='bbox 148 297 193 333; x_wconf 78' lang='lat' dir='ltr'>ut</span> <span class='ocrx_word' id='word_1_15' title='bbox 208 297 339 333; x_wconf 79' lang='lat' dir='ltr'>tecam</span> <span class='ocrx_word' id='word_1_16' title='bbox 355 291 519 331; x_wconf 76' lang='lat' dir='ltr'>homine</span> <span class='ocrx_word' id='word_1_17' title='bbox 540 304 621 330; x_wconf 80' lang='lat' dir='ltr'>ano</span> <span class='ocrx_word' id='word_1_18' title='bbox 643 304 726 332; x_wconf 68' lang='lat' dir='ltr'>ozon</span> <span class='ocrx_word' id='word_1_19' title='bbox 742 291 873 331; x_wconf 76' lang='lat' dir='ltr'>solum</span> <span class='ocrx_word' id='word_1_20' title='bbox 889 289 1246 344; x_wconf 70' lang='lat' dir='ltr'>impudentissimo</span> <span class='ocrx_word' id='word_1_21' title='bbox 1265 291 1385 341; x_wconf 70' lang='lat' dir='ltr'>atque</span> <span class='ocrx_word' id='word_1_22' title='bbox 1404 285 1544 338; x_wconf 77' lang='lat' dir='ltr'>infimo</span> <span class='ocrx_word' id='word_1_23' title='bbox 1561 298 1651 325; x_wconf 76' lang='lat' dir='ltr'>oon-</span> 
     </span>
     <span class='ocr_line' id='line_1_4' title="bbox 61 354 1653 416; baseline -0.006 -12"><span class='ocrx_word' id='word_1_24' title='bbox 61 363 215 416; x_wconf 77' lang='lat' dir='ltr'>feram,</span> <span class='ocrx_word' id='word_1_25' title='bbox 233 362 283 402; x_wconf 81' lang='lat' dir='ltr'>de</span> <span class='ocrx_word' id='word_1_26' title='bbox 299 366 336 402; x_wconf 85' lang='lat' dir='ltr'>te</span> <span class='ocrx_word' id='word_1_27' title='bbox 354 362 454 415; x_wconf 77' lang='lat' dir='ltr'>ipso,</span> <span class='ocrx_word' id='word_1_28' title='bbox 473 361 635 401; x_wconf 73' lang='lat' dir='ltr'>homine</span> <span class='ocrx_word' id='word_1_29' title='bbox 653 365 689 401; x_wconf 91' lang='lat' dir='ltr'>et</span> <span class='ocrx_word' id='word_1_30' title='bbox 707 361 1052 416; x_wconf 59' lang='lat' dir='ltr'>arrogantissimo</span> <span class='ocrx_word' id='word_1_31' title='bbox 1065 363 1101 400; x_wconf 90' lang='lat' dir='ltr'>et</span> <span class='ocrx_word' id='word_1_32' title='bbox 1116 358 1222 399; x_wconf 74' lang='lat' dir='ltr'>mihi</span> <span class='ocrx_word' id='word_1_33' title='bbox 1232 357 1518 398; x_wconf 72' lang='lat' dir='ltr'>inimicissimo</span> <span class='ocrx_word' id='word_1_34' title='bbox 1533 354 1653 407; x_wconf 73' lang='lat' dir='ltr'>(milei</span> 
     </span>
     <span class='ocr_line' id='line_1_5' title="bbox 61 423 1654 486; baseline -0.006 -12"><span class='ocrx_word' id='word_1_35' title='bbox 61 423 218 474; x_wconf 87' lang='lat' dir='ltr'>omittit</span> <span class='ocrx_word' id='word_1_36' title='bbox 250 431 373 484; x_wconf 65' lang='lat' dir='ltr'>Erfi),</span> <span class='ocrx_word' id='word_1_37' title='bbox 417 445 557 486; x_wconf 59' lang='lat' dir='ltr'>quaero</span> <span class='ocrx_word' id='word_1_38' title='bbox 590 433 692 479; x_wconf 82' lang='lat' dir='ltr'>cet.;</span> <span class='ocrx_word' id='word_1_39' title='bbox 741 432 784 472; x_wconf 90' lang='lat' dir='ltr'>in</span> <span class='ocrx_word' id='word_1_40' title='bbox 815 431 950 472; x_wconf 83' lang='lat' dir='ltr'>Paris.</span> <span class='ocrx_word' id='word_1_41' title='bbox 985 432 1050 471; x_wconf 81' lang='lat' dir='ltr'>est</span> <span class='ocrx_word' id='word_1_42' title='bbox 1092 433 1135 470; x_wconf 81' lang='lat' dir='ltr'>at</span> <span class='ocrx_word' id='word_1_43' title='bbox 1173 433 1304 469; x_wconf 76' lang='lat' dir='ltr'>tecam</span> <span class='ocrx_word' id='word_1_44' title='bbox 1343 440 1455 475; x_wconf 70' lang='lat' dir='ltr'>omn,</span> <span class='ocrx_word' id='word_1_45' title='bbox 1504 426 1580 466; x_wconf 83' lang='lat' dir='ltr'>sed</span> <span class='ocrx_word' id='word_1_46' title='bbox 1611 425 1654 465; x_wconf 88' lang='lat' dir='ltr'>in</span> 
     </span>
     <span class='ocr_line' id='line_1_6' title="bbox 60 497 1653 554; baseline -0.006 -10"><span class='ocrx_word' id='word_1_47' title='bbox 60 517 111 545; x_wconf 88' lang='lat' dir='ltr'>eo</span> <span class='ocrx_word' id='word_1_48' title='bbox 143 503 197 544; x_wconf 85' lang='lat' dir='ltr'>ob</span> <span class='ocrx_word' id='word_1_49' title='bbox 230 502 415 543; x_wconf 84' lang='lat' dir='ltr'>similem</span> <span class='ocrx_word' id='word_1_50' title='bbox 447 501 797 543; x_wconf 76' lang='lat' dir='ltr'>terminationem</span> <span class='ocrx_word' id='word_1_51' title='bbox 831 501 1080 542; x_wconf 79' lang='lat' dir='ltr'>exciderunt</span> <span class='ocrx_word' id='word_1_52' title='bbox 1120 505 1240 554; x_wconf 74' lang='lat' dir='ltr'>atque</span> <span class='ocrx_word' id='word_1_53' title='bbox 1271 497 1413 550; x_wconf 72' lang='lat' dir='ltr'>infimo</span> <span class='ocrx_word' id='word_1_54' title='bbox 1447 520 1500 524; x_wconf 81' lang='lat'>-</span> <span class='ocrx_word' id='word_1_55' title='bbox 1536 510 1653 536; x_wconf 83' lang='lat' dir='ltr'>arro-</span> 
     </span>
     <span class='ocr_line' id='line_1_7' title="bbox 55 563 1651 628; baseline -0.005 -14"><span class='ocrx_word' id='word_1_56' title='bbox 55 573 312 628; x_wconf 72' lang='lat' dir='ltr'>90mtz&#39;ssz&#39;m0,</span> <span class='ocrx_word' id='word_1_57' title='bbox 361 573 483 614; x_wconf 83' lang='lat' dir='ltr'>oculo</span> <span class='ocrx_word' id='word_1_58' title='bbox 531 571 694 612; x_wconf 88' lang='lat' dir='ltr'>librarii</span> <span class='ocrx_word' id='word_1_59' title='bbox 741 572 796 612; x_wconf 89' lang='lat' dir='ltr'>ab</span> <span class='ocrx_word' id='word_1_60' title='bbox 846 571 1201 625; x_wconf 73' lang='lat' dir='ltr'>impudentissimo</span> <span class='ocrx_word' id='word_1_61' title='bbox 1241 569 1325 609; x_wconf 88' lang='grc'><strong>11110</strong></span> <span class='ocrx_word' id='word_1_62' title='bbox 1358 563 1651 618; x_wconf 86' lang='lat' dir='ltr'>aberrante.¹)</span> 
     </span>
     <span class='ocr_line' id='line_1_8' title="bbox 59 637 1655 690; baseline -0.005 -6"><span class='ocrx_word' id='word_1_63' title='bbox 59 643 144 684; x_wconf 86' lang='lat' dir='ltr'>Sed</span> <span class='ocrx_word' id='word_1_64' title='bbox 190 643 372 684; x_wconf 83' lang='lat' dir='ltr'>similem</span> <span class='ocrx_word' id='word_1_65' title='bbox 420 655 610 683; x_wconf 84' lang='lat' dir='ltr'>errorem</span> <span class='ocrx_word' id='word_1_66' title='bbox 650 642 929 682; x_wconf 84' lang='lat' dir='ltr'>manifestum</span> <span class='ocrx_word' id='word_1_67' title='bbox 968 644 1034 682; x_wconf 83' lang='lat' dir='ltr'>est</span> <span class='ocrx_word' id='word_1_68' title='bbox 1072 641 1160 682; x_wconf 88' lang='lat' dir='ltr'>iam</span> <span class='ocrx_word' id='word_1_69' title='bbox 1198 640 1243 680; x_wconf 92' lang='lat' dir='ltr'>in</span> <span class='ocrx_word' id='word_1_70' title='bbox 1283 638 1375 680; x_wconf 84' lang='lat' dir='ltr'>cod.</span> <span class='ocrx_word' id='word_1_71' title='bbox 1418 637 1655 690; x_wconf 80' lang='lat' dir='ltr'>archetypo</span> 
     </span>
     <span class='ocr_line' id='line_1_9' title="bbox 59 707 1654 769; baseline -0.006 -14"><span class='ocrx_word' id='word_1_72' title='bbox 59 713 286 755; x_wconf 83' lang='lat' dir='ltr'>scribendo</span> <span class='ocrx_word' id='word_1_73' title='bbox 320 713 540 754; x_wconf 81' lang='lat' dir='ltr'>accidisse.</span> <span class='ocrx_word' id='word_1_74' title='bbox 603 712 714 769; x_wconf 83' lang='lat' dir='ltr'>Nam</span> <span class='ocrx_word' id='word_1_75' title='bbox 747 725 874 753; x_wconf 82' lang='lat' dir='ltr'>voces</span> <span class='ocrx_word' id='word_1_76' title='bbox 906 725 988 752; x_wconf 74' lang='lat' dir='ltr'>non</span> <span class='ocrx_word' id='word_1_77' title='bbox 1018 712 1163 759; x_wconf 76' lang='lat' dir='ltr'>solum,</span> <span class='ocrx_word' id='word_1_78' title='bbox 1204 723 1312 762; x_wconf 84' lang='lat' dir='ltr'>quas</span> <span class='ocrx_word' id='word_1_79' title='bbox 1346 707 1523 761; x_wconf 85' lang='lat' dir='ltr'>quidam</span> <span class='ocrx_word' id='word_1_80' title='bbox 1556 719 1654 759; x_wconf 84' lang='lat' dir='ltr'>per-</span> 
     </span>
     <span class='ocr_line' id='line_1_10' title="bbox 61 776 1654 835; baseline -0.006 -9"><span class='ocrx_word' id='word_1_81' title='bbox 61 798 183 826; x_wconf 80' lang='lat' dir='ltr'>verse</span> <span class='ocrx_word' id='word_1_82' title='bbox 217 785 362 826; x_wconf 86' lang='lat' dir='ltr'>delent</span> <span class='ocrx_word' id='word_1_83' title='bbox 393 786 468 825; x_wconf 88' lang='lat' dir='ltr'>aut</span> <span class='ocrx_word' id='word_1_84' title='bbox 496 785 680 832; x_wconf 86' lang='lat' dir='ltr'>mutant,</span> <span class='ocrx_word' id='word_1_85' title='bbox 713 782 894 835; x_wconf 82' lang='lat' dir='ltr'>vestigia</span> <span class='ocrx_word' id='word_1_86' title='bbox 916 782 1108 823; x_wconf 82' lang='lat' dir='ltr'>veritatis</span> <span class='ocrx_word' id='word_1_87' title='bbox 1130 781 1342 829; x_wconf 81' lang='lat' dir='ltr'>tollentes,</span> <span class='ocrx_word' id='word_1_88' title='bbox 1376 779 1487 818; x_wconf 88' lang='grc'><strong>113110</strong></span> <span class='ocrx_word' id='word_1_89' title='bbox 1521 776 1654 817; x_wconf 73' lang='lat' dir='ltr'>fuisse</span> 
     </span>
     <span class='ocr_line' id='line_1_11' title="bbox 62 850 1653 903; baseline -0.006 -7"><span class='ocrx_word' id='word_1_90' title='bbox 62 855 267 896; x_wconf 81' lang='lat' dir='ltr'>orationis</span> <span class='ocrx_word' id='word_1_91' title='bbox 315 854 501 895; x_wconf 88' lang='lat' dir='ltr'>formam</span> <span class='ocrx_word' id='word_1_92' title='bbox 540 853 791 895; x_wconf 82' lang='lat' dir='ltr'>ostendunt:</span> <span class='ocrx_word' id='word_1_93' title='bbox 840 853 911 894; x_wconf 79' lang='lat' dir='ltr'>sed</span> <span class='ocrx_word' id='word_1_94' title='bbox 956 857 1001 893; x_wconf 81' lang='lat' dir='ltr'>at</span> <span class='ocrx_word' id='word_1_95' title='bbox 1047 857 1190 903; x_wconf 76' lang='lat' dir='ltr'>tecam,</span> <span class='ocrx_word' id='word_1_96' title='bbox 1238 850 1400 890; x_wconf 72' lang='lat' dir='ltr'>homine</span> <span class='ocrx_word' id='word_1_97' title='bbox 1447 861 1528 888; x_wconf 76' lang='lat' dir='ltr'>ano</span> <span class='ocrx_word' id='word_1_98' title='bbox 1575 860 1653 887; x_wconf 71' lang='lat' dir='ltr'>non</span> 
     </span>
     <span class='ocr_line' id='line_1_12' title="bbox 63 917 1657 979; baseline -0.006 -13"><span class='ocrx_word' id='word_1_99' title='bbox 63 927 194 967; x_wconf 77' lang='lat' dir='ltr'>solam</span> <span class='ocrx_word' id='word_1_100' title='bbox 228 925 595 979; x_wconf 72' lang='lat' dir='ltr'>impudentissimo,</span> <span class='ocrx_word' id='word_1_101' title='bbox 645 922 736 976; x_wconf 80' lang='lat' dir='ltr'>[sed</span> <span class='ocrx_word' id='word_1_102' title='bbox 775 922 1136 977; x_wconf 69' lang='lat' dir='ltr'>contemptissimo]</span> <span class='ocrx_word' id='word_1_103' title='bbox 1182 927 1302 976; x_wconf 71' lang='lat' dir='ltr'>atque</span> <span class='ocrx_word' id='word_1_104' title='bbox 1342 919 1482 972; x_wconf 73' lang='lat' dir='ltr'>infimo</span> <span class='ocrx_word' id='word_1_105' title='bbox 1522 917 1657 970; x_wconf 79' lang='lat' dir='ltr'>confe-</span> 
     </span>
     <span class='ocr_line' id='line_1_13' title="bbox 63 989 1655 1049; baseline -0.005 -12"><span class='ocrx_word' id='word_1_106' title='bbox 63 1011 171 1049; x_wconf 77' lang='lat' dir='ltr'>ram,</span> <span class='ocrx_word' id='word_1_107' title='bbox 210 996 260 1036; x_wconf 77' lang='lat' dir='ltr'>de</span> <span class='ocrx_word' id='word_1_108' title='bbox 291 1001 327 1036; x_wconf 89' lang='lat' dir='ltr'>te</span> <span class='ocrx_word' id='word_1_109' title='bbox 358 997 446 1049; x_wconf 74' lang='lat' dir='ltr'>ipso</span> <span class='ocrx_word' id='word_1_110' title='bbox 479 999 558 1036; x_wconf 84' lang='lat' dir='ltr'>cet.</span> <span class='ocrx_word' id='word_1_111' title='bbox 622 996 768 1048; x_wconf 80' lang='lat' dir='ltr'>Ipsum</span> <span class='ocrx_word' id='word_1_112' title='bbox 808 994 1079 1042; x_wconf 82' lang='lat' dir='ltr'>Vocabulum,</span> <span class='ocrx_word' id='word_1_113' title='bbox 1120 992 1235 1045; x_wconf 86' lang='lat' dir='ltr'>quod</span> <span class='ocrx_word' id='word_1_114' title='bbox 1267 990 1414 1032; x_wconf 83' lang='lat' dir='ltr'>Cicero</span> <span class='ocrx_word' id='word_1_115' title='bbox 1447 989 1655 1042; x_wconf 85' lang='lat' dir='ltr'>posuerit.</span> 
     </span>
     <span class='ocr_line' id='line_1_14' title="bbox 64 1053 1385 1119; baseline -0.005 -11"><span class='ocrx_word' id='word_1_116' title='bbox 64 1081 134 1108; x_wconf 87' lang='lat' dir='ltr'>me</span> <span class='ocrx_word' id='word_1_117' title='bbox 165 1081 252 1108; x_wconf 92' lang='lat' dir='ltr'>non</span> <span class='ocrx_word' id='word_1_118' title='bbox 284 1053 491 1119; x_wconf 81' lang='lat' dir='ltr'>praestare</span> <span class='ocrx_word' id='word_1_119' title='bbox 525 1066 774 1118; x_wconf 85' lang='lat' dir='ltr'>suppletum</span> <span class='ocrx_word' id='word_1_120' title='bbox 809 1078 914 1115; x_wconf 81' lang='lat' dir='ltr'>esse,</span> <span class='ocrx_word' id='word_1_121' title='bbox 949 1065 1019 1105; x_wconf 79' lang='lat' dir='ltr'>vix</span> <span class='ocrx_word' id='word_1_122' title='bbox 1050 1077 1158 1116; x_wconf 82' lang='lat' dir='ltr'>opus</span> <span class='ocrx_word' id='word_1_123' title='bbox 1192 1065 1257 1103; x_wconf 79' lang='lat' dir='ltr'>est</span> <span class='ocrx_word' id='word_1_124' title='bbox 1289 1061 1385 1102; x_wconf 87' lang='grc'><strong>11101.</strong></span> 
     </span>
    </p>

    <p class='ocr_par' dir='ltr' id='par_1_3' title="bbox 59 1130 1663 1825">
     <span class='ocr_line' id='line_1_15' title="bbox 182 1130 1656 1187; baseline -0.005 -9"><span class='ocrx_word' id='word_1_125' title='bbox 182 1138 226 1179; x_wconf 90' lang='lat' dir='ltr'>C.</span> <span class='ocrx_word' id='word_1_126' title='bbox 261 1138 300 1187; x_wconf 79' lang='lat'>5,</span> <span class='ocrx_word' id='word_1_127' title='bbox 344 1137 393 1177; x_wconf 88' lang='grc'>11</span> <span class='ocrx_word' id='word_1_128' title='bbox 439 1149 460 1177; x_wconf 90' lang='grc'>0</span> <span class='ocrx_word' id='word_1_129' title='bbox 500 1136 623 1177; x_wconf 80' lang='lat' dir='ltr'>codd.</span> <span class='ocrx_word' id='word_1_130' title='bbox 664 1135 871 1176; x_wconf 83' lang='lat' dir='ltr'>Vaticano</span> <span class='ocrx_word' id='word_1_131' title='bbox 920 1137 962 1176; x_wconf 83' lang='lat' dir='ltr'>et</span> <span class='ocrx_word' id='word_1_132' title='bbox 1007 1133 1239 1176; x_wconf 80' lang='lat' dir='ltr'>Parisiensi</span> <span class='ocrx_word' id='word_1_133' title='bbox 1288 1130 1656 1173; x_wconf 74' lang='lat' dir='ltr'>consentientibus</span> 
     </span>
     <span class='ocr_line' id='line_1_16' title="bbox 65 1202 1659 1260; baseline -0.005 -11"><span class='ocrx_word' id='word_1_134' title='bbox 65 1208 341 1249; x_wconf 81' lang='lat' dir='ltr'>scribendum</span> <span class='ocrx_word' id='word_1_135' title='bbox 385 1209 469 1248; x_wconf 86' lang='lat' dir='ltr'>est:</span> <span class='ocrx_word' id='word_1_136' title='bbox 519 1206 687 1247; x_wconf 80' lang='lat' dir='ltr'>Habeat</span> <span class='ocrx_word' id='word_1_137' title='bbox 725 1206 799 1246; x_wconf 76' lang='lat' dir='ltr'>hoo</span> <span class='ocrx_word' id='word_1_138' title='bbox 823 1206 997 1260; x_wconf 66' lang='lat' dir='ltr'>praemii</span> <span class='ocrx_word' id='word_1_139' title='bbox 1029 1210 1101 1246; x_wconf 80' lang='lat' dir='ltr'>tua</span> <span class='ocrx_word' id='word_1_140' title='bbox 1134 1204 1387 1258; x_wconf 51' lang='lat' dir='ltr'>indiquitaffl</span> <span class='ocrx_word' id='word_1_141' title='bbox 1438 1202 1561 1253; x_wconf 78' lang='lat' dir='ltr'>Vulgo</span> <span class='ocrx_word' id='word_1_142' title='bbox 1595 1203 1659 1241; x_wconf 79' lang='lat' dir='ltr'>est</span> 
     </span>
     <span class='ocr_line' id='line_1_17' title="bbox 59 1271 1658 1333; baseline -0.004 -14"><span class='ocrx_word' id='word_1_143' title='bbox 59 1279 300 1333; x_wconf 72' lang='lat' dir='ltr'>proemium.</span> <span class='ocrx_word' id='word_1_144' title='bbox 363 1277 439 1318; x_wconf 88' lang='lat' dir='ltr'>Illa</span> <span class='ocrx_word' id='word_1_145' title='bbox 472 1277 611 1318; x_wconf 86' lang='lat' dir='ltr'>forma</span> <span class='ocrx_word' id='word_1_146' title='bbox 643 1277 894 1318; x_wconf 87' lang='lat' dir='ltr'>oblitterata</span> <span class='ocrx_word' id='word_1_147' title='bbox 925 1277 1056 1317; x_wconf 89' lang='lat' dir='ltr'>etiam</span> <span class='ocrx_word' id='word_1_148' title='bbox 1090 1275 1192 1316; x_wconf 83' lang='lat' dir='ltr'>alibi</span> <span class='ocrx_word' id='word_1_149' title='bbox 1232 1276 1308 1324; x_wconf 78' lang='lat' dir='ltr'>est,</span> <span class='ocrx_word' id='word_1_150' title='bbox 1359 1275 1406 1314; x_wconf 93' lang='lat' dir='ltr'>ut</span> <span class='ocrx_word' id='word_1_151' title='bbox 1447 1286 1525 1325; x_wconf 87' lang='lat' dir='ltr'>pro</span> <span class='ocrx_word' id='word_1_152' title='bbox 1560 1271 1658 1313; x_wconf 79' lang='lat' dir='ltr'>Ciu-</span> 
     </span>
     <span class='ocr_line' id='line_1_18' title="bbox 67 1342 1658 1398; baseline -0.005 -8"><span class='ocrx_word' id='word_1_153' title='bbox 67 1351 151 1390; x_wconf 89' lang='lat' dir='ltr'>ent.</span> <span class='ocrx_word' id='word_1_154' title='bbox 185 1349 253 1398; x_wconf 79' lang='grc'>26,</span> <span class='ocrx_word' id='word_1_155' title='bbox 289 1349 357 1398; x_wconf 78' lang='grc'>71,</span> <span class='ocrx_word' id='word_1_156' title='bbox 398 1348 472 1388; x_wconf 90' lang='lat' dir='ltr'>ubi</span> <span class='ocrx_word' id='word_1_157' title='bbox 505 1347 750 1389; x_wconf 85' lang='lat' dir='ltr'>Classenius</span> <span class='ocrx_word' id='word_1_158' title='bbox 783 1360 880 1388; x_wconf 85' lang='grc'><strong>03111</strong></span> <span class='ocrx_word' id='word_1_159' title='bbox 912 1346 1112 1396; x_wconf 75' lang='lat' dir='ltr'>restituit,</span> <span class='ocrx_word' id='word_1_160' title='bbox 1154 1347 1197 1386; x_wconf 87' lang='lat' dir='ltr'>et</span> <span class='ocrx_word' id='word_1_161' title='bbox 1228 1345 1244 1385; x_wconf 91' lang='lat' dir='ltr'>I</span> <span class='ocrx_word' id='word_1_162' title='bbox 1276 1345 1320 1384; x_wconf 88' lang='grc'>111</span> <span class='ocrx_word' id='word_1_163' title='bbox 1353 1343 1475 1385; x_wconf 84' lang='lat' dir='ltr'>Catil.</span> <span class='ocrx_word' id='word_1_164' title='bbox 1510 1343 1548 1391; x_wconf 78' lang='lat'>8,</span> <span class='ocrx_word' id='word_1_165' title='bbox 1593 1342 1658 1382; x_wconf 85' lang='lat'>19.</span> 
     </span>
     <span class='ocr_line' id='line_1_19' title="bbox 65 1413 1660 1472; baseline -0.004 -12"><span class='ocrx_word' id='word_1_166' title='bbox 65 1420 141 1460; x_wconf 89' lang='lat' dir='ltr'>ubi</span> <span class='ocrx_word' id='word_1_167' title='bbox 173 1433 250 1472; x_wconf 85' lang='lat' dir='ltr'>ego</span> <span class='ocrx_word' id='word_1_168' title='bbox 283 1419 434 1460; x_wconf 75' lang='lat' dir='ltr'>reduxi</span> <span class='ocrx_word' id='word_1_169' title='bbox 467 1432 489 1459; x_wconf 90' lang='lat' dir='ltr'>e</span> <span class='ocrx_word' id='word_1_170' title='bbox 523 1419 615 1460; x_wconf 83' lang='lat' dir='ltr'>cod.</span> <span class='ocrx_word' id='word_1_171' title='bbox 650 1419 804 1459; x_wconf 87' lang='lat' dir='ltr'>Mureti</span> <span class='ocrx_word' id='word_1_172' title='bbox 837 1421 880 1459; x_wconf 86' lang='lat' dir='ltr'>et</span> <span class='ocrx_word' id='word_1_173' title='bbox 904 1417 1154 1465; x_wconf 87' lang='lat' dir='ltr'>Barberino,</span> <span class='ocrx_word' id='word_1_174' title='bbox 1189 1415 1372 1467; x_wconf 86' lang='lat' dir='ltr'>alioque,</span> <span class='ocrx_word' id='word_1_175' title='bbox 1407 1414 1479 1466; x_wconf 83' lang='lat' dir='ltr'>qui</span> <span class='ocrx_word' id='word_1_176' title='bbox 1512 1413 1660 1465; x_wconf 88' lang='lat' dir='ltr'>appe]-</span> 
     </span>
     <span class='ocr_line' id='line_1_20' title="bbox 68 1483 1661 1542; baseline -0.005 -11"><span class='ocrx_word' id='word_1_177' title='bbox 68 1491 182 1532; x_wconf 83' lang='lat' dir='ltr'>latur</span> <span class='ocrx_word' id='word_1_178' title='bbox 227 1491 271 1531; x_wconf 91' lang='lat' dir='ltr'>in</span> <span class='ocrx_word' id='word_1_179' title='bbox 309 1490 502 1542; x_wconf 79' lang='lat' dir='ltr'>margine</span> <span class='ocrx_word' id='word_1_180' title='bbox 542 1489 847 1542; x_wconf 84' lang='lat' dir='ltr'>repetitionum</span> <span class='ocrx_word' id='word_1_181' title='bbox 896 1487 1078 1529; x_wconf 86' lang='lat' dir='ltr'>Lambb.</span> <span class='ocrx_word' id='word_1_182' title='bbox 1128 1486 1222 1539; x_wconf 82' lang='lat' dir='ltr'>(sed</span> <span class='ocrx_word' id='word_1_183' title='bbox 1269 1486 1433 1538; x_wconf 79' lang='lat' dir='ltr'>opinor,</span> <span class='ocrx_word' id='word_1_184' title='bbox 1482 1483 1571 1524; x_wconf 89' lang='lat' dir='ltr'>fere</span> <span class='ocrx_word' id='word_1_185' title='bbox 1620 1484 1661 1523; x_wconf 87' lang='grc'>111</span> 
     </span>
     <span class='ocr_line' id='line_1_21' title="bbox 68 1554 1663 1613; baseline -0.006 -11"><span class='ocrx_word' id='word_1_186' title='bbox 68 1561 267 1602; x_wconf 80' lang='lat' dir='ltr'>omnibus</span> <span class='ocrx_word' id='word_1_187' title='bbox 300 1561 359 1601; x_wconf 88' lang='grc'>510</span> <span class='ocrx_word' id='word_1_188' title='bbox 391 1559 504 1613; x_wconf 84' lang='lat' dir='ltr'>legi),</span> <span class='ocrx_word' id='word_1_189' title='bbox 549 1560 893 1612; x_wconf 82' lang='lat' dir='ltr'>editionibusque</span> <span class='ocrx_word' id='word_1_190' title='bbox 926 1561 1030 1599; x_wconf 76' lang='lat' dir='ltr'>vett.</span> <span class='ocrx_word' id='word_1_191' title='bbox 1093 1557 1257 1598; x_wconf 88' lang='lat' dir='ltr'>Deinde</span> <span class='ocrx_word' id='word_1_192' title='bbox 1296 1558 1412 1596; x_wconf 80' lang='lat' dir='ltr'>reete</span> <span class='ocrx_word' id='word_1_193' title='bbox 1450 1554 1586 1595; x_wconf 80' lang='lat' dir='ltr'>Vatic.</span> <span class='ocrx_word' id='word_1_194' title='bbox 1619 1559 1663 1594; x_wconf 72' lang='lat' dir='ltr'>ut</span> 
     </span>
     <span class='ocr_line' id='line_1_22' title="bbox 68 1627 1662 1684; baseline -0.004 -12"><span class='ocrx_word' id='word_1_195' title='bbox 68 1631 351 1672; x_wconf 72' lang='lat' dir='ltr'>acloleseentt&#39;oe</span> <span class='ocrx_word' id='word_1_196' title='bbox 383 1630 597 1684; x_wconf 61' lang='lat' dir='ltr'>turpitudo</span> <span class='ocrx_word' id='word_1_197' title='bbox 636 1630 881 1671; x_wconf 72' lang='lat' dir='ltr'>obscuritate</span> <span class='ocrx_word' id='word_1_198' title='bbox 920 1635 955 1670; x_wconf 87' lang='lat' dir='ltr'>et</span> <span class='ocrx_word' id='word_1_199' title='bbox 993 1628 1185 1669; x_wconf 76' lang='lat' dir='ltr'>sordibus</span> <span class='ocrx_word' id='word_1_200' title='bbox 1224 1627 1456 1681; x_wconf 58' lang='lat' dir='ltr'>obteyatum</span> <span class='ocrx_word' id='word_1_201' title='bbox 1504 1638 1662 1677; x_wconf 90' lang='lat' dir='ltr'>prono-</span> 
     </span>
     <span class='ocr_line' id='line_1_23' title="bbox 67 1695 1660 1754; baseline -0.005 -11"><span class='ocrx_word' id='word_1_202' title='bbox 67 1715 180 1752; x_wconf 87' lang='lat' dir='ltr'>men,</span> <span class='ocrx_word' id='word_1_203' title='bbox 229 1701 345 1754; x_wconf 87' lang='lat' dir='ltr'>quod</span> <span class='ocrx_word' id='word_1_204' title='bbox 384 1701 557 1741; x_wconf 79' lang='lat' dir='ltr'>additur</span> <span class='ocrx_word' id='word_1_205' title='bbox 599 1701 642 1741; x_wconf 89' lang='lat' dir='ltr'>in</span> <span class='ocrx_word' id='word_1_206' title='bbox 680 1701 854 1754; x_wconf 81' lang='lat' dir='ltr'>reliquis</span> <span class='ocrx_word' id='word_1_207' title='bbox 894 1703 992 1753; x_wconf 79' lang='lat' dir='ltr'>post</span> <span class='ocrx_word' id='word_1_208' title='bbox 1022 1698 1227 1745; x_wconf 72' lang='lat' dir='ltr'>sordibus,</span> <span class='ocrx_word' id='word_1_209' title='bbox 1277 1699 1342 1738; x_wconf 81' lang='lat' dir='ltr'>est</span> <span class='ocrx_word' id='word_1_210' title='bbox 1373 1697 1416 1737; x_wconf 91' lang='lat' dir='ltr'>in</span> <span class='ocrx_word' id='word_1_211' title='bbox 1448 1695 1660 1737; x_wconf 83' lang='lat' dir='ltr'>sententia</span> 
     </span>
     <span class='ocr_line' id='line_1_24' title="bbox 68 1770 1122 1825; baseline -0.003 -12"><span class='ocrx_word' id='word_1_212' title='bbox 68 1772 295 1825; x_wconf 88' lang='lat' dir='ltr'>primaria;</span> <span class='ocrx_word' id='word_1_213' title='bbox 327 1772 559 1824; x_wconf 86' lang='lat' dir='ltr'>repetitum</span> <span class='ocrx_word' id='word_1_214' title='bbox 592 1771 679 1812; x_wconf 81' lang='lat' dir='ltr'>vim</span> <span class='ocrx_word' id='word_1_215' title='bbox 713 1771 918 1813; x_wconf 82' lang='lat' dir='ltr'>orationis</span> <span class='ocrx_word' id='word_1_216' title='bbox 951 1770 1122 1822; x_wconf 84' lang='lat' dir='ltr'>frangit.</span> 
     </span>
    </p>

    <p class='ocr_par' dir='ltr' id='par_1_4' title="bbox 70 1834 1666 2319">
     <span class='ocr_line' id='line_1_25' title="bbox 187 1834 1663 1895; baseline -0.006 -11"><span class='ocrx_word' id='word_1_217' title='bbox 187 1843 235 1883; x_wconf 92' lang='lat' dir='ltr'>In</span> <span class='ocrx_word' id='word_1_218' title='bbox 266 1843 473 1895; x_wconf 79' lang='lat' dir='ltr'>proximis</span> <span class='ocrx_word' id='word_1_219' title='bbox 506 1843 674 1883; x_wconf 89' lang='lat' dir='ltr'>minora</span> <span class='ocrx_word' id='word_1_220' title='bbox 706 1842 908 1894; x_wconf 79' lang='lat' dir='ltr'>quaedam</span> <span class='ocrx_word' id='word_1_221' title='bbox 941 1840 1215 1881; x_wconf 88' lang='lat' dir='ltr'>emendanda</span> <span class='ocrx_word' id='word_1_222' title='bbox 1247 1840 1368 1886; x_wconf 68' lang='lat' dir='ltr'>sunt,</span> <span class='ocrx_word' id='word_1_223' title='bbox 1416 1849 1517 1877; x_wconf 87' lang='lat' dir='ltr'>nam</span> <span class='ocrx_word' id='word_1_224' title='bbox 1552 1834 1574 1887; x_wconf 61' lang='grc' dir='ltr'>ἓ</span> <span class='ocrx_word' id='word_1_225' title='bbox 1611 1836 1663 1876; x_wconf 69' lang='lat' dir='ltr'>l?</span> 
     </span>
     <span class='ocr_line' id='line_1_26' title="bbox 70 1907 1663 1962; baseline -0.006 -7"><span class='ocrx_word' id='word_1_226' title='bbox 70 1914 245 1955; x_wconf 89' lang='lat' dir='ltr'>meliore</span> <span class='ocrx_word' id='word_1_227' title='bbox 288 1913 437 1954; x_wconf 88' lang='lat' dir='ltr'>ordine</span> <span class='ocrx_word' id='word_1_228' title='bbox 483 1926 535 1953; x_wconf 83' lang='lat' dir='ltr'>ex</span> <span class='ocrx_word' id='word_1_229' title='bbox 578 1913 690 1962; x_wconf 88' lang='lat' dir='ltr'>Par.,</span> <span class='ocrx_word' id='word_1_230' title='bbox 740 1912 841 1962; x_wconf 83' lang='lat' dir='ltr'>Erf.,</span> <span class='ocrx_word' id='word_1_231' title='bbox 890 1915 1035 1952; x_wconf 78' lang='lat' dir='ltr'>vetere</span> <span class='ocrx_word' id='word_1_232' title='bbox 1068 1911 1160 1952; x_wconf 88' lang='grc'><strong>0011.</strong></span> <span class='ocrx_word' id='word_1_233' title='bbox 1195 1909 1346 1951; x_wconf 86' lang='lat' dir='ltr'>Lamb.</span> <span class='ocrx_word' id='word_1_234' title='bbox 1388 1907 1663 1948; x_wconf 82' lang='lat' dir='ltr'>scribendum</span> 
     </span>
     <span class='ocr_line' id='line_1_27' title="bbox 71 1978 1661 2038; baseline -0.004 -14"><span class='ocrx_word' id='word_1_235' title='bbox 71 1987 136 2025; x_wconf 86' lang='lat' dir='ltr'>est</span> <span class='ocrx_word' id='word_1_236' title='bbox 167 1984 355 2038; x_wconf 77' lang='lat' dir='ltr'>querelas</span> <span class='ocrx_word' id='word_1_237' title='bbox 388 1984 726 2033; x_wconf 71' lang='lat' dir='ltr'>Puteolanorum,</span> <span class='ocrx_word' id='word_1_238' title='bbox 761 1986 803 2024; x_wconf 85' lang='lat' dir='ltr'>et</span> <span class='ocrx_word' id='word_1_239' title='bbox 835 1984 874 2032; x_wconf 82' lang='lat'>6,</span> <span class='ocrx_word' id='word_1_240' title='bbox 918 1983 972 2023; x_wconf 86' lang='lat'>14</span> <span class='ocrx_word' id='word_1_241' title='bbox 1005 1995 1027 2023; x_wconf 91' lang='lat' dir='ltr'>e</span> <span class='ocrx_word' id='word_1_242' title='bbox 1060 1981 1153 2022; x_wconf 88' lang='grc'><strong>0011.</strong></span> <span class='ocrx_word' id='word_1_243' title='bbox 1186 1980 1321 2021; x_wconf 77' lang='lat' dir='ltr'>Vatio.</span> <span class='ocrx_word' id='word_1_244' title='bbox 1356 1978 1661 2033; x_wconf 72' lang='lat' dir='ltr'>Pythayoreum</span> 
     </span>
     <span class='ocr_line' id='line_1_28' title="bbox 70 2048 1665 2109; baseline -0.004 -14"><span class='ocrx_word' id='word_1_245' title='bbox 70 2068 148 2108; x_wconf 91' lang='lat' dir='ltr'>pro</span> <span class='ocrx_word' id='word_1_246' title='bbox 180 2054 519 2109; x_wconf 64' lang='lat' dir='ltr'>Pythayortczmz,</span> <span class='ocrx_word' id='word_1_247' title='bbox 569 2067 665 2107; x_wconf 81' lang='lat' dir='ltr'>quae</span> <span class='ocrx_word' id='word_1_248' title='bbox 704 2054 844 2094; x_wconf 86' lang='lat' dir='ltr'>forma</span> <span class='ocrx_word' id='word_1_249' title='bbox 876 2053 1007 2093; x_wconf 88' lang='lat' dir='ltr'>etiam</span> <span class='ocrx_word' id='word_1_250' title='bbox 1038 2053 1054 2092; x_wconf 92' lang='lat' dir='ltr'>I</span> <span class='ocrx_word' id='word_1_251' title='bbox 1088 2052 1140 2092; x_wconf 87' lang='lat' dir='ltr'>de</span> <span class='ocrx_word' id='word_1_252' title='bbox 1173 2050 1311 2091; x_wconf 73' lang='lat' dir='ltr'>Divin.</span> <span class='ocrx_word' id='word_1_253' title='bbox 1346 2049 1416 2099; x_wconf 82' lang='lat'>30,</span> <span class='ocrx_word' id='word_1_254' title='bbox 1456 2049 1511 2090; x_wconf 77' lang='lat'>62</span> <span class='ocrx_word' id='word_1_255' title='bbox 1545 2048 1665 2089; x_wconf 86' lang='lat' dir='ltr'>Gellii</span> 
     </span>
     <span class='ocr_line' id='line_1_29' title="bbox 72 2120 1663 2178; baseline -0.004 -12"><span class='ocrx_word' id='word_1_256' title='bbox 72 2125 326 2166; x_wconf 85' lang='lat' dir='ltr'>auctoritate</span> <span class='ocrx_word' id='word_1_257' title='bbox 361 2125 616 2178; x_wconf 72' lang='lat' dir='ltr'>expellenda</span> <span class='ocrx_word' id='word_1_258' title='bbox 649 2126 726 2174; x_wconf 84' lang='lat' dir='ltr'>est,</span> <span class='ocrx_word' id='word_1_259' title='bbox 776 2126 819 2164; x_wconf 88' lang='lat' dir='ltr'>et</span> <span class='ocrx_word' id='word_1_260' title='bbox 860 2123 989 2176; x_wconf 88' lang='lat' dir='ltr'>paulo</span> <span class='ocrx_word' id='word_1_261' title='bbox 1022 2124 1119 2175; x_wconf 81' lang='lat' dir='ltr'>post</span> <span class='ocrx_word' id='word_1_262' title='bbox 1152 2135 1204 2162; x_wconf 77' lang='lat' dir='ltr'>ex</span> <span class='ocrx_word' id='word_1_263' title='bbox 1236 2120 1450 2169; x_wconf 83' lang='lat' dir='ltr'>omnibus,</span> <span class='ocrx_word' id='word_1_264' title='bbox 1500 2120 1663 2172; x_wconf 79' lang='lat' dir='ltr'>opinor,</span> 
     </span>
     <span class='ocr_line' id='line_1_30' title="bbox 72 2189 1666 2250; baseline -0.005 -13"><span class='ocrx_word' id='word_1_265' title='bbox 72 2195 215 2237; x_wconf 83' lang='lat' dir='ltr'>codd.:</span> <span class='ocrx_word' id='word_1_266' title='bbox 250 2209 462 2250; x_wconf 70' lang='lat' dir='ltr'>aayaram</span> <span class='ocrx_word' id='word_1_267' title='bbox 487 2209 686 2249; x_wconf 73' lang='lat' dir='ltr'>responsa</span> <span class='ocrx_word' id='word_1_268' title='bbox 720 2199 840 2249; x_wconf 76' lang='lat' dir='ltr'>atque</span> <span class='ocrx_word' id='word_1_269' title='bbox 873 2195 960 2234; x_wconf 74' lang='lat' dir='ltr'>eius</span> <span class='ocrx_word' id='word_1_270' title='bbox 992 2192 1151 2246; x_wconf 67' lang='lat' dir='ltr'>eolleyic&#39;</span> <span class='ocrx_word' id='word_1_271' title='bbox 1175 2192 1468 2245; x_wconf 71' lang='lat' dir='ltr'>arroyantiam</span> <span class='ocrx_word' id='word_1_272' title='bbox 1492 2189 1666 2244; x_wconf 71' lang='lat' dir='ltr'>impedi-</span> 
     </span>
     <span class='ocr_line' id='line_1_31' title="bbox 72 2259 1665 2319; baseline -0.004 -13"><span class='ocrx_word' id='word_1_273' title='bbox 72 2271 205 2307; x_wconf 80' lang='lat' dir='ltr'>mento</span> <span class='ocrx_word' id='word_1_274' title='bbox 243 2279 326 2309; x_wconf 72' lang='lat' dir='ltr'>uon</span> <span class='ocrx_word' id='word_1_275' title='bbox 364 2266 517 2319; x_wconf 75' lang='lat' dir='ltr'>futura</span> <span class='ocrx_word' id='word_1_276' title='bbox 555 2279 633 2318; x_wconf 89' lang='lat' dir='ltr'>pro</span> <span class='ocrx_word' id='word_1_277' title='bbox 670 2266 879 2318; x_wconf 74' lang='lat' dir='ltr'>futuram,</span> <span class='ocrx_word' id='word_1_278' title='bbox 929 2266 971 2305; x_wconf 88' lang='lat' dir='ltr'>et</span> <span class='ocrx_word' id='word_1_279' title='bbox 1003 2263 1025 2315; x_wconf 62' lang='grc' dir='ltr'>ξ</span> <span class='ocrx_word' id='word_1_280' title='bbox 1061 2262 1114 2303; x_wconf 78' lang='lat'>15</span> <span class='ocrx_word' id='word_1_281' title='bbox 1147 2274 1199 2302; x_wconf 83' lang='lat' dir='ltr'>ex</span> <span class='ocrx_word' id='word_1_282' title='bbox 1230 2261 1342 2311; x_wconf 88' lang='lat' dir='ltr'>Par.,</span> <span class='ocrx_word' id='word_1_283' title='bbox 1392 2260 1492 2310; x_wconf 62' lang='lat' dir='ltr'>Erf„</span> <span class='ocrx_word' id='word_1_284' title='bbox 1542 2259 1665 2301; x_wconf 81' lang='lat' dir='ltr'>codd.</span> 
     </span>
    </p>
   </div>
   <div class='ocr_carea' id='block_1_3' title="bbox 1679 1144 1729 1168">
    <p class='ocr_par' dir='ltr' id='par_1_5' title="bbox 1679 1144 1729 1168">
     <span class='ocr_line' id='line_1_32' title="bbox 1679 1144 1729 1168; baseline 0 0"><span class='ocrx_word' id='word_1_285' title='bbox 1679 1144 1729 1168; x_wconf 77' lang='lat'>512</span> 
     </span>
    </p>
   </div>
   <div class='ocr_carea' id='block_1_4' title="bbox 72 2331 1726 2391">
    <p class='ocr_par' dir='ltr' id='par_1_6' title="bbox 72 2331 1726 2391">
     <span class='ocr_line' id='line_1_33' title="bbox 72 2331 1726 2391; baseline -0.005 -13"><span class='ocrx_word' id='word_1_286' title='bbox 72 2337 244 2378; x_wconf 87' lang='lat' dir='ltr'>Lamb.:</span> <span class='ocrx_word' id='word_1_287' title='bbox 279 2338 475 2391; x_wconf 77' lang='lat' dir='ltr'>quoniam</span> <span class='ocrx_word' id='word_1_288' title='bbox 506 2337 572 2377; x_wconf 78' lang='lat' dir='ltr'>hic</span> <span class='ocrx_word' id='word_1_289' title='bbox 605 2337 716 2377; x_wconf 77' lang='lat' dir='ltr'>loeus</span> <span class='ocrx_word' id='word_1_290' title='bbox 748 2340 804 2376; x_wconf 79' lang='lat' dir='ltr'>est</span> <span class='ocrx_word' id='word_1_291' title='bbox 835 2349 943 2375; x_wconf 73' lang='lat' dir='ltr'>anus</span> <span class='ocrx_word' id='word_1_292' title='bbox 970 2347 1068 2387; x_wconf 87' lang='lat' dir='ltr'>pro:</span> <span class='ocrx_word' id='word_1_293' title='bbox 1101 2346 1210 2373; x_wconf 75' lang='lat' dir='ltr'>unus</span> <span class='ocrx_word' id='word_1_294' title='bbox 1233 2336 1301 2384; x_wconf 79' lang='lat' dir='ltr'>est,</span> <span class='ocrx_word' id='word_1_295' title='bbox 1335 2331 1547 2372; x_wconf 71' lang='lat' dir='ltr'>vocabulo</span> <span class='ocrx_word' id='word_1_296' title='bbox 1569 2343 1666 2383; x_wconf 82' lang='lat' dir='ltr'>gra·</span> <span class='ocrx_word' id='word_1_297' title='bbox 1724 2345 1726 2348; x_wconf 69' lang='grc'>’</span> 
     </span>
    </p>
   </div>
   <div class='ocr_carea' id='block_1_5' title="bbox 73 2406 1671 2812">
    <p class='ocr_par' dir='ltr' id='par_1_7' title="bbox 74 2406 893 2448">
     <span class='ocr_line' id='line_1_34' title="bbox 74 2406 893 2448; baseline -0.002 -1"><span class='ocrx_word' id='word_1_298' title='bbox 74 2407 190 2448; x_wconf 87' lang='lat' dir='ltr'>viore</span> <span class='ocrx_word' id='word_1_299' title='bbox 223 2407 266 2447; x_wconf 91' lang='lat' dir='ltr'>in</span> <span class='ocrx_word' id='word_1_300' title='bbox 297 2407 429 2448; x_wconf 89' lang='lat' dir='ltr'>finem</span> <span class='ocrx_word' id='word_1_301' title='bbox 461 2408 688 2448; x_wconf 80' lang='lat' dir='ltr'>sententiae</span> <span class='ocrx_word' id='word_1_302' title='bbox 721 2406 893 2446; x_wconf 83' lang='lat' dir='ltr'>reiecto.</span> 
     </span>
    </p>

    <p class='ocr_par' dir='ltr' id='par_1_8' title="bbox 73 2472 1671 2812">
     <span class='ocr_line' id='line_1_35' title="bbox 192 2472 1670 2529; baseline -0.005 -10"><span class='ocrx_word' id='word_1_303' title='bbox 192 2477 237 2519; x_wconf 87' lang='lat' dir='ltr'>C.</span> <span class='ocrx_word' id='word_1_304' title='bbox 273 2478 311 2528; x_wconf 84' lang='lat'>7,</span> <span class='ocrx_word' id='word_1_305' title='bbox 349 2478 415 2528; x_wconf 86' lang='grc'>16,</span> <span class='ocrx_word' id='word_1_306' title='bbox 456 2478 531 2519; x_wconf 89' lang='lat' dir='ltr'>ubi</span> <span class='ocrx_word' id='word_1_307' title='bbox 565 2478 726 2518; x_wconf 82' lang='lat' dir='ltr'>editur:</span> <span class='ocrx_word' id='word_1_308' title='bbox 776 2476 826 2516; x_wconf 83' lang='lat' dir='ltr'>de</span> <span class='ocrx_word' id='word_1_309' title='bbox 867 2474 1014 2529; x_wconf 65' lang='lat' dir='ltr'><strong><em>quibus</em></strong></span> <span class='ocrx_word' id='word_1_310' title='bbox 1052 2474 1154 2514; x_wconf 77' lang='lat' dir='ltr'>daos</span> <span class='ocrx_word' id='word_1_311' title='bbox 1185 2477 1456 2527; x_wconf 65' lang='lat' dir='ltr'>prseteoetatos</span> <span class='ocrx_word' id='word_1_312' title='bbox 1487 2472 1670 2512; x_wconf 62' lang='lat' dir='ltr'>sedentes</span> 
     </span>
     <span class='ocr_line' id='line_1_36' title="bbox 73 2542 1668 2602; baseline -0.004 -14"><span class='ocrx_word' id='word_1_313' title='bbox 73 2547 199 2601; x_wconf 73' lang='lat' dir='ltr'>vides,</span> <span class='ocrx_word' id='word_1_314' title='bbox 247 2552 283 2588; x_wconf 89' lang='lat' dir='ltr'>te</span> <span class='ocrx_word' id='word_1_315' title='bbox 321 2548 549 2589; x_wconf 74' lang='lat' dir='ltr'>aediliciam</span> <span class='ocrx_word' id='word_1_316' title='bbox 580 2551 833 2602; x_wconf 66' lang='lat' dir='ltr'>praetextam</span> <span class='ocrx_word' id='word_1_317' title='bbox 865 2550 1014 2600; x_wconf 68' lang='lat' dir='ltr'>tqqam,</span> <span class='ocrx_word' id='word_1_318' title='bbox 1063 2558 1188 2599; x_wconf 72' lang='lat' dir='ltr'>qaamv</span> <span class='ocrx_word' id='word_1_319' title='bbox 1217 2543 1387 2596; x_wconf 70' lang='lat' dir='ltr'>frastra</span> <span class='ocrx_word' id='word_1_320' title='bbox 1419 2542 1668 2595; x_wconf 75' lang='lat' dir='ltr'>confeceras,</span> 
     </span>
     <span class='ocr_line' id='line_1_37' title="bbox 75 2613 1669 2669; baseline -0.003 -11"><span class='ocrx_word' id='word_1_321' title='bbox 75 2618 321 2669; x_wconf 76' lang='lat' dir='ltr'>vendidisse,</span> <span class='ocrx_word' id='word_1_322' title='bbox 369 2619 551 2660; x_wconf 82' lang='lat' dir='ltr'>molesta</span> <span class='ocrx_word' id='word_1_323' title='bbox 591 2618 823 2659; x_wconf 81' lang='lat' dir='ltr'>verborum</span> <span class='ocrx_word' id='word_1_324' title='bbox 863 2615 1164 2665; x_wconf 76' lang='lat' dir='ltr'>redundantia,</span> <span class='ocrx_word' id='word_1_325' title='bbox 1213 2614 1374 2667; x_wconf 90' lang='lat' dir='ltr'>optime</span> <span class='ocrx_word' id='word_1_326' title='bbox 1408 2613 1500 2655; x_wconf 84' lang='lat' dir='ltr'>cod.</span> <span class='ocrx_word' id='word_1_327' title='bbox 1534 2613 1669 2654; x_wconf 86' lang='lat' dir='ltr'>Vatic.</span> 
     </span>
     <span class='ocr_line' id='line_1_38' title="bbox 75 2683 1671 2742; baseline -0.004 -12"><span class='ocrx_word' id='word_1_328' title='bbox 75 2689 232 2730; x_wconf 85' lang='lat' dir='ltr'>omittit</span> <span class='ocrx_word' id='word_1_329' title='bbox 264 2689 503 2739; x_wconf 70' lang='lat' dir='ltr'>aediliciam,</span> <span class='ocrx_word' id='word_1_330' title='bbox 543 2688 659 2742; x_wconf 78' lang='lat' dir='ltr'>quod</span> <span class='ocrx_word' id='word_1_331' title='bbox 692 2689 786 2741; x_wconf 84' lang='lat' dir='ltr'>ipsa</span> <span class='ocrx_word' id='word_1_332' title='bbox 816 2700 885 2728; x_wconf 85' lang='lat' dir='ltr'>res</span> <span class='ocrx_word' id='word_1_333' title='bbox 918 2687 1112 2739; x_wconf 83' lang='lat' dir='ltr'>spurium</span> <span class='ocrx_word' id='word_1_334' title='bbox 1146 2698 1240 2726; x_wconf 81' lang='lat' dir='ltr'>esse</span> <span class='ocrx_word' id='word_1_335' title='bbox 1273 2685 1432 2737; x_wconf 86' lang='lat' dir='ltr'>arguit;</span> <span class='ocrx_word' id='word_1_336' title='bbox 1480 2697 1582 2724; x_wconf 88' lang='lat' dir='ltr'>nam</span> <span class='ocrx_word' id='word_1_337' title='bbox 1616 2683 1671 2724; x_wconf 83' lang='lat' dir='ltr'>ad</span> 
     </span>
     <span class='ocr_line' id='line_1_39' title="bbox 73 2754 1670 2812; baseline -0.003 -14"><span class='ocrx_word' id='word_1_338' title='bbox 73 2764 339 2812; x_wconf 71' lang='lat' dir='ltr'>proetextatos</span> <span class='ocrx_word' id='word_1_339' title='bbox 377 2759 528 2800; x_wconf 88' lang='lat' dir='ltr'>referri</span> <span class='ocrx_word' id='word_1_340' title='bbox 567 2759 696 2800; x_wconf 86' lang='lat' dir='ltr'>debet</span> <span class='ocrx_word' id='word_1_341' title='bbox 732 2762 939 2812; x_wconf 64' lang='lat' dir='ltr'>praetexta</span> <span class='ocrx_word' id='word_1_342' title='bbox 982 2761 1089 2811; x_wconf 67' lang='lat' dir='ltr'>toqa,</span> <span class='ocrx_word' id='word_1_343' title='bbox 1138 2769 1224 2797; x_wconf 92' lang='lat' dir='ltr'>non</span> <span class='ocrx_word' id='word_1_344' title='bbox 1272 2755 1469 2804; x_wconf 68' lang='lat' dir='ltr'>cedilioia,</span> <span class='ocrx_word' id='word_1_345' title='bbox 1517 2754 1670 2795; x_wconf 82' lang='lat' dir='ltr'>saltem</span> 
     </span>
    </p>
   </div>
   <div class='ocr_carea' id='block_1_6' title="bbox 114 2905 1428 2954">
    <p class='ocr_par' dir='ltr' id='par_1_9' title="bbox 114 2905 1428 2954">
     <span class='ocr_line' id='line_1_40' title="bbox 114 2905 1428 2954; baseline -0.004 -8"><span class='ocrx_word' id='word_1_346' title='bbox 114 2909 142 2954; x_wconf 87' lang='lat'>¹)</span> <span class='ocrx_word' id='word_1_347' title='bbox 171 2910 302 2954; x_wconf 89' lang='lat' dir='ltr'>[Immo</span> <span class='ocrx_word' id='word_1_348' title='bbox 328 2911 365 2946; x_wconf 91' lang='lat' dir='ltr'>in</span> <span class='ocrx_word' id='word_1_349' title='bbox 391 2911 470 2946; x_wconf 83' lang='lat' dir='ltr'>Par.</span> <span class='ocrx_word' id='word_1_350' title='bbox 498 2911 662 2945; x_wconf 90' lang='lat' dir='ltr'>nondum</span> <span class='ocrx_word' id='word_1_351' title='bbox 688 2912 828 2944; x_wconf 81' lang='lat' dir='ltr'>tentata</span> <span class='ocrx_word' id='word_1_352' title='bbox 854 2911 957 2943; x_wconf 87' lang='lat' dir='ltr'>erant</span> <span class='ocrx_word' id='word_1_353' title='bbox 982 2909 1121 2942; x_wconf 84' lang='lat' dir='ltr'>lacunae</span> <span class='ocrx_word' id='word_1_354' title='bbox 1147 2905 1428 2952; x_wconf 69' lang='lat' dir='ltr'>supplementa]</span> 
     </span>
    </p>
   </div>
  </div>
 </body>
</html>
