1915 3235
926 174 1013 215 614

169 304 359 345 iudicum
403 316 629 345 consessus
678 303 973 357 aequabilitate
1021 303 1211 356 quadam
1260 316 1312 344 ex
1358 304 1496 345 tribus
1546 303 1767 345 ordinibus

169 375 437 416 misceretur.
503 370 699 427 1842.]¹)
760 374 885 415 Initio
929 387 1080 416 omnes
1124 374 1288 416 iudices
1331 374 1516 416 tabellas
1558 374 1602 416 in
1633 388 1767 416 unam

172 445 323 487 cistam
364 444 662 495 conficiebant,
711 447 771 496 ut,
821 445 941 487 cuius
981 445 1171 487 maxime
1210 445 1371 486 ordinis
1413 445 1636 487 sententiis
1668 458 1767 488 reus

171 516 325 569 aliquis
358 515 582 558 absolutus
616 516 903 558 damnatusve
936 518 1064 567 esset,
1098 515 1196 557 seiri
1227 529 1315 557 non
1345 518 1506 569 posset.
1554 516 1602 558 Id
1624 518 1768 559 muta-

169 587 231 628 vit
261 587 330 628 lex
362 586 496 637 Fufia,
546 600 678 641 quam
717 587 768 638 Q.
801 587 947 629 Fufius
985 587 1170 629 Calenus
1210 589 1371 640 praetor
1403 600 1442 629 a.
1475 586 1530 628 59
1562 587 1673 638 tulit,
1720 589 1769 629 ut

170 671 366 700 seorsum
398 657 554 711 singuli
586 657 758 699 ordines
797 658 1034 700 sententias
1075 657 1250 699 ferrent.
1263 654 1298 710 2)
1360 658 1512 711 Itaque
1546 660 1588 699 et
1620 658 1769 701 Cicero

171 728 245 784 (ad
267 729 347 780 Qu.
370 729 438 770 Fr.
459 729 508 779 ΙΙ,
532 729 557 770 6
582 727 663 782 [4],
688 729 727 779 6,
752 731 795 770 et
819 729 885 780 13,
910 727 954 782 3)
978 732 1021 770 et
1044 729 1256 771 Asconius
1283 728 1343 782 (in
1368 732 1476 771 orat.
1501 743 1580 783 pro
1605 730 1768 772 Scauro

171 803 214 843 et
245 814 323 854 pro
355 798 460 853 Mil.)
494 799 636 842 sciunt
668 804 711 841 et
742 799 1033 850 dinumerant,
1074 802 1179 854 quot
1217 799 1261 841 in
1301 813 1473 854 quaque
1506 800 1613 842 cista
1645 801 1768 842 dam-

170 872 364 922 natoriae⁷
399 873 505 925 quot
536 871 814 913 absolutoriae
847 871 1073 913 sententiae
1106 871 1279 913 fuerint.
1292 867 1327 924 3)

208 1034 236 1080 ¹)
262 1035 330 1080 [De
357 1036 481 1071 Clodio
506 1036 634 1070 incesti
661 1039 830 1070 accusato
863 1037 1053 1071 sententiae
1085 1035 1130 1069 56
1162 1036 1245 1070 latae
1277 1039 1473 1070 narrantur
1504 1036 1603 1080 apud
1629 1036 1698 1070 Cic.
1725 1036 1772 1070 ad

264 1095 338 1130 Att.
365 1095 391 1137 I,
419 1094 473 1136 16,
502 1094 534 1137 5,
561 1095 673 1129 schol.
700 1095 868 1129 Ambros.
895 1107 929 1139 p.
956 1094 1026 1129 330
1053 1098 1088 1130 et
1113 1094 1192 1129 338.
1233 1095 1382 1130 Frustra
1402 1095 1631 1139 Goettlingius
1653 1106 1687 1140 p.
1702 1094 1771 1129 476

264 1165 460 1189 numerum
494 1153 538 1187 70
575 1154 738 1188 iudicum
774 1157 857 1198 post
893 1154 1009 1199 legem
1044 1154 1182 1189 Aurelii
1214 1154 1327 1190 Cottae
1358 1155 1396 1189 in
1429 1154 1599 1189 omnibus
1631 1154 1771 1189 iudiciis

263 1214 375 1248 fuisse
402 1213 545 1248 efficere
571 1216 735 1253 conatur,
762 1213 896 1248 oblitus
922 1214 1033 1248 etiam
1059 1214 1233 1248 orationis
1258 1224 1324 1258 pro
1349 1213 1489 1248 Flacco.
1527 1213 1600 1248 Nec
1625 1214 1772 1258 probari

264 1276 429 1317 possunt,
456 1283 537 1317 quae
563 1273 608 1307 de
634 1272 749 1307 Clodii
775 1283 885 1307 causa
910 1273 1137 1318 excogitavit.
1190 1270 1311 1316 1842]

208 1329 236 1375 ²)
262 1332 328 1366 Dio
347 1332 444 1367 Cass.
462 1332 656 1374 XXXVIII,
681 1330 714 1373 8,
741 1342 851 1376 quem
877 1331 999 1367 locum
1024 1336 1121 1367 recte
1138 1332 1305 1367 Baiterus
1330 1331 1509 1366 intellexit
1534 1330 1586 1374 (in
1611 1331 1685 1366 ind.
1703 1331 1770 1376 leg.

265 1403 298 1426 v.
324 1390 461 1435 Fufia),
501 1402 615 1435 quum
653 1391 855 1436 superiores
894 1392 938 1426 de
976 1391 1130 1426 comitiis
1168 1402 1249 1426 eam
1282 1391 1399 1436 legem
1431 1391 1544 1425 latam
1570 1394 1770 1435 putassent,

265 1451 363 1495 quod
389 1454 425 1484 et
451 1450 562 1485 verba
588 1450 783 1495 prohibent
813 1450 1048 1494 (φιλονεικίαι
1081 1454 1117 1485 et
1147 1449 1247 1494 γένη)
1280 1453 1315 1485 et
1347 1461 1414 1485 res.
1465 1450 1562 1484 Nihil
1595 1450 1694 1484 enim
1728 1461 1772 1485 ex

264 1509 319 1550 iis,
357 1521 438 1554 quae
469 1509 518 1543 ibi
551 1509 732 1551 dicuntur,
772 1509 817 1543 ad
849 1511 996 1545 comitia
1022 1508 1289 1545 accommodari
1314 1512 1412 1544 recte
1437 1512 1566 1553 potest.
1617 1507 1771 1552 [Eadem

264 1571 389 1603 tamen
421 1569 687 1603 sententiarum
719 1568 830 1603 trium
861 1569 1031 1604 ordinum
1064 1568 1246 1604 distinctio
1278 1569 1376 1613 apud
1408 1568 1608 1603 Asconium
1640 1568 1771 1613 signifi-

265 1631 368 1662 catur
393 1627 466 1662 iam
493 1628 529 1662 in
556 1628 719 1663 Catilinae
744 1628 888 1670 iudicio,
927 1629 1024 1674 quod
1050 1640 1082 1663 a.
1109 1628 1154 1662 65
1180 1629 1318 1663 factum
1345 1631 1409 1669 est,
1442 1627 1479 1662 in
1505 1630 1595 1662 orat.
1622 1627 1659 1662 in
1684 1627 1770 1672 Tog.

265 1686 377 1721 Cand.
403 1698 437 1731 p.
466 1686 534 1720 115
559 1687 642 1721 Hot.
694 1685 813 1730 1842]

209 1742 237 1789 ³)
264 1744 369 1789 [Quae
394 1746 614 1780 Niebuhrius
640 1745 677 1780 in
703 1746 794 1780 Hist.
820 1746 926 1781 Rom.
954 1746 969 1779 I
994 1757 1028 1790 p.
1054 1745 1135 1787 464,
1169 1746 1200 1780 II
1226 1757 1261 1790 p.
1287 1745 1356 1779 454
1383 1746 1427 1780 de
1452 1745 1609 1780 tribunis
1636 1745 1770 1780 aerariis

265 1804 396 1848 posuit,
435 1805 535 1840 nullo
567 1816 687 1850 neque
718 1808 934 1850 argumento
960 1816 1079 1850 neque
1104 1805 1313 1840 testimonio
1339 1804 1563 1847 confirmata,
1602 1815 1648 1839 ne
1673 1815 1770 1839 nunc

267 1863 414 1907 quidem
432 1864 652 1912 ‘attingenda
677 1867 777 1909 puto,
805 1864 871 1898 etsi
898 1864 976 1905 fuit,
1003 1864 1066 1908 qui
1092 1875 1220 1899 eorum
1247 1864 1471 1899 mentionem
1497 1864 1535 1898 in
1561 1864 1628 1898 hac
1650 1863 1769 1908 dispu-

266 1922 403 1958 tatione
429 1923 660 1958 desideraret.
714 1921 833 1966 1842]
