1915 3235
836 99 920 140 379

85 233 161 279 est,
210 243 342 282 quum
391 231 622 281 quaeratur,
670 229 969 281 pertineantne
1016 227 1095 280 ipsi
1135 228 1191 268 ad
1229 228 1354 277 hanc,
1403 241 1452 268 ex
1498 226 1669 280 aliena),

85 301 205 342 verbi
237 301 374 353 gratia
408 312 459 340 ex
493 299 800 349 Crustumeria,
835 312 967 352 quum
1000 297 1200 339 Aniensis
1233 299 1399 339 citetur.
1449 298 1546 339 Ima
1573 311 1671 351 per-

85 370 379 412 versissimum
414 372 491 410 est.
553 370 665 410 Nam
697 383 838 423 neque
869 370 956 410 ulla
988 369 1069 409 fuit
1099 368 1236 409 tribus
1276 369 1375 418 ima,
1425 369 1504 410 etsi
1546 371 1672 422 quat-

84 443 182 483 tuor
213 442 391 482 urbanae
424 440 597 493 reliquis
638 440 859 482 inferiores
900 442 1034 490 erant,
1084 441 1126 480 et
1167 439 1302 479 multo
1347 439 1488 480 minus
1532 442 1673 481 certus

86 512 190 553 ordo
221 511 446 553 hominum
478 511 521 551 in
552 511 728 564 singulis
771 511 984 561 tribubus,
1032 513 1080 551 ut
1122 511 1207 550 ima
1248 508 1359 549 triba
1402 509 1484 550 dici
1528 512 1674 562 posset

86 582 454 636 quemadmodum
489 583 574 622 ima
597 582 729 636 plebe.
792 582 845 622 Et
877 581 979 634 quid
1010 581 1053 621 id
1086 580 1141 621 ad
1180 593 1286 624 rem,
1336 579 1570 621 dummodo
1609 580 1674 621 ius

87 653 278 706 suffragii
310 653 353 693 in
385 665 436 694 ea
468 652 583 693 tribu
615 653 856 694 haberent?
904 653 1125 704 Sequitur:
1175 650 1239 691 De
1270 664 1346 702 me,
1381 664 1498 704 quem
1530 655 1674 704 tyran-

87 737 185 765 nam
218 728 338 778 atque
370 728 594 777 ereptorem
619 723 822 764 libertatis
847 737 929 764 esse
960 723 1132 775 (licebat,
1165 723 1205 761 in
1242 721 1314 761 illa
1347 721 1475 761 ruina
1507 722 1568 761 rei
1590 734 1675 774 pa-

88 795 215 846 blicce,
249 795 350 835 (licit
381 808 422 836 36
454 795 580 849 leyem
608 795 763 836 tulisse.
811 793 1087 835 Incommode
1110 792 1351 833 subiectum
1375 791 1508 840 deest,
1542 804 1675 844 quum

87 866 282 919 proxime
329 866 551 918 superiora
604 865 803 906 universe
852 865 1067 913 dicantur,
1117 862 1264 904 Clodio
1310 875 1396 902 non
1445 862 1675 914 appellato.

88 936 200 977 Tum
233 949 388 988 parum
422 938 522 988 apte
555 936 690 977 Clodii
723 935 962 976 orationem
996 935 1239 987 exprimens
1272 932 1482 974 admiscet
1515 946 1566 974 ex
1599 946 1678 974 sua

87 1019 272 1060 persona
303 1007 349 1047 in
382 1007 456 1046 illa
489 1007 629 1047 ruina.
692 1006 799 1047 Haec
831 1005 1100 1058 corriguntur
1139 1008 1325 1056 recepta,
1375 1017 1506 1056 quam
1548 1017 1677 1045 nemo

87 1077 304 1118 mentione
339 1077 511 1130 dignam
544 1077 678 1126 duxit,
721 1077 915 1118 codicum
948 1076 1172 1128 scriptura,
1214 1087 1301 1116 non
1333 1074 1471 1115 solum
1504 1074 1602 1115 Par.
1637 1076 1679 1115 et

87 1148 257 1198 Bernn.,
277 1148 352 1188 sed
365 1148 391 1188 5
404 1147 526 1196 Oxx.,
546 1150 592 1188 ut
606 1147 729 1188 facile
745 1149 966 1200 appareat,
987 1147 1169 1188 eandem
1187 1146 1230 1186 in
1248 1145 1513 1186 Gruterianis
1526 1144 1677 1186 fuisse:

89 1219 154 1260 De
185 1232 260 1271 me,
294 1232 411 1273 quem
435 1222 662 1272 tyrcmnmn
689 1222 809 1273 atqae
834 1222 1058 1271 ereptorem
1083 1217 1287 1258 libertatis
1311 1229 1393 1256 6336
1418 1215 1578 1256 dicebat
1603 1216 1680 1256 illa

90 1290 217 1330 ruina
234 1288 499 1343 reipublicae,
519 1288 620 1328 (licit
636 1302 676 1329 36
689 1289 815 1342 leyem
829 1289 888 1329 tal
893 1289 982 1329 isse.
1017 1288 1203 1328 Ruinam
1221 1286 1470 1340 reipubliece
1483 1287 1679 1328 Clodium

90 1363 215 1401 vocat
231 1360 417 1412 imagine
435 1359 608 1408 rariore,
629 1372 756 1411 quem
776 1359 877 1400 alibi
887 1364 1057 1412 pestem,
1077 1359 1370 1409 calamitatem,
1389 1357 1569 1410 fariam.
1613 1357 1681 1398 Sic

90 1431 143 1471 de
165 1444 284 1483 prOV.
309 1443 424 1471 cons.
453 1430 492 1479 6,
530 1430 582 1470 13
611 1429 811 1470 Pisonem
847 1432 889 1471 et
921 1429 1151 1470 Gabinium
1176 1429 1499 1482 publicanorum
1533 1429 1682 1469 ruinas

91 1502 293 1555 appellat.
341 1501 475 1542 Paulo
508 1503 605 1553 post
638 1499 660 1552 ἓ
696 1501 791 1550 110,
826 1500 899 1540 ubi
933 1500 1090 1541 Gellius
1124 1499 1367 1553 appellatur
1399 1499 1516 1539 liomo
1541 1498 1682 1551 frati-'e

93 1573 303 1627 incliynas,
355 1573 441 1612 ciro
473 1572 706 1612 clarissime
749 1576 868 1626 atque
911 1572 1061 1624 optimo
1104 1570 1278 1619 consule,
1327 1569 1509 1611 Orellius
1552 1570 1681 1622 paulo

90 1642 373 1696 negligentius
413 1656 465 1684 ex
503 1642 666 1684 maiore
712 1642 897 1683 editione
938 1641 1228 1693 transcripsit,
1278 1654 1374 1693 quae
1416 1641 1497 1689 ibi,
1546 1640 1682 1682 Gara-

91 1715 257 1755 tonium
290 1718 475 1763 secutus,
523 1726 610 1754 non
650 1725 754 1754 sane
795 1712 1038 1765 probabilia
1080 1712 1376 1764 disputaveret
1414 1714 1562 1753 contra
1595 1725 1681 1761 eos,

93 1785 165 1837 qui
197 1797 283 1825 non
315 1784 524 1833 ferebant,
566 1785 611 1825 L.
646 1784 842 1832 Gellium,
882 1784 953 1835 qui
987 1796 1025 1823 a.
1059 1783 1144 1824 (382
1177 1781 1324 1823 consul
1358 1781 1520 1831 fuisset,
1570 1795 1683 1823 nunc

94 1855 150 1909 (a.
185 1854 287 1907 698)
321 1855 540 1896 consulem
574 1855 668 1904 dici,
718 1867 850 1906 quum
890 1853 982 1906 ipse
1021 1854 1167 1895 statim
1209 1852 1408 1894 subiiciat
1440 1853 1682 1894 scholiastae

92 1927 288 1967 Vaticani
335 1926 659 1967 annotationem
707 1924 852 1966 omnia
900 1924 1214 1976 expedientem.
1277 1923 1427 1964 Frater
1467 1923 1581 1964 enim
1619 1923 1684 1963 in-

93 1997 296 2050 telligitur
335 2010 421 2038 non
459 1997 528 2037 ille
570 1997 615 2037 L.
650 1996 821 2045 Gellius,
870 1995 945 2036 sed
992 1995 1185 2035 uterinus
1234 1995 1279 2035 L.
1319 1993 1556 2046 Philippus,
1604 1994 1684 2035 hoc

95 2068 187 2120 ipso
221 2080 334 2108 anno
378 2067 538 2108 consul.
601 2067 670 2107 Ad
716 2067 828 2107 hanc
876 2066 1134 2106 sententiam
1177 2065 1264 2105 iam
1306 2065 1473 2117 pridem
1518 2065 1686 2106 adiecta

95 2138 231 2179 vitrici
263 2138 449 2191 Philippi
480 2138 642 2178 mentio
674 2138 929 2189 interpretes
964 2136 1179 2177 adducere
1212 2136 1435 2176 debuerat.
1485 2135 1686 2188 Sequitur

95 2209 212 2250 locus
244 2209 370 2250 valde
409 2209 578 2258 dubius,
628 2209 669 2249 in
712 2222 796 2260 quo
834 2208 992 2249 Bernn.
1026 2209 1068 2248 et
1101 2207 1194 2248 cod.
1226 2206 1315 2246 Vic.
1348 2206 1531 2246 habent:
1580 2205 1687 2246 niliil

95 2293 195 2320 sane
227 2284 323 2320 attce
356 2279 555 2320 iuvabant
587 2283 827 2333 clieaynostce
866 2277 1009 2331 (Bern.
1041 2278 1195 2318 saltem
1236 2275 1522 2330 (cnslnynostoe)
1561 2276 1688 2316 libelli

89 2364 171 2404 pro
203 2351 296 2391 'cino
329 2351 453 2391 etiam
484 2363 591 2403 scepe
623 2349 1027 2403 oppigynerabcmtar;
1059 2347 1312 2389 Parisiensis
1342 2349 1501 2396 autem,
1536 2346 1687 2388 mediis

96 2421 263 2462 omissis
296 2422 385 2462 sive
417 2434 573 2470 errore,
623 2421 712 2461 sive
745 2420 860 2472 quod
901 2420 1013 2460 lectu
1053 2418 1242 2460 difficilia
1282 2420 1425 2459 erant:
1473 2417 1581 2458 nillil
1622 2431 1687 2458 sa-

98 2496 214 2546 neate
259 2491 386 2532 libelli
424 2505 507 2545 pro
556 2492 647 2532 iiim
695 2492 818 2531 etiam
865 2504 971 2544 scepe
1017 2489 1415 2544 oppzssynerabaniam·.
1493 2488 1546 2528 Et
1593 2492 1688 2528 aare

98 2563 270 2616 quidem
303 2563 407 2603 nihil
448 2565 524 2613 est,
572 2575 651 2603 nec
690 2562 758 2602 hic
797 2562 931 2602 ullum
971 2574 1143 2610 nomen,
1191 2560 1350 2601 nedum
1399 2558 1565 2612 plurale
1614 2561 1689 2599 aut

97 2636 237 2686 poetae
270 2633 422 2682 Latini,
470 2633 572 2685 poni
610 2632 763 2685 potuit.
833 2632 1117 2684 Transposita
1156 2631 1367 2684 particula
1406 2631 1530 2670 etiam
1569 2628 1689 2681 (nam

98 2705 141 2745 in
172 2704 422 2756 vulgaribus
454 2703 713 2744 editionibus
735 2705 834 2755 post
861 2702 989 2743 libelli
1010 2701 1284 2755 ponebatur),
1318 2703 1451 2754 patet,
1485 2700 1689 2741 substan-

98 2774 186 2815 tiva
233 2774 336 2827 (non
384 2774 523 2815 solum
573 2778 832 2827 (cnaynestce,
884 2775 932 2813 ut
977 2774 1020 2813 in
1067 2773 1275 2814 Matthiaei
1323 2769 1585 2823 coniectura)
1634 2770 1691 2811 ad

98 2845 284 2897 priorem
316 2847 485 2898 partem
519 2845 742 2885 sententiae
775 2845 1003 2896 pertinere.
1053 2843 1302 2896 Corrigendi
1333 2843 1554 2884 lenissima
1585 2841 1690 2882 mihi

98 2915 208 2957 ratio
240 2915 481 2966 videbatur,
514 2918 563 2956 ut
594 2915 873 2957 scriberetur:
909 2913 1029 2955 Nilzil
1060 2928 1160 2955 sane
1193 2914 1323 2955 Attici
1358 2912 1556 2954 iuvabant
1587 2926 1690 2952 <uca-

1693 520 1744 545 489

1708 2571 1760 2595 490
