1915 3235
919 88 1005 129 298

166 222 419 264 iudiciorum
453 218 719 272 comparatio
752 219 899 270 inepta
932 216 1024 258 erit.
1086 217 1175 258 Nec
1215 217 1341 259 video
1374 218 1618 270 quaesitum,
1666 220 1762 271 qui-

166 306 267 334 nam
301 292 460 333 fuerint
491 291 533 331 in
566 290 659 331 aliis
691 289 856 330 iudiciis
890 288 1152 338 laudatores,
1194 301 1377 341 quorum
1412 291 1577 330 certum
1608 302 1761 331 nume-

96 376 146 401 3ῡὸ
166 377 261 405 rum
296 361 561 404 consuetudo
594 359 846 413 postularit;
885 359 929 400 in
967 358 1146 412 privatis
1180 359 1355 412 quidem
1388 372 1604 412 nusquam
1638 360 1762 402 datos

95 1792 146 1817 3⁴39

166 434 346 488 reperio.
395 432 481 474 Sed
513 431 696 477 difficilis
730 433 807 481 est,
841 431 877 472 si
909 430 1119 471 mendum
1153 432 1230 480 est,
1265 430 1579 472 emendationis
1612 432 1762 472 inven-

166 506 237 555 tio,
272 504 402 546 moris
435 503 646 544 memoria
678 502 863 543 fortasse
897 501 1160 542 oblitterata.
1177 498 1210 553 1)

285 575 575 617 Confirmatur
621 573 826 614 iudicium
874 586 1021 614 meum
1070 572 1122 613 de
1156 571 1496 625 Guelferbytano
1537 572 1678 625 priore
1720 574 1765 614 in

168 661 201 688 c.
236 647 304 696 26,
339 646 408 696 67,
442 645 516 686 ubi
548 658 626 697 pro
660 657 723 694 eo,
764 644 880 697 quod
913 646 979 685 est
1011 644 1055 684 in
1087 642 1180 684 cod.
1214 656 1301 696 reg.
1337 645 1379 684 et
1409 643 1545 684 Paris.
1580 644 1694 685 7774
1725 644 1765 685 Α

167 718 233 771 (V
232 719 342 758 ioum
375 722 419 757 tu
460 716 770 770 archipiratam
813 714 1032 756 servabas:
1075 714 1183 768 quo?
1214 728 1296 768 per
1328 714 1600 768 triumphum,
1643 715 1766 756 eredo

167 787 279 840 cet),
313 800 446 840 quum
480 788 715 828 deteriores
748 786 942 828 habeant
974 799 1105 840 quem,
1140 785 1174 826 is
1208 798 1379 838 quoque
1401 785 1764 838 interpretamen-

166 862 258 900 tum
292 859 467 912 oggerit,
517 872 642 913 quam
681 857 728 898 ob
769 871 869 898 rem.
932 857 1027 898 Non
1068 869 1213 906 causa,
1262 855 1339 897 sed
1379 856 1603 897 consilium
1636 857 1766 910 signi-

165 930 334 971 ficatur.
382 929 498 970 Idem
534 929 669 970 codex
701 928 880 978 obstitit,
916 926 1145 980 quominus
1180 939 1214 968 c.
1249 927 1318 978 30,
1355 927 1407 968 78
1441 927 1632 968 vinceret
1666 927 1765 968 reli-

166 1014 349 1055 quorum
383 1001 576 1042 oninium
610 1002 652 1041 et
691 999 905 1041 bonorum
951 1000 993 1039 et
1037 997 1300 1038 deteriorum
1343 997 1557 1051 scriptura
1600 1000 1765 1040 temere

165 1073 207 1113 in
233 1072 330 1114 edd.
359 1072 575 1125 plerisque
599 1073 790 1112 mutata:
826 1069 962 1122 Nune,
997 1083 1123 1124 quum
1154 1069 1293 1109 vivum
1324 1070 1459 1110 nescio
1492 1083 1610 1124 quem
1641 1070 1767 1110 istum

157 1143 374 1197 producis,
408 1148 547 1183 tamen
578 1147 614 1183 te
646 1141 835 1182 derideri
867 1140 1004 1181 vides:
1047 1139 1161 1194 quid,
1201 1141 1239 1180 si
1271 1139 1519 1194 aufuyisset,
1560 1141 1597 1181 sz'
1627 1141 1766 1181 vinela

167 1215 357 1268 rupis-set,
393 1237 447 1242 —
480 1213 582 1268 quid
614 1212 803 1254 diceres?
847 1212 891 1253 id
938 1214 1023 1253 est:
1072 1224 1324 1264 quanquam
1372 1225 1460 1252 non
1507 1211 1550 1252 id
1597 1212 1764 1262 accidit,

167 1286 280 1338 quod
329 1285 524 1326 accidere
572 1284 724 1337 potuit,
772 1286 920 1324 tamen
960 1284 1047 1324 iam
1086 1295 1202 1323 nunc
1240 1282 1447 1324 derideris
1479 1295 1560 1323 nec
1591 1282 1766 1324 invento

167 1357 375 1405 creditur,
409 1356 513 1409 quid
545 1355 579 1397 si
612 1357 721 1397 cet.‘?
766 1354 879 1405 Quid
913 1353 1134 1406 apertius?
1174 1352 1398 1406 Zumptius
1432 1366 1484 1394 ex
1516 1353 1587 1395 illo
1620 1353 1768 1395 codice

167 1427 299 1469 edidit
332 1432 507 1477 tcmtfzmz,
541 1429 802 1479 secutusque
835 1428 900 1466 est
932 1424 1131 1474 Orellius,
1165 1424 1238 1477 qui
1270 1424 1314 1465 in
1346 1438 1527 1477 operum
1551 1424 1766 1467 Ciceronis

167 1499 352 1540 editione
366 1503 505 1539 tmnen
516 1500 730 1547 tenuerat,
748 1497 844 1546 hoc,
863 1497 1028 1549 opinor,
1048 1507 1199 1536 sensu:
1218 1509 1333 1537 nunc
1350 1497 1521 1537 tantum
1539 1495 1767 1545 derideris3

167 1570 201 1612 si
234 1570 486 1622 aufugisset,
519 1568 692 1622 gravius
726 1566 887 1620 aliquid
919 1566 1173 1619 patiendum
1204 1566 1369 1608 fuisset.
1418 1566 1618 1608 Debebat
1651 1580 1766 1609 esse:

166 1647 329 1683 tcmtmn
362 1641 551 1682 derideri
583 1646 632 1681 te.
697 1639 785 1680 Nec
819 1640 922 1691 apta
955 1637 1028 1678 illa
1067 1638 1382 1678 sententiarum
1423 1637 1670 1679 consecutio
1703 1640 1768 1679 est

167 1713 223 1755 ad
255 1716 392 1755 totam
426 1712 765 1765 disputationem
809 1709 861 1750 de
901 1708 1246 1759 incredibilitate,
1295 1711 1343 1750 ut
1384 1709 1445 1750 ita
1489 1708 1643 1758 dicam,
1692 1710 1766 1750 rei.
1815 1710 1818 1712 ’

167 1783 372 1825 Eiusdem
419 1782 643 1836 particulae
691 1779 997 1833 compendium
1046 1779 1158 1821 infra
1205 1781 1275 1831 41,
1329 1780 1407 1821 107
1457 1780 1500 1820 in
1539 1779 1692 1821 Guelff.
1727 1782 1769 1821 et

167 1855 284 1896 Leid.
319 1857 570 1907 corruptum
614 1855 720 1902 erat,
768 1851 843 1892 ubi
876 1850 1060 1892 Orellius
1105 1864 1255 1892 verum
1298 1851 1417 1892 vidit.
1489 1851 1626 1892 Paulo
1670 1854 1769 1904 post

168 1939 202 1966 c.
237 1926 306 1975 32,
348 1926 403 1967 83
436 1928 479 1966 et
510 1925 735 1977 Zumptius
779 1925 820 1963 et
859 1921 1043 1963 Orellius
1082 1923 1259 1963 tuentur
1290 1921 1441 1975 populi
1480 1922 1664 1964 Romani
1694 1936 1768 1963 no-

167 2010 257 2037 men
293 1997 503 2051 (cttimsmet
535 1997 685 2037 contra
726 1994 941 2039 bonorum
984 1993 1107 2034 codd.
1148 1992 1406 2045 scripturam
1439 1994 1644 2048 populum
1682 1993 1770 2034 Ro-

168 2082 340 2108 manum
373 2068 602 2121 attinyunt3
635 2079 714 2107 nec
746 2065 851 2106 mihi
884 2066 1032 2105 tamen
1065 2063 1351 2105 satisfaciunt.
1415 2064 1601 2117 Zumptii
1635 2065 1770 2118 expli-

207 2277 235 2321 1)
261 2279 492 2321 Occuarrebt,
526 2291 600 2314 una
625 2280 746 2314 littera
771 2282 925 2320 mutata,
953 2284 991 2312 ut
1020 2280 1056 2312 in
1082 2279 1237 2319 indiciis,
1276 2277 1312 2311 id
1339 2280 1403 2319 est,
1443 2277 1589 2321 quando
1616 2277 1695 2321 quis
1722 2277 1768 2311 ab

263 2338 380 2372 indice
406 2339 549 2383 publice
575 2338 787 2373 nominatus
813 2341 923 2372 testes
949 2336 1139 2382 probitatis
1172 2340 1207 2371 et
1233 2337 1440 2371 laudatores
1467 2337 1528 2370 dat
1537 2349 1545 2378 ;
1584 2336 1646 2370 sed
1678 2336 1768 2370 nihil

264 2397 416 2432 affirmo.
467 2398 580 2432 Paulo
607 2402 688 2442 post
722 2409 750 2432 c.
777 2396 834 2439 25,
875 2396 918 2430 64
958 2396 1086 2431 eadem
1125 2400 1179 2430 est
1217 2395 1383 2430 codicum
1421 2395 1549 2429 divisio
1581 2395 1618 2429 in
1650 2395 1770 2430 verbis

263 2458 535 2500 synzphom'acos
561 2458 718 2491 homines
743 2468 815 2500 seoe,
843 2467 953 2500 quam
980 2455 1081 2499 tetigi
1107 2455 1315 2499 aliquoties;
1343 2465 1427 2488 cum
1446 2454 1655 2498 vulgaribus
1674 2453 1768 2498 prin-

264 2516 360 2559 cipes
387 2516 579 2550 meliorum
605 2515 691 2560 (reg.
719 2519 754 2550 et
780 2515 860 2549 Par.
890 2513 996 2557 7774)
1030 2514 1189 2548 retinent
1214 2516 1383 2555 homines,
1418 2513 1514 2557 quod
1541 2512 1696 2546 addatur
1721 2523 1767 2546 an

264 2575 464 2616 omittatur,
490 2586 563 2609 non
589 2575 748 2609 multum
773 2574 935 2609 interest.
976 2574 1103 2617 Itaque
1129 2584 1214 2607 casu
1241 2573 1374 2607 excidit
1400 2583 1443 2606 ex
1470 2571 1616 2606 illorum
1641 2582 1768 2616 propa—

263 2634 355 2678 gine.
406 2634 491 2667 Haec
517 2645 631 2678 quum
657 2634 702 2668 sit
727 2637 904 2678 perpetua
936 2643 1039 2677 paene
1065 2632 1168 2674 ratio,
1206 2632 1327 2666 nescio
1360 2642 1406 2665 an
1440 2630 1477 2664 in
1503 2641 1532 2665 c.
1558 2629 1615 2671 29,
1656 2629 1697 2662 74
1724 2640 1768 2664 ex

265 2693 504 2727 vetustiorum
529 2694 691 2727 horreris
716 2692 837 2737 potius
863 2692 1072 2726 faciendum
1098 2691 1207 2725 fuerit
1231 2692 1396 2725 horreres
1429 2700 1551 2734 quam,
1578 2689 1766 2733 ,quomodo

265 2752 300 2785 in
327 2751 454 2786 Guelff.
483 2752 717 2786 emendatum
744 2755 808 2793 est,
835 2752 1033 2786 horrueris.
1078 2750 1254 2785 Additum
1281 2761 1302 2784 a
1327 2748 1496 2793 Zumptio
1525 2750 1555 2782 is
1580 2759 1652 2782 non
1679 2750 1767 2792 puto

264 2810 508 2845 necessarium
546 2822 613 2845 nec
651 2811 695 2845 de
732 2810 893 2845 secunda
931 2820 1086 2853 persona
1123 2809 1160 2843 in
1194 2812 1269 2843 tam
1302 2808 1403 2843 brevi
1429 2807 1602 2843 orationis
1627 2806 1768 2841 ambitu

265 2870 344 2903 dici.
402 2869 458 2903 Sic
492 2869 622 2903 melius
655 2880 800 2913 quoque
832 2868 1048 2912 perspicitur
1080 2878 1188 2902 causa
1220 2867 1407 2911 scripturae
1439 2866 1615 2901 librorum
1647 2866 1768 2910 vulga—

265 2928 359 2962 rium
385 2929 568 2962 horrebas.
