1915 3235
935 109 991 150 24

166 244 377 286 Iuvenalis
410 241 551 284 satiris
583 239 810 294 ponendae,
845 251 978 291 quum
1011 239 1188 290 propter
1219 236 1413 289 ipsarum
1446 235 1758 287 difficultatem,

163 319 259 357 tum
293 314 408 367 quod
440 313 497 354 ad
529 325 602 354 eas
636 308 901 352 enarrandas
940 321 1020 349 nec
1061 307 1184 348 multi
1224 309 1499 349 accesserunt
1536 320 1616 348 nec
1654 307 1759 348 satis

164 385 358 439 plerique
391 382 586 425 instructi
619 381 676 423 ad
715 393 812 421 eam
855 393 947 420 rem
981 379 1208 431 agendam.
1272 378 1415 428 Quum
1457 377 1570 419 enim
1609 377 1761 430 pleris-

165 470 261 510 que,
311 454 426 508 quod
466 453 510 494 in
549 450 851 493 vetustissimis
890 449 984 499 illis,
1033 449 1275 499 Calderino,
1323 448 1570 490 Britannico
1602 448 1762 501 quique

164 527 276 568 circa
316 539 412 567 eam
454 526 628 565 aetatem
668 522 856 571 fuerunt,
905 520 1132 561 ferendum
1181 523 1258 571 est,
1307 519 1504 561 subtilior
1551 519 1762 561 sermonis

162 597 303 640 Latini
337 595 521 649 cognitio
555 594 737 642 deesset,
786 592 878 633 sine
921 605 1008 644 qua
1047 605 1175 633 nemo
1215 593 1358 644 potest
1397 590 1543 632 omnia
1582 589 1762 643 vestigia.

162 668 393 709 verborum
442 665 643 719 persequi
691 666 733 705 et
781 677 832 704 ex
879 662 928 703 iis
968 662 1028 703 ita
1066 662 1326 703 sententiam
1371 674 1533 711 eruere,
1581 663 1630 702 ut
1675 674 1762 702 non

161 738 314 787 solum,
349 737 452 790 quid
483 736 619 777 verba
651 734 903 788 significent,
937 734 1096 784 videat,
1136 734 1225 783 sed,
1267 732 1371 786 quid
1403 731 1642 785 significare
1673 744 1761 772 non

160 808 339 862 possint,
372 807 618 860 perspiciat,
652 805 847 859 neglecta
871 805 960 846 fere
986 807 1051 846 est
1074 805 1117 845 in
1142 804 1244 846 locis
1270 803 1515 845 difficilibus
1541 814 1761 855 gramma-

161 880 246 920 tica
292 879 386 920 haec
434 878 651 919 subtilitas
701 881 743 917 et
783 881 987 917 accurata
1025 875 1258 917 verborum
1302 874 1614 927 interpretatio,
1664 885 1763 925 quae

160 950 272 991 illius
314 954 523 1001 tanquam
557 948 775 989 radicibus
808 948 1036 996 niteretur,
1086 947 1399 999 sententiaeque
1439 959 1556 999 saepe
1596 946 1765 987 coniec-

161 1021 294 1062 tando
334 1021 470 1074 magis
512 1033 643 1072 quam
690 1018 1018 1072 interpretando
1058 1019 1236 1059 effectae.
1309 1017 1403 1068 Quo
1444 1030 1576 1070 quum
1618 1029 1764 1058 acces-

160 1092 299 1143 sisset,
349 1096 397 1132 ut
429 1091 729 1144 opinarentur,
772 1091 815 1131 in
848 1095 978 1143 poeta
1010 1090 1182 1131 satirico
1215 1093 1317 1131 ante
1349 1089 1495 1130 omnia
1528 1088 1763 1129 videndum

160 1176 275 1214 esse,
325 1162 429 1215 quid
476 1162 650 1214 oblique
698 1166 739 1203 et
788 1162 971 1203 obscure
1022 1162 1230 1214 tetigisset
1275 1159 1524 1213 (allusiones
1573 1158 1760 1211 vocant),

158 1235 282 1287 isque
330 1233 412 1275 sibi
460 1234 831 1286 ingeniosissimus
873 1233 1106 1282 videretur,
1156 1232 1228 1284 qui
1277 1231 1467 1283 aliquam
1514 1230 1763 1272 huiusmodi

159 1304 516 1358 significationem
549 1305 826 1357 repperisset,
868 1305 911 1345 id
944 1304 1060 1357 quod
1093 1302 1344 1344 facillimum
1379 1307 1456 1352 est,
1491 1303 1526 1343 si
1559 1302 1764 1343 orationis

158 1376 308 1417 vinclis
341 1380 383 1417 te
417 1376 616 1417 exsolvas
650 1380 691 1416 et
730 1388 876 1416 rerum
916 1375 1032 1416 leves
1075 1374 1377 1416 similitudines
1418 1374 1610 1422 secteris,
1659 1385 1763 1425 neg-

158 1447 278 1488 lectis
312 1447 748 1497 dissimilitudinibus,
782 1459 1022 1499 permagna
1054 1450 1150 1487 orta
1182 1450 1247 1486 est
1278 1458 1473 1486 errorum
1507 1449 1549 1485 et
1582 1444 1766 1485 vanissi-

158 1531 330 1559 marum
364 1519 660 1571 suspicionum
694 1517 940 1568 multitudo,
976 1530 1123 1570 quum,
1157 1517 1351 1558 nondum
1384 1518 1628 1569 perspecto,
1663 1513 1766 1566 quid

157 1592 289 1643 poeta
322 1589 501 1631 dixisset
535 1594 577 1630 et
609 1603 707 1642 quae
739 1593 888 1642 posset
921 1589 964 1629 in
996 1588 1139 1629 verbis
1184 1588 1400 1629 sententia
1440 1587 1595 1635 inesse,
1645 1599 1765 1639 quae-

158 1666 339 1711 reretur,
389 1661 493 1714 quid
531 1661 829 1714 significasset,
880 1659 1213 1712 significationes
1253 1663 1401 1700 autem
1441 1671 1528 1699 non
1567 1670 1620 1698 ex
1651 1657 1764 1698 notis

158 1733 222 1783 iis,
263 1745 372 1785 quas
406 1737 537 1785 poeta
569 1733 800 1786 posuisset,
847 1732 1113 1781 eruerentur,
1163 1730 1240 1772 sed
1273 1729 1447 1771 aliunde
1480 1732 1667 1781 sumptae
1700 1729 1765 1769 in-

158 1802 388 1853 ferrentur,
439 1805 481 1844 et
513 1804 571 1845 ad
613 1817 686 1845 eas
729 1804 865 1845 verba
909 1802 1358 1844 accommodarentur.
1427 1800 1541 1841 Huic
1580 1799 1767 1852 denique

158 1875 433 1927 perversitati
481 1888 615 1928 quum
663 1875 974 1928 adiungeretur
1026 1887 1182 1927 parum
1232 1877 1360 1914 cauta
1408 1884 1558 1913 earum
1605 1883 1764 1920 rerum,

160 1958 257 1998 quae
305 1959 357 1987 ex
399 1946 593 1987 historiae
641 1951 683 1987 et
731 1946 1003 1998 antiquitatis
1052 1945 1293 1997 cognitione
1341 1942 1398 1984 ad
1446 1942 1766 1984 enarrationem

158 2016 498 2067 adhibebantur,
533 2014 794 2069 tractatiol),
836 2016 1039 2058 absoluta
1079 2021 1144 2057 est
1186 2015 1446 2068 pravissima
1479 2013 1765 2054 enarrationis

197 2178 226 2223 ¹)
252 2181 428 2226 Exemplo
456 2193 534 2216 esse
560 2185 713 2226 possunt
739 2181 840 2225 (nam
866 2181 1107 2226 superiorum,
1141 2181 1273 2225 quibus
1307 2178 1442 2224 ignosci
1476 2179 1594 2219 debet,
1627 2188 1767 2212 errores

255 2241 439 2276 interdum
474 2253 495 2276 a
526 2242 788 2276 recentioribus
826 2241 1000 2285 repetitos
1038 2238 1181 2282 omitto)
1219 2240 1404 2284 pleraque,
1444 2249 1524 2282 quae
1562 2237 1767 2271 Henninius

255 2301 299 2334 de
333 2311 398 2334 suo
431 2301 631 2343 annotavit,
670 2301 771 2335 velut
804 2312 885 2345 quae
919 2301 963 2335 de
999 2300 1134 2334 mensis
1166 2299 1419 2333 Romanorum
1452 2297 1629 2341 Rupertio
1663 2297 1767 2331 docte

256 2359 467 2404 exposuisse
494 2359 637 2394 videtur
663 2360 708 2394 ad
735 2360 760 2401 Ι,
789 2359 867 2401 137,
903 2359 1005 2393 cuius
1038 2358 1107 2392 loci
1133 2361 1281 2403 propter
1307 2358 1401 2390 hanc
1428 2356 1545 2401 ipsam
1571 2367 1705 2390 vanam
1732 2358 1767 2390 et

257 2419 447 2453 confusam
487 2419 691 2454 doctrinam
723 2420 905 2453 sententia
939 2418 1122 2453 intellecta
1153 2428 1226 2451 non
1259 2419 1323 2451 est.
1377 2415 1501 2459 Neque
1533 2414 1631 2449 enim
1663 2415 1765 2449 luxu-

256 2478 380 2517 riosos,
409 2478 471 2522 qui
498 2489 572 2512 una
597 2489 727 2512 mensa
754 2479 809 2512 vel
836 2479 939 2513 lance
957 2476 1178 2523 patrimonia
1196 2478 1273 2510 tota
1291 2475 1498 2516 absumant,
1524 2478 1632 2519 poeta
1651 2477 1764 2515 notat,

256 2538 319 2571 sed
345 2537 551 2572 luxuriosos
577 2548 718 2579 avaros,
753 2538 826 2581 qui,
866 2549 980 2582 quum
1013 2537 1148 2571 multos
1181 2538 1216 2569 et
1243 2534 1394 2569 eximios
1420 2535 1526 2568 orbes
1552 2544 1764 2568 mensarum

254 2596 427 2638 habeant,
469 2607 541 2631 non
580 2597 702 2641 plures
740 2608 886 2631 mensas
924 2599 1073 2641 ponant,
1113 2606 1194 2639 quae
1231 2593 1410 2639 ponendae
1445 2596 1566 2627 essent
1603 2593 1765 2627 convivis

255 2654 438 2697 adhibitis,
477 2656 541 2690 sed
579 2667 702 2694 unam,
742 2656 810 2690 sibi
848 2655 1090 2689 sufficientem
1100 2668 1107 2696 ;
1146 2653 1213 2688 soli
1254 2653 1352 2687 enim
1393 2651 1616 2696 sumptuosis
1648 2651 1764 2696 epulis

256 2713 457 2758 indulgent,
485 2715 613 2748 eodem
640 2715 691 2749 rei
718 2714 906 2749 familiaris
933 2715 1078 2748 damno.
1129 2713 1215 2747 Erat
1242 2712 1391 2747 omnino
1417 2711 1622 2746 Henninius
1643 2711 1762 2745 Alme-

255 2773 375 2807 loveni
402 2772 509 2807 amici
535 2774 591 2807 sui
617 2774 756 2815 similis,
789 2773 891 2808 cuius
924 2775 1127 2808 doctrinam
1161 2778 1191 2807 et
1217 2773 1397 2806 lectionem
1422 2772 1564 2805 variam
1589 2776 1621 2805 et
1646 2772 1684 2804 in
1709 2771 1763 2803 di-

258 2834 370 2866 versis
396 2833 618 2867 collectaneis
644 2834 692 2866 ad
717 2844 792 2866 rem
818 2844 954 2867 omnem
980 2834 1185 2866 litterariam
1203 2832 1428 2874 conficiendis
1455 2830 1611 2864 laborem
1636 2829 1762 2863 laudat

255 2891 292 2925 P.
331 2890 567 2926 Burmannus
606 2891 795 2926 Secundus
834 2902 889 2935 ep.
929 2891 1083 2925 dedicat.
1129 2894 1214 2924 ante
1258 2889 1406 2923 Anthol.
1440 2889 1517 2923 Lat.
1552 2888 1567 2922 Ι
1598 2899 1632 2932 p.
1667 2898 1761 2928 xle,

254 2949 377 2984 iudicii
410 2950 611 2985 subtilitate
651 2953 685 2984 et
721 2955 895 2984 accurata
933 2949 1137 2984 eruditione
1171 2949 1376 2984 destitutus.
1435 2948 1504 2982 Sed
1536 2946 1668 2981 similia
1700 2946 1760 2979 alii
