1915 3235
176 826 225 851 301

997 111 1082 152 642

240 246 408 288 tissima
440 244 672 297 negligunt,
720 254 799 282 nec
838 241 882 282 id
913 240 975 282 ita
1008 240 1183 292 faciunt,
1233 243 1279 283 ut
1317 243 1526 284 naturalis
1568 243 1835 297 negligentiae

243 320 285 359 et
316 316 499 358 licentiae
530 315 637 356 fines
671 314 797 354 caute
829 315 993 365 regant,
1028 311 1106 352 sed
1129 313 1178 353 ut
1202 312 1399 365 scriptori
1423 326 1669 356 sermonem
1692 316 1836 358 nescio

244 400 427 441 quarum
467 385 826 439 significationum
870 395 1015 432 causa⁷
1064 396 1172 435 quas
1219 397 1347 425 nemo
1395 385 1690 428 intellecturus
1731 390 1836 438 erat,

243 458 443 501 omnibus
476 456 616 498 modis
648 457 850 507 torquere
883 453 1053 495 licuisse
1087 455 1296 495 statuant.
1344 455 1487 508 Atque
1520 456 1563 498 in
1588 459 1670 499 hac
1694 458 1838 499 omnia

244 528 506 582 intelligendi
540 525 886 578 defendendique
920 527 1012 565 arte
1045 538 1132 566 non
1169 525 1230 566 ita
1271 525 1431 567 difficili
1469 528 1665 570 nonnulli
1709 529 1838 570 etiam

244 601 407 642 iactant
439 613 484 641 se
516 598 781 640 insolentius.
845 596 995 648 Itaque
1034 595 1099 636 his
1138 596 1261 638 annis
1295 598 1512 639 orationes
1546 598 1761 641 Ciceronis
1793 602 1841 642 ut

244 672 390 713 multis
424 671 547 712 bonis
592 669 789 721 verisque
829 667 1024 708 codicum
1065 667 1287 720 seripturis
1328 668 1527 720 expolitae
1569 672 1669 711 sunt
1709 669 1841 724 (quod

244 745 393 784 tamen
436 741 478 782 in
520 741 586 781 his
619 739 848 781 duodecim
881 738 1161 789 orationibus,
1211 739 1246 780 si
1289 739 1560 781 Catilinarias
1604 740 1748 794 aliqua
1791 755 1842 783 ex

246 816 369 868 parte
403 813 580 865 excipio,
628 811 715 852 iam
759 811 858 851 ante
902 822 928 850 a
971 822 1040 850 me
1084 809 1247 851 factum
1293 808 1416 862 erat),
1466 811 1526 852 ita
1560 824 1647 852 non
1678 813 1840 864 paucis,

245 896 556 937 nonnunquam
590 883 786 936 pluribus
820 880 1149 922 manifestorum
1192 884 1234 922 et
1273 881 1489 922 foedorum
1523 895 1717 923 errorum
1751 896 1841 923 sor-

247 956 373 997 dibus
407 955 552 996 oblitae
591 955 705 995 sunt.
769 952 912 1004 Atque
952 952 1065 992 hanc
1105 953 1318 994 rationem
1358 953 1393 993 si
1431 952 1629 994 refellere
1668 966 1843 1006 prorsus

249 1030 290 1068 et
332 1038 563 1079 coarguere
604 1037 744 1074 coner,
793 1024 922 1076 longa
971 1036 1079 1076 opus
1127 1023 1182 1064 sit
1221 1024 1415 1064 oratione
1455 1026 1497 1064 et
1536 1024 1592 1064 ab
1632 1025 1714 1066 hoc
1752 1024 1845 1066 loco

249 1099 409 1146 aliena;
443 1110 601 1150 genera
634 1095 834 1148 quaedam
870 1098 912 1134 et
945 1094 1106 1135 formas
1140 1095 1312 1136 errandi
1346 1094 1553 1147 exemplis
1588 1094 1763 1137 notabo.

368 1168 519 1209 Merito
551 1179 722 1208 summa
762 1166 805 1206 in
845 1165 1008 1217 aliquot
1045 1165 1312 1207 orationibus
1351 1165 1536 1207 habetur
1577 1166 1733 1207 codicis
1773 1166 1846 1207 Er-

251 1239 452 1281 furtensis
494 1238 741 1279 auctoritas.
812 1236 897 1277 Sed
939 1249 1035 1277 eam
1076 1236 1252 1288 quidam
1296 1237 1356 1278 ita
1396 1237 1737 1289 amplectuntur,
1786 1240 1846 1287 ut,

251 1311 384 1361 obliti,
435 1312 477 1351 et
514 1310 645 1351 totius
687 1308 777 1349 eius
817 1307 1004 1357 familiae,
1053 1307 1109 1348 ad
1143 1321 1274 1360 quam
1306 1308 1505 1360 pertinet,
1554 1308 1598 1348 in
1632 1309 1848 1349 communi

250 1382 378 1423 laude
413 1382 543 1423 etiam
577 1380 824 1421 communia
856 1378 1063 1420 nonnulla
1107 1392 1200 1419 esse
1244 1378 1403 1419 menda
1436 1380 1478 1419 et
1509 1379 1707 1432 proprios
1741 1379 1843 1420 sub-

252 1454 364 1503 inde,
414 1455 461 1493 ut
504 1452 564 1501 fit,
613 1451 656 1491 in
706 1450 777 1491 illo
819 1449 1037 1490 scribendi
1082 1462 1248 1490 errores
1282 1449 1561 1502 deprehendi,
1612 1463 1662 1490 ea
1696 1463 1747 1490 ex
1779 1450 1849 1491 illo

252 1538 338 1566 uno
371 1523 580 1576 arripiant
613 1525 655 1562 et
688 1522 909 1571 exornent,
959 1521 1001 1561 in
1041 1520 1196 1573 quibus
1236 1520 1449 1573 impressa
1482 1522 1548 1560 est
1579 1520 1849 1573 negligentiae

252 1597 369 1637 nota.
432 1594 559 1635 Velut
590 1606 668 1646 pro
701 1592 860 1633 Archia
894 1590 981 1643 §4‚
1015 1592 1089 1632 ubi
1122 1591 1363 1633 Antiochiae
1392 1590 1685 1643 adiunguntur
1709 1596 1851 1632 cetera<

253 1668 411 1720 praeter
442 1665 581 1718 ipsam
615 1663 732 1705 Asia>
759 1668 916 1717 partes,
951 1663 1017 1704 his
1050 1665 1197 1704 autem
1230 1667 1378 1703 cuncta
1412 1661 1581 1702 Graecia
1615 1662 1719 1715 (non
1750 1675 1850 1715 par-

254 1740 318 1779 tes
353 1736 528 1779 Graeciae
560 1749 701 1788 neque
735 1737 889 1775 ceterae
921 1732 1099 1786 partes),
1149 1747 1283 1786 quum
1325 1733 1526 1774 librarius
1567 1733 1694 1774 huius
1727 1733 1852 1774 unius

256 1808 411 1850 codicis
459 1806 682 1849 notissimo
732 1805 886 1846 erroris
934 1817 1090 1857 genere
1138 1804 1195 1845 ad
1236 1804 1353 1845 Asiae.
1393 1804 1577 1845 alterum
1619 1804 1853 1857 genitivum

256 1878 630 1921 accommodasset
652 1876 901 1931 (canemque
925 1874 1133 1927 Graeciae),
1164 1875 1208 1916 id
1229 1875 1419 1916 Klotzius
1442 1875 1655 1927 probavit.
1704 1875 1853 1927 Itaque

256 1952 433 2004 propter
479 1950 594 1990 hunc
640 1948 820 1989 nimium
868 1947 1129 1988 Erfurtensis
1178 1945 1334 1987 codicis
1383 1958 1576 1987 amorem
1625 1945 1853 1998 negligitur

258 2022 388 2062 etiam
421 2020 603 2061 aliorum
637 2018 830 2059 eiusdem
863 2017 1038 2058 familiae
1080 2017 1277 2058 codicum
1316 2029 1403 2058 non
1441 2016 1584 2057 minus
1627 2016 1853 2065 bonorum,

258 2092 336 2133 sed
368 2091 508 2132 minus
542 2090 667 2143 plene
699 2091 901 2130 notorum
934 2089 1222 2141 incorruptius
1255 2087 1565 2136 testimonium,
1609 2090 1656 2128 ut
1694 2088 1737 2128 in
1776 2087 1855 2128 Mi-

259 2162 432 2204 loniana
479 2161 705 2214 aliquoties
754 2159 910 2201 codicis
959 2160 1240 2202 Coloniensis.
1311 2158 1439 2198 Hunc
1479 2157 1523 2200 in
1555 2156 1578 2209 ἓ
1612 2158 1664 2199 51
1707 2171 1856 2199 omnes

260 2235 499 2286 sequuntur
531 2233 574 2272 in
607 2231 748 2272 verbis
783 2231 840 2271 ad
880 2245 934 2282 se,
984 2231 1124 2272 solum
1162 2229 1252 2271 veri
1291 2230 1461 2279 testem,
1514 2230 1556 2269 et
1595 2229 1639 2269 in
1671 2227 1693 2280 ἕ
1727 2228 1782 2269 92
1815 2228 1858 2268 111

260 2304 514 2357 pronomine
546 2304 674 2357 ‘ipsos-3
724 2303 800 2343 sed
833 2301 855 2354 ξ
889 2301 943 2343 88
978 2303 1127 2341 contra
1165 2299 1292 2340 huius
1326 2301 1369 2340 et
1401 2299 1557 2340 codicis
1590 2299 1857 2352 palimpsesti

261 2375 564 2415 auctoritatem
597 2387 623 2414 a
655 2373 820 2414 Klotzio
852 2374 1104 2414 revocatum
1145 2372 1210 2411 est
1250 2369 1534 2423 apertissimae
1575 2359 1747 2422 originis
1781 2369 1857 2411 ad-

263 2444 562 2494 ditamentum,
603 2449 649 2485 ut
682 2444 962 2485 scriberetur:
1015 2442 1197 2483 Caesaris
1220 2441 1449 2495 potentiam
1483 2454 1604 2481 suam
1628 2441 1859 2494 potentiam

264 2528 346 2555 esse
378 2514 550 2563 dicebat,
592 2527 678 2566 qua
716 2514 930 2567 scriptura
970 2513 1182 2566 frangitur
1222 2511 1391 2565 pondus
1425 2510 1632 2552 orationis
1666 2510 1709 2551 in
1739 2524 1856 2551 suam

264 2585 518 2626 incumbens
552 2597 688 2636 eaque
721 2585 905 2625 efficitur
939 2585 1093 2635 forma,
1134 2597 1231 2636 quae
1264 2585 1368 2636 apta
1401 2585 1527 2631 esset,
1577 2580 1612 2623 si
1646 2581 1861 2622 contraria

265 2655 536 2697 substantiva
568 2655 680 2695 inter
711 2667 755 2695 se
789 2655 1067 2696 referrentur.
1130 2654 1219 2695 Nec
1262 2653 1437 2694 meliore
1478 2651 1634 2693 iudicio
1673 2652 1716 2692 in
1748 2649 1771 2703 ἓ
1805 2651 1857 2692 81

265 2726 513 2767 restitutum
547 2727 611 2766 est
644 2725 686 2765 in
718 2725 935 2766 simillima
968 2726 1172 2767 orationis
1207 2725 1346 2765 forma
1379 2722 1462 2777 (sui
1493 2736 1535 2763 se
1562 2723 1712 2776 capitis
1736 2735 1858 2776 quam

267 2794 422 2849 vestri),
471 2796 586 2848 quod
626 2795 694 2837 ille
735 2796 870 2837 codex
910 2810 1023 2837 unus
1056 2795 1227 2846 omittit,
1276 2794 1451 2844 ordinis,
1501 2794 1626 2846 quasi
1658 2792 1859 2841 iudicum,

198 2879 248 2904 302
268 2868 348 2909 hoc
396 2870 461 2908 est
507 2868 776 2916 senatorum,
826 2867 1041 2920 equitum,
1089 2867 1362 2907 tribunorum
1410 2877 1520 2905 unus
1570 2863 1697 2904 fuerit
1743 2862 1860 2912 ordo,

270 2951 397 2991 quem
432 2937 530 2979 Milo
562 2937 606 2977 in
639 2937 756 2978 caede
789 2937 923 2979 Clodii
970 2937 1187 2990 praecipue
1230 2935 1473 2977 defendisse
1516 2934 1660 2988 putari
1700 2938 1860 2986 posset,
