1915 3235
921 115 1006 156 732

167 242 366 297 Corrupti
396 248 504 297 sunt,
537 244 685 299 quibus
708 257 964 298 persuasum
998 250 1055 286 est
1083 247 1164 286 cet.
1213 243 1524 299 (Depravatum
1547 245 1667 286 Vides
1691 258 1761 287 me

164 327 189 355 a
220 316 264 355 te
296 311 500 366 sumere.)
562 314 758 367 Apparet
796 315 859 366 iis,
908 329 1005 369 quae
1042 315 1256 357 Antonius
1289 316 1473 357 obscure
1505 317 1674 358 minans
1707 317 1760 358 de

162 385 378 426 veteranis
412 385 593 435 dixerat,
643 386 860 427 contraria
900 399 994 428 esse
1035 399 1115 427 nec
1147 387 1309 428 causali
1341 386 1555 440 particula
1588 387 1763 441 adiungi

162 469 303 508 posse,
353 469 450 508 quae
491 456 544 497 de
582 458 750 498 tentato
789 469 940 499 eorum
979 457 1125 498 animo
1157 457 1507 498 adversariorum
1538 457 1761 510 promissis

163 529 205 568 et
236 527 457 568 blanditiis
490 526 624 568 addit.
688 527 775 568 Sed
807 530 849 569 et
881 528 966 569 alia
999 528 1315 569 dubitationem
1347 528 1513 569 habent
1545 530 1588 569 et
1618 529 1762 570 varia-

160 599 254 638 tum
286 598 469 638 Verbum
501 598 545 638 in
576 598 642 639 his
686 598 961 652 depravatum
1002 622 1059 628 —
1097 600 1297 653 corrupti,
1347 612 1480 652 quum
1520 600 1761 652 praesertim

160 666 203 708 in
236 681 286 708 eo
321 668 478 718 codice,
525 668 597 721 qui
629 669 759 721 paulo
794 669 945 711 ceteris
978 670 1130 711 melior
1161 670 1343 719 videtur,
1384 672 1523 711 totum
1557 670 1662 711 illud
1694 671 1761 711 de-

151 740 330 792 pravati
361 739 500 780 omitti
532 740 710 781 scribas.
774 741 966 782 Insolens
991 741 1123 782 etiam
1155 740 1273 793 apud
1305 740 1557 782 Ciceronem
1581 755 1760 794 persua-

158 823 250 849 sum
283 814 340 850 est
373 808 538 863 (alicui)
572 823 669 851 cum
703 811 913 853 infinitivo
947 813 1243 853 constructum
1276 825 1355 864 pro
1387 816 1445 859 ut,
1486 824 1573 852 non
1613 814 1761 852 tamen

159 882 206 921 ut
238 880 538 933 corrigendum
573 881 775 923 continuo
808 883 875 932 sit,
920 895 1055 935 quum
1088 884 1130 923 et
1158 883 1352 936 permitto
1386 882 1515 922 alicui
1543 882 1687 935 facere
1719 885 1762 924 et

157 950 396 991 conceditur
426 952 533 992 mihi
561 952 705 1004 facere
738 953 905 1003 dixerit,
940 953 1019 994 etsi
1051 966 1138 994 non
1159 966 1336 1005 prorsus
1361 953 1514 994 eadem
1539 957 1604 994 est
1626 954 1759 1002 verbi,

158 1022 274 1074 quod
308 1024 373 1063 est
397 1023 649 1076 persuaded
684 1024 808 1065 ratio.

276 1093 368 1134 Ibd.
406 1094 471 1142 17,
513 1094 587 1135 36:
637 1095 829 1148 Difficile
861 1099 917 1135 est
956 1094 1137 1148 credere,
1185 1108 1263 1147 eos,
1309 1096 1380 1149 qui
1411 1109 1474 1136 me
1498 1097 1760 1150 proecipitem

158 1164 316 1217 egerim
355 1165 618 1218 (equissimus
649 1166 908 1206 condiciones
937 1166 1137 1218 ferentem
1180 1170 1217 1205 et
1247 1170 1385 1206 tamen
1418 1180 1467 1206 ex
1497 1166 1564 1207 liis
1596 1167 1761 1222 aliquid

157 1235 365 1275 remittere
397 1237 655 1290 coyitautem,
700 1241 854 1291 putare
895 1236 1060 1291 aliquid
1098 1237 1309 1277 moderate
1350 1242 1423 1278 aut
1463 1237 1645 1278 humane
1677 1252 1760 1280 esse

155 1305 360 1357 facturos.
424 1307 678 1348 Incredibile
711 1310 789 1357 est,
829 1307 1067 1348 Antonium
1108 1308 1152 1349 in
1192 1308 1396 1350 facillimo
1430 1311 1473 1349 et
1504 1309 1759 1350 brevissimo

157 1376 387 1417 verborum
424 1378 652 1430 complexu
684 1381 784 1431 post
816 1378 984 1419 credere
1015 1391 1192 1431 prorsus
1225 1379 1412 1420 inaniter
1435 1379 1653 1420 addidisse
1677 1393 1759 1434 pu-

156 1451 261 1488 tare.
325 1447 426 1489 Sine
460 1448 592 1490 dubio
626 1450 859 1491 delendum
893 1451 959 1490 est
991 1449 1171 1500 credere,
1221 1451 1338 1503 quod
1377 1451 1530 1504 aliquis
1571 1451 1758 1492 oscitans

157 1517 323 1558 addidit
356 1518 413 1559 ad
452 1519 627 1573 difficile
670 1525 727 1561 est
768 1532 847 1561 nec
890 1520 1242 1562 animadvertens
1285 1522 1407 1575 sequi
1441 1526 1610 1575 putare.
1674 1522 1760 1562 Sed

157 1588 227 1642 qui
262 1589 425 1630 sactum
465 1590 619 1641 dicam,
668 1593 718 1632 ut
759 1592 1079 1644 apertissimam
1120 1592 1325 1633 orationis
1368 1592 1757 1645 perturbationem,

156 1660 326 1701 duobus
359 1674 437 1713 pro
470 1674 556 1703 uno
591 1662 732 1703 verbis
765 1662 929 1715 positis,
970 1676 1099 1704 nemo
1139 1663 1306 1713 viderit,
1346 1676 1475 1704 nemo
1513 1663 1756 1705 notaverit?

155 1731 266 1772 Nam
315 1732 394 1772 etsi
440 1732 600 1774 multos
653 1733 753 1774 novi
800 1733 1059 1785 interpretes
1105 1734 1210 1775 nihil
1260 1734 1614 1783 reformidantes,
1671 1748 1758 1776 non

154 1805 259 1855 puto
306 1805 455 1844 tamen
502 1816 573 1844 me
619 1806 914 1856 reperturum,
971 1804 1043 1857 qui
1092 1807 1221 1857 neget
1270 1805 1364 1846 haec
1411 1805 1470 1846 sic
1519 1807 1756 1846 cohaerere:

155 1873 346 1926 Difficile
389 1879 445 1915 est
481 1879 636 1928 putare
679 1874 895 1927 (credere),
942 1889 1019 1928 eos,
1063 1876 1135 1930 qui
1176 1889 1240 1916 me
1273 1899 1325 1904 ἡ*
1361 1877 1530 1930 eyerint,
1577 1900 1628 1930 5-
1661 1876 1756 1929 fac-

154 1949 270 1985 turos
303 1958 398 1986 esse.

272 2015 364 2056 Ibd.
402 2016 468 2065 19,
512 2016 570 2057 44
608 2029 743 2069 quum
786 2017 934 2058 Cicero
979 2017 1039 2058 sic
1081 2017 1343 2069 scripsisset:
1392 2018 1476 2058 nisi
1515 2018 1626 2070 forte
1665 2031 1756 2058 eum

153 2086 336 2126 subsidio
368 2086 444 2126 tibi
474 2088 615 2128 venire
647 2088 878 2129 arbitraris
910 2102 1001 2128 cum
1030 2088 1277 2141 fortissimis
1300 2088 1540 2142 leqioriibus,
1572 2090 1755 2129 maximo

154 2158 340 2211 equitatu
374 2158 607 2207 Gallorum,
656 2158 866 2200 Romanis
909 2159 1150 2212 legionibus
1194 2159 1469 2212 peregrinum
1513 2159 1753 2212 equitatum

154 2227 406 2280 adiungens,
456 2228 549 2279 fuit,
599 2229 671 2282 qui
716 2229 936 2271 Gallorum
981 2232 1058 2270 aut
1102 2232 1309 2282 utrasque
1353 2230 1498 2282 copias
1531 2232 1606 2270 aut
1638 2229 1753 2271 idem

153 2311 300 2350 genus,
335 2299 455 2339 cuius
487 2299 675 2352 legiones
710 2302 866 2349 essent,
901 2301 1233 2342 commemorari
1265 2300 1405 2341 Vellet.
1470 2300 1580 2341 Hinc
1612 2301 1753 2342 turbae

154 2368 348 2410 codicum
382 2372 497 2411 natae
530 2372 644 2412 sunt.

271 2440 363 2480 Ibd.
398 2441 466 2489 21,
507 2440 582 2481 49:
635 2440 738 2481 Cum
777 2442 850 2481 hoc
882 2455 1031 2495 pacem
1071 2441 1132 2483 M.
1167 2441 1368 2496 Lepidus,
1412 2443 1448 2482 si
1479 2441 1566 2482 lioec
1597 2442 1754 2482 videret

152 2509 328 2564 denique
361 2515 434 2550 aut
465 2512 582 2551 vellet
615 2517 687 2552 aut
722 2511 818 2565 fieri
842 2526 965 2566 posse
997 2512 1312 2553 arbitraretur?
1357 2512 1455 2553 Sive
1493 2514 1594 2553 ante
1633 2512 1751 2552 deui-

153 2594 228 2635 que
260 2580 350 2622 sive
382 2583 479 2633 post
520 2594 615 2622 eam
658 2595 807 2624 vocem
853 2596 1024 2624 comma
1065 2596 1217 2636 ponas,
1267 2596 1390 2636 aeque
1434 2596 1570 2635 prava
1615 2582 1751 2624 oratio

153 2651 219 2701 sit,
254 2651 459 2703 quoniam
492 2652 597 2692 nihil
630 2654 804 2694 omnino
838 2656 915 2703 est,
960 2667 1045 2706 quo
1078 2654 1252 2708 denique
1284 2653 1509 2694 referatur.
1574 2653 1749 2706 Opinor,

153 2722 403 2763 Ciceronem
442 2723 684 2775 scripsisse:
733 2725 770 2764 si
808 2724 894 2764 hoec
932 2724 1101 2777 videret,
1151 2724 1319 2765 audiret
1358 2724 1532 2778 denique
1572 2722 1633 2776 (id
1672 2725 1749 2773 est,

152 2794 227 2833 aut
269 2793 424 2834 saltem
468 2793 637 2834 audiret
683 2795 840 2835 absens
882 2808 904 2835 e
948 2793 1217 2847 longinquo),
1268 2800 1341 2835 aut
1384 2795 1501 2835 veltet
1542 2799 1616 2835 aut
1654 2794 1750 2847 fieri

148 2876 266 2916 posse
313 2863 627 2905 arbitraretur?
677 2864 854 2905 Poterat
901 2866 1031 2906 etiam
1080 2865 1182 2906 diei:
1235 2866 1272 2906 si
1317 2865 1404 2906 haec
1450 2865 1626 2917 videret,
1676 2870 1750 2905 aut
