1915 3235
1008 99 1094 140 640

255 228 287 267 si
321 227 447 268 simul
479 228 605 268 unius
639 228 870 268 alteriusve
903 228 984 269 loci
1017 229 1278 269 sententiam
1318 229 1539 269 declarare
1579 232 1622 270 et
1661 229 1713 270 de
1753 231 1847 283 qui-

254 298 439 339 busdam
473 298 687 339 Ciceronis
721 299 988 340 orationibus
1022 299 1189 340 cautius
1218 299 1483 340 aestimandis
1508 299 1847 341 admonitionem

256 382 339 410 non
381 368 575 410 inutilem
619 369 852 422 adiungere
895 372 1091 422 potuero.
1155 370 1413 422 Quanquam
1458 371 1634 412 hilarior
1673 371 1847 413 omnino

253 439 485 492 superioris
518 439 785 492 praefationis
821 441 1003 481 materia
1037 444 1141 490 erat,
1191 454 1288 493 quae
1328 441 1417 482 fere
1457 444 1548 483 tota
1580 443 1623 482 in
1654 442 1846 484 locorum

253 511 589 563 depravatorum
622 524 734 552 nova
774 512 1077 553 emendatione
1116 514 1380 560 versaretur3
1428 524 1542 553 nunc
1580 512 1740 555 tristior
1779 526 1846 555 er-

254 595 398 622 rorum
431 582 596 622 notatio
628 594 834 634 magnam
867 585 1034 634 partem
1070 582 1263 624 habebit.

369 652 473 693 Post
519 652 785 705 superiorem
832 654 961 706 igitur
1006 656 1200 694 nostram
1255 653 1487 694 editionem
1541 654 1584 695 in
1632 655 1847 697 Ciceronis

252 723 518 764 orationibus
561 726 636 764 aut
678 724 879 765 omnibus
923 727 998 765 aut
1041 724 1334 777 compluribus
1373 728 1449 766 aut
1486 725 1663 778 singulis
1697 739 1749 767 ex
1780 726 1843 777 iis,

252 807 348 846 (guae
379 794 461 835 hoc
493 794 603 835 libro
636 795 922 844 continentur,
972 795 1255 836 emendandis
1295 798 1337 836 et
1376 796 1432 837 ad
1469 809 1617 837 veram
1658 797 1843 838 formam

251 865 504 907 revocandis
538 865 830 914 elaborarunt,
872 880 1053 919 quorum
1095 866 1270 919 quidem
1311 866 1454 919 aliqua
1487 867 1592 908 mihi
1624 868 1735 909 ratio
1766 869 1845 909 ha-

251 936 393 977 benda
427 937 517 977 visa
551 938 618 987 sit,
660 937 864 987 Klotzius,
905 938 1220 987 Steinmetzius,
1261 937 1498 978 Beneckius
1539 938 1600 991 (in
1633 941 1759 980 oratt.
1793 939 1846 980 de

251 1008 352 1060 imp.
385 1008 552 1061 Pomp,
592 1022 671 1061 pro
704 1009 885 1062 Ligario,
935 1022 1012 1061 pro
1044 1008 1261 1058 Deiotaro,
1311 1022 1389 1061 pro
1422 1008 1614 1061 Archia),
1663 1008 1845 1050 Orellius

251 1083 263 1129 l
270 1079 311 1118 in
345 1081 471 1120 oratt.
505 1079 673 1121 selectis
705 1080 794 1130 XV,
835 1081 947 1121 inter
986 1093 1093 1132 quas
1134 1082 1235 1120 sunt
1267 1079 1320 1120 de
1352 1080 1455 1132 imp.
1488 1079 1656 1133 Pomp,
1698 1080 1845 1122 Catili-

250 1150 395 1199 nariae,
429 1163 507 1202 pro
540 1151 721 1204 Ligario,
755 1165 834 1204 pro
868 1151 1083 1201 Deiotaro,
1125 1164 1203 1203 pro
1235 1150 1408 1201 Archia,
1448 1151 1699 1204 Philippicae
1733 1151 1843 1201 duae,

248 1223 341 1261 tum
375 1222 610 1274 separatim
643 1221 686 1263 in
717 1221 966 1274 Rosciana),
1008 1222 1287 1263 Buechnerus
1328 1221 1388 1274 (in
1428 1224 1537 1263 orat.
1570 1236 1650 1275 pro
1683 1222 1725 1264 S.
1758 1223 1844 1264 Ro-

249 1290 366 1343 scio),
400 1291 764 1346 Stuerenburgius
797 1293 858 1346 (in
895 1296 1003 1335 orat.
1044 1306 1121 1346 pro
1154 1293 1327 1342 Archia,
1376 1293 1496 1334 cuius
1528 1295 1676 1334 tamen
1709 1293 1845 1335 altera

250 1361 435 1403 editione
467 1376 571 1405 usus
602 1377 690 1406 non
721 1363 850 1417 sum),
885 1364 1099 1405 Soldanus
1133 1363 1193 1417 (in
1225 1366 1353 1405 oratt.
1387 1378 1465 1417 pro
1497 1364 1666 1417 Ligario
1700 1366 1742 1405 et
1766 1378 1843 1417 pro

248 1432 483 1485 Deiotaro).
545 1435 659 1476 Nam
690 1435 930 1477 Freundius
963 1435 1006 1476 in
1038 1435 1233 1476 oratione
1264 1435 1499 1476 Miloniana
1529 1437 1700 1476 tantum
1734 1435 1842 1476 ima-

248 1504 389 1555 ginem
423 1505 579 1547 codicis
611 1506 873 1548 Erfurtensis
914 1507 1118 1548 exhibere
1150 1506 1297 1547 voluit.
1360 1507 1423 1547 Ex
1466 1506 1533 1547 his
1575 1505 1759 1547 Orellius
1802 1508 1844 1546 et

204 1574 437 1616 ·-K]0tzius
471 1589 569 1618 mea
602 1576 788 1618 editione
821 1578 886 1618 usi
926 1580 1038 1628 sunt,
1088 1580 1147 1627 ut,
1195 1578 1277 1618 nisi
1319 1578 1447 1618 huius
1487 1577 1840 1619 consuetudinem

176 2152 226 2175 22¹9

248 1657 432 1695 nossem,
482 1647 714 1689 miraturus
759 1648 928 1698 fuerim,
977 1648 1012 1689 si
1054 1648 1158 1689 nihil
1201 1649 1332 1697 aliud,
1381 1650 1453 1702 qui
1497 1649 1533 1689 ei
1577 1649 1619 1689 in
1652 1651 1841 1689 mentem

248 1717 437 1757 venisset
493 1720 583 1759 tam
640 1718 823 1771 gloriose
881 1720 953 1760 illa
1000 1719 1061 1773 (in
1114 1719 1370 1772 praefatione
1427 1719 1555 1772 primi
1615 1719 1841 1761 voluminis

248 1801 288 1839 p.
322 1787 490 1841 LXXV)
529 1789 582 1830 de
615 1790 808 1832 oratione
841 1791 1070 1844 Ligariana
1101 1803 1128 1831 a
1159 1803 1205 1831 se
1236 1791 1377 1844 primo
1410 1803 1463 1831 ex
1494 1791 1652 1832 misera
1685 1790 1842 1843 depra-

250 1858 418 1900 vatione
451 1860 507 1900 ad
539 1861 761 1902 meliorem
794 1862 979 1903 formam
1012 1864 1214 1902 revocata
1253 1861 1456 1911 scribere,
1504 1861 1548 1902 in
1586 1875 1671 1914 quo
1711 1860 1841 1903 etiam

247 1929 457 1971 Wunderi
489 1931 647 1972 oblitus
681 1935 758 1973 est.
822 1932 1060 1973 Beneckius
1093 1945 1240 1973 meum
1281 1932 1528 1985 exemplum
1566 1931 1757 1973 nancisci
1795 1944 1840 1972 se

248 2002 437 2052 potuisse
469 2005 610 2055 negat,
644 2015 785 2055 neque
820 2004 950 2044 ceteri
982 2003 1251 2052 habuerunt;
1284 2016 1386 2044 nam
1411 2003 1662 2056 redemptor
1685 2015 1839 2056 parum

248 2074 485 2122 curaverat,
526 2076 574 2114 ut
605 2073 713 2114 liber
746 2073 801 2114 ad
835 2076 1004 2116 exteros
1036 2075 1294 2127 perveniret.
1358 2074 1443 2115 Sed
1477 2074 1670 2115 criticum
1703 2086 1840 2126 appa-

246 2145 401 2193 ratum,
450 2143 628 2196 prolatis
675 2144 797 2186 novis
845 2145 1039 2186 codicum
1081 2145 1316 2198 scripturis,
1365 2147 1525 2198 praeter
1563 2143 1839 2193 Freundium,

247 2214 317 2264 qui
360 2214 579 2265 nonnulla,
628 2228 725 2268 quae
769 2215 980 2257 Wunderi
1023 2216 1288 2269 diligentiam
1328 2217 1371 2256 in
1414 2215 1559 2257 codice
1601 2214 1840 2255 Erfurtensi

248 2284 507 2326 conferendo
547 2285 802 2336 fefellerant,
852 2287 1068 2340 supplevit
1107 2300 1157 2328 ac
1199 2287 1394 2334 correxit,
1444 2287 1658 2327 auxerunt
1698 2284 1838 2326 Stein-

247 2355 437 2402 metzius,
487 2356 558 2408 qui
599 2359 747 2398 tamen
788 2371 943 2410 parum
985 2358 1121 2410 perite
1155 2360 1197 2398 et
1230 2358 1454 2410 diligenter
1486 2356 1704 2398 codicibus
1738 2369 1839 2396 usus

247 2427 311 2465 est
350 2424 451 2477 (vid.
485 2439 630 2479 opusc.
664 2441 763 2469 mea
795 2429 917 2469 acad.
950 2442 992 2481 p.
1030 2427 1143 2481 176),
1193 2427 1389 2478 Orellius,
1439 2428 1510 2480 qui
1548 2429 1838 2480 praeterquam

247 2496 361 2548 quod
394 2496 436 2537 in
469 2498 734 2540 orationibus
775 2513 852 2552 pro
892 2499 1060 2552 Ligario
1101 2502 1143 2540 et
1180 2499 1382 2540 Deiotaro
1423 2498 1579 2540 codicis
1618 2497 1838 2538 Leidensis

247 2567 358 2607 inter
396 2568 595 2609 meliores
634 2570 894 2610 numerandi
942 2570 1177 2623 scripturas
1224 2570 1380 2618 attulit,
1428 2582 1633 2622 magnam
1681 2567 1839 2609 meruit

247 2637 461 2679 Ciceronis
502 2639 792 2680 studiosorum
833 2640 1029 2692 gratiam,
1079 2654 1210 2693 quum
1259 2641 1303 2682 in
1349 2639 1607 2682 Catilinariis
1655 2639 1836 2679 duorum

247 2708 441 2749 codicum
475 2712 741 2750 vetustorum
776 2713 818 2751 et
849 2711 1154 2763 perbonorum,
1189 2711 1523 2764 Tegernseensis
1557 2712 1599 2750 et
1629 2709 1837 2750 Rhenan-

246 2779 415 2831 giensiS,
463 2780 696 2832 scripturas
736 2781 863 2833 plene
896 2784 938 2822 et
970 2784 1170 2822 accurate
1204 2781 1440 2830 annotavit,
1489 2780 1716 2829 Soldanus,
1765 2779 1837 2832 qui

247 2852 288 2891 in
327 2851 593 2892 orationibus
632 2865 710 2903 pro
752 2852 921 2904 Ligario
964 2855 1006 2893 et
1045 2853 1247 2893 Deiotaro
1287 2846 1579 2904 compluribus
1620 2850 1836 2891 codicibus

246 2922 593 2975 Guelferbytanis
627 2924 669 2962 et
700 2922 1032 2963 Monacensibus
1066 2936 1167 2964 usus
1202 2925 1278 2972 est,
1326 2924 1546 2974 postremo
1585 2919 1834 2968 Beneckius,
