1915 3235
144 687 195 712 239

967 122 1054 163 594

213 252 255 292 et
276 250 389 292 Flori
418 249 465 303 (I,
500 249 587 303 23).
635 251 798 294 Plinius
821 250 959 294 Minor
990 251 1033 294 in
1057 252 1180 305 epist.
1209 252 1257 301 II,
1294 253 1360 302 11,
1394 252 1420 293 6
1453 252 1562 307 quod
1584 265 1679 294 cum
1704 253 1813 294 indi-

213 321 367 371 cativo,
415 334 495 362 nec
542 323 688 365 tamen
737 323 1014 376 praecedente
1061 323 1181 373 illud,
1229 323 1480 364 notabiliter
1526 324 1690 376 posuit3
1739 324 1815 365 sed

212 394 361 433 tamen
393 393 551 433 veteris
584 406 688 434 usus
720 394 964 446 proprietas
997 407 1084 435 non
1116 394 1365 435 oblitterata
1398 396 1485 443 est:
1526 407 1668 448 neque
1701 395 1815 436 enim

214 462 286 516 qui
319 463 510 516 scripsit:
559 468 883 520 annotatumque
923 465 1228 519 experimentis,
1277 464 1385 520 qaod
1420 464 1548 518 favor
1588 470 1624 506 et
1654 466 1816 507 miseri-

214 533 361 574 cordia
395 548 512 575 acres
544 535 709 588 primos
746 536 924 589 impetus
962 535 1126 585 habent,
1175 536 1218 577 id
1262 538 1338 586 est,
1389 540 1592 577 annotata
1635 550 1702 577 res
1739 537 1817 577 illa

215 609 313 646 nota
346 609 382 645 et
413 619 522 659 soepe
553 605 679 655 dieta,
714 606 828 648 idem
864 607 1067 648 continuo
1100 606 1338 659 scripturus
1371 609 1465 647 erat
1499 607 1652 648 etiam:
1685 607 1816 660 video,

217 676 326 731 quod
357 677 419 717 ita
451 677 517 717 sit.
532 673 566 729 ²)
629 677 834 719 Suetonio
875 679 917 719 et
948 677 1074 719 Floro
1107 678 1401 730 adiunguntur
1414 673 1447 730 2)
1480 677 1692 731 Ulpianus
1723 678 1816 731 Dig.

214 747 344 797 XXV,
379 747 418 797 3,
456 748 476 787 1
511 746 534 799 ξ
568 747 608 797 3,
642 746 778 800 [idem
810 748 971 799 XLVII,
1010 749 1075 799 15,
1110 748 1172 802 2,]
1204 749 1389 801 scriptor
1420 748 1521 789 belli
1554 748 1817 802 Hispanien-

215 818 272 860 sis
312 831 347 859 c.
382 818 436 859 36
478 817 809 872 (renuntiarunt,
858 819 967 874 quod
1005 819 1247 874 Pompeium
1284 820 1331 860 in
1361 824 1563 873 potestate
1602 818 1817 871 haberent)

217 890 259 930 et
298 889 482 930 fortasse
522 901 557 930 e.
594 889 660 939 10,
694 889 904 943 Apuleius
937 889 976 931 X
1009 904 1050 944 p.
1085 891 1168 931 228
1201 890 1312 931 Pric.
1358 889 1447 945 (qui
1481 890 1638 944 puellae
1679 890 1819 935 nunti-

217 963 321 1012 aret,
360 958 469 1014 quod
507 973 597 1000 eam
635 960 797 1002 iuvenis
834 966 999 1002 vocaret
1038 961 1096 1002 ad
1126 975 1187 1010 se3
1235 975 1338 1002 nam
1372 961 1557 1002 alterum
1589 961 1732 1002 locum
1764 961 1819 1001 VI

217 1043 258 1083 p.
296 1030 379 1071 124
411 1029 709 1084 Oudendorpii
743 1032 911 1073 codices
946 1032 1069 1074 aliter
1109 1031 1387 1073 scribendum
1420 1045 1514 1073 esse
1549 1030 1817 1084 ostendunt),

216 1103 451 1154 postremo,
501 1114 598 1154 quae
645 1104 743 1155 post
782 1103 981 1144 Vossium
1025 1103 1287 1145 Forcellinus
1335 1101 1521 1156 (cautius
1568 1103 1638 1144 ille
1687 1116 1819 1156 quam

218 1172 342 1213 multi
384 1171 455 1213 alii
496 1173 540 1213 in
581 1174 663 1214 hoc
705 1173 797 1215 loco
840 1172 1056 1228 versatus)
1100 1188 1122 1215 e
1166 1174 1361 1215 Palladio
1404 1174 1595 1227 protulit.
1610 1171 1645 1227 ³)
1708 1174 1820 1215 Huic

218 1244 364 1296 generi
397 1256 449 1284 ex
482 1244 661 1297 antiqua
694 1246 736 1285 et
768 1246 885 1285 recta
918 1246 1124 1286 orationis
1159 1245 1298 1286 forma
1331 1245 1491 1286 sensim
1531 1247 1634 1287 nato
1675 1258 1821 1287 occur-

218 1315 274 1356 rit
306 1314 422 1368 apud
461 1315 694 1367 scriptores
734 1315 1046 1357 ecclesiasticos
1086 1316 1269 1357 alterum
1315 1316 1453 1357 simile
1497 1317 1539 1357 et
1580 1318 1730 1357 tamen
1769 1329 1822 1357 ex

219 1386 382 1439 origine
429 1386 554 1439 longe
602 1385 773 1427 diversa
826 1388 1035 1437 tractum,
1091 1400 1225 1440 quum
1280 1388 1381 1442 quia
1435 1400 1532 1428 cum
1589 1386 1821 1428 indicativo

220 1458 388 1510 ponunt
419 1470 498 1510 pro
530 1457 746 1498 sententia
778 1456 966 1506 infinita3
1007 1460 1190 1510 apparet
1222 1457 1349 1509 enim,
1384 1458 1497 1499 hanc
1530 1457 1702 1499 dicendi
1734 1457 1822 1499 for-

221 1535 339 1568 mam
373 1527 489 1581 apud
523 1541 595 1569 eos
628 1529 776 1568 natam
811 1540 919 1579 esse,
969 1529 1041 1581 qui
1081 1528 1213 1570 libros
1253 1542 1400 1570 sacros
1440 1529 1598 1570 veteris
1641 1531 1683 1570 et
1723 1528 1823 1570 novi

221 1598 379 1639 codicis
412 1599 472 1639 ita
503 1598 802 1648 transferrent,
850 1601 898 1640 ut
938 1600 1073 1640 verba
1105 1599 1274 1653 singula
1308 1601 1648 1641 annumerantes
1681 1612 1823 1653 neque

259 1772 286 1817 ¹)
314 1773 408 1818 [Non
434 1775 555 1809 minus
580 1779 732 1820 apparet
758 1776 932 1810 transitus
958 1777 1121 1811 nondum
1148 1777 1194 1810 ad
1216 1776 1455 1811 recentiorem
1480 1788 1589 1811 usum
1607 1777 1735 1818 factus,
1761 1777 1826 1811 sed

317 1838 441 1868 tamen
468 1834 590 1879 aliqua
616 1846 659 1868 ex
685 1838 788 1879 parte
821 1839 960 1879 coeptus
987 1835 1022 1869 in
1050 1835 1155 1869 Plinii
1182 1836 1260 1869 loco
1286 1836 1426 1876 XXXV,
1464 1835 1545 1870 105:
1585 1837 1747 1880 sequitur
1773 1841 1826 1870 ta-

318 1894 439 1927 bulam
466 1921 472 1927 .
501 1921 508 1927 .
537 1921 543 1927 .
571 1894 644 1927 hoec
667 1895 781 1938 fama,
809 1897 904 1939 quod
929 1906 1006 1929 eam
1034 1896 1249 1939 Protoyenes
1274 1896 1339 1929 sub
1363 1897 1485 1938 qladz‘o
1505 1893 1699 1939 pinxerit]

262 1950 290 1995 ²)
316 1951 439 1997 [Apud
459 1952 615 1987 Gellium
633 1953 676 1995 X,
702 1952 758 1995 27,
786 1953 804 1986 1
834 1956 868 1987 et
894 1953 915 1986 2
942 1954 992 1988 sic
1017 1955 1129 1988 verba
1154 1954 1345 1988 scribenda
1371 1958 1405 1989 et
1426 1954 1682 1998 distinguenda
1705 1953 1827 1988 viden-

319 2015 390 2054 tur,
417 2015 457 2046 ut
482 2015 698 2047 aestimatam
723 2013 833 2055 (esse)
859 2014 1017 2057 pendeat
1042 2025 1064 2047 a
1089 2013 1208 2048 verbis
1242 2016 1414 2048 memoria
1448 2019 1574 2055 exstat,
1614 2013 1828 2058 interposita

318 2082 383 2115 per
419 2073 515 2115 quod
551 2083 668 2106 causae
712 2072 990 2116 significatione,
1037 2083 1249 2117 quanquam
1294 2073 1512 2107 mendosum
1558 2076 1637 2107 tum
1685 2072 1827 2107 videtur

319 2128 456 2174 neque]

264 2186 291 2232 ³)
318 2189 542 2234 Subiungam
569 2191 832 2234 exemplorum,
872 2202 954 2234 quae
988 2194 1114 2235 postea
1147 2201 1191 2225 ex
1219 2190 1456 2235 scriptoribus
1483 2190 1622 2234 aliquot
1648 2188 1827 2223 inferioris

321 2248 436 2283 aetatis
462 2249 649 2293 particulae
675 2251 769 2293 quod
794 2249 928 2293 partim
963 2261 1045 2283 cum
1080 2249 1286 2291 indicativo,
1313 2249 1446 2294 partim
1480 2260 1563 2282 cum
1598 2247 1830 2283 coniunctivo

320 2319 386 2351 pro
412 2308 594 2342 sententia
619 2308 761 2342 infinita
779 2309 906 2352 positae
923 2308 1058 2349 notavi,
1085 2308 1281 2352 specimen.
1320 2309 1427 2353 Apud
1446 2308 1628 2342 Iustinum
1647 2307 1683 2341 in
1703 2307 1830 2340 decem

322 2366 448 2410 primis
474 2367 574 2401 libris
601 2368 677 2401 haec
703 2371 804 2402 sunt:
838 2368 863 2407 I,
893 2367 923 2408 7,
951 2367 971 2400 9
998 2367 1163 2411 (coquito,
1197 2368 1316 2412 quod),
1343 2368 1385 2409 II,
1413 2367 1445 2409 5,
1482 2366 1526 2399 13
1553 2365 1655 2409 (item
1682 2367 1830 2408 cognito,

323 2425 443 2469 qaod),
476 2427 568 2467 VIII,
595 2426 627 2468 2,
657 2426 696 2459 11
726 2426 971 2470 (immemores,
999 2428 1092 2470 quod
1119 2453 1126 2460 .
1154 2453 1161 2460 .
1189 2454 1196 2461 .
1224 2429 1283 2461 usi
1305 2426 1487 2470 saei-anth
1515 2425 1612 2469 apud
1638 2424 1831 2468 scriptores

323 2485 483 2519 historiae
516 2486 688 2529 Augustae
714 2486 750 2520 in
777 2489 918 2530 septem
944 2485 1072 2530 primis
1103 2485 1186 2519 vitis
1212 2487 1289 2520 haec
1315 2486 1456 2520 notavi:
1496 2485 1621 2519 Helius
1648 2484 1668 2517 6
1700 2483 1832 2525 (volens

323 2545 447 2585 videri,
475 2546 569 2588 qaod
594 2546 701 2579 verba
727 2547 849 2579 tristia
875 2543 1128 2588 temperasset),
1162 2544 1294 2578 Anlon.
1322 2544 1412 2578 Phil.
1441 2544 1484 2577 18
1512 2543 1633 2585 (certis
1658 2544 1831 2585 omnibus,

324 2604 419 2646 quod
446 2629 452 2636 .
482 2630 488 2636 .
517 2630 523 2636 .
551 2605 632 2638 deos
657 2603 821 2645 redisset)
851 2607 886 2637 et
911 2603 957 2636 “23
983 2602 1052 2645 (bis
1078 2602 1099 2645 ξ
1125 2602 1146 2636 5
1172 2607 1206 2637 et
1232 2602 1253 2645 ἓ
1280 2602 1325 2646 9),
1353 2604 1468 2637 Verus
1495 2604 1516 2635 9
1542 2602 1563 2645 ξ
1581 2603 1602 2635 2
1629 2606 1665 2637 et
1691 2602 1735 2635 10
1760 2601 1781 2644 ξ
1801 2602 1831 2641 1,

326 2661 430 2694 Avid.
464 2661 560 2696 Cass.
589 2663 609 2695 9
636 2662 656 2705 ξ
684 2663 702 2695 7
737 2666 772 2697 et
806 2662 826 2705 ξ
853 2663 890 2704 9;
932 2662 1118 2696 Ammiani
1150 2662 1347 2696 Marcellini
1380 2662 1415 2696 in
1449 2663 1591 2696 duobus
1624 2661 1723 2695 libris
1756 2662 1832 2695 haec

327 2723 430 2754 sunt:
457 2720 548 2761 XXI,
577 2721 631 2761 13,
660 2721 704 2754 15
730 2720 908 2765 (spondeo,
936 2723 1030 2765 quod
1057 2749 1063 2755 .
1092 2749 1099 2755 .
1128 2749 1134 2756 .
1162 2722 1384 2765 torpescent),
1413 2721 1482 2755 ibd.
1506 2721 1560 2759 14,
1588 2720 1610 2753 2
1636 2720 1834 2764 (confessas

324 2784 394 2822 est,
429 2781 522 2822 quod
549 2806 556 2813 .
585 2807 591 2813 .
620 2806 627 2813 .
654 2780 828 2821 desierit),
863 2781 971 2822 XXII,
998 2780 1030 2821 2,
1066 2780 1082 2812 1
1118 2780 1315 2823 (addentes,
1350 2782 1443 2824 quod
1470 2805 1476 2810 .
1506 2807 1512 2814 .
1541 2807 1547 2814 .
1573 2779 1728 2823 fecerit),
1761 2779 1832 2813 ihd-

328 2838 361 2879 3,
394 2838 415 2870 8
449 2837 704 2882 (praetendens
737 2842 831 2883 qaod
865 2867 871 2873 .
901 2867 906 2873 .
936 2867 942 2874 .
976 2838 1124 2882 delevit),
1159 2840 1229 2873 ibd.
1258 2840 1294 2880 6,
1329 2840 1350 2872 3
1384 2838 1601 2883 (pollicitus,
1635 2839 1728 2882 quod
1755 2865 1761 2871 .
1790 2865 1796 2871 .
1826 2865 1832 2871 .

330 2896 472 2938 veniet),
499 2898 570 2931 ibd.
600 2897 659 2938 11,
687 2898 707 2929 (ἱ
735 2896 909 2939 (docuisse.
938 2924 942 2929 .
973 2924 978 2929 .
1009 2926 1027 2942 .,
1055 2901 1148 2943 quod
1174 2926 1181 2932 .
1210 2926 1216 2932 .
1246 2923 1252 2929 .
1280 2898 1434 2940 debent),
1469 2898 1540 2931 ibd.
1570 2896 1624 2940 15,
1653 2896 1672 2929 7
1701 2895 1834 2939 (opinio

324 2961 378 2989 est
406 2983 412 2989 .
442 2983 448 2989 .
477 2983 496 2998 .,
524 2958 617 3000 quod
645 2981 650 2986 -
681 2983 687 2990 .
716 2984 723 2990 .
750 2956 991 3000 =intamescit).]
