1915 3235
961 121 1048 162 450

205 253 331 293 terito
364 252 693 304 praecipuaest,
739 264 824 304 qua
865 251 908 291 in
939 250 1158 292 narrando
1190 250 1352 292 utimur
1385 249 1546 304 (gypsum
1580 253 1622 292 et
1654 241 1805 305 scripsi

208 323 289 364 alio
338 319 498 375 modo),
547 323 726 373 haerent,
777 335 973 375 eamque,
1023 321 1123 374 quia
1155 321 1315 362 includi
1354 323 1396 362 in
1437 322 1703 375 descriptum
1736 336 1805 364 or-

208 394 366 443 dinem,
401 393 517 446 quod
548 393 713 434 schema
747 393 1031 446 appellamus,
1071 405 1159 433 non
1190 394 1346 445 potest,
1387 393 1536 445 vagari
1567 394 1805 445 patiuntur.

207 465 339 518 Atqui
372 464 562 505 debebat
593 464 773 513 includi3
812 477 915 504 nam
949 463 1022 516 qui
1053 465 1215 511 narrat,
1257 463 1360 516 quid
1392 466 1562 516 gestum
1594 464 1660 514 sit,
1702 477 1807 506 sane

207 549 275 577 res
308 536 524 589 perfectas
557 537 720 576 narrat.
784 534 1027 587 Sequamur
1066 534 1194 587 igitur
1226 534 1269 575 in
1300 534 1571 587 temporibus
1613 535 1807 577 dividen-

189 607 273 648 -dis
306 609 507 648 naturam
543 607 710 655 ducem,
758 605 1146 658 intelligamusque,
1197 605 1387 658 loquenti
1418 618 1505 646 non
1537 607 1808 658 propositum

210 691 317 727 esse,
367 677 482 730 quod
527 678 807 726 demonstret,
857 676 1087 717 discrimen
1125 676 1305 729 perfecti
1345 679 1387 717 et
1425 677 1686 729 imperfecti,
1734 690 1809 719 no-

209 749 375 790 tionum
408 762 433 789 a
465 749 749 801 grammatica
781 747 1035 797 alienarum,
1077 747 1154 788 sed
1187 747 1229 788 id
1262 760 1361 788 eum
1395 747 1630 798 declarare,
1681 761 1811 801 quem

212 821 351 861 locum
386 832 438 860 ea
477 819 582 868 visa,
632 832 728 871 quae
776 818 918 859 verbis
968 820 1176 870 concepta
1214 818 1419 871 proferat,
1469 818 1513 859 in
1553 818 1702 860 ordine
1742 832 1810 860 ac-

211 891 377 932 tionum
410 891 617 943 temporis
651 889 881 930 momentis
921 889 1205 930 discretarum
1238 891 1429 930 teneant.
1493 889 1643 942 Itaque
1677 902 1812 943 quum

211 963 294 1003 tria
326 962 411 1002 sint
442 961 583 1014 prima
617 962 659 1001 et
691 974 862 1001 summa
895 961 1102 1012 temporis
1135 960 1396 1010 discrimina,
1429 973 1622 1013 praesens
1647 961 1812 1002 nullam

212 1033 326 1074 ultra
359 1032 615 1073 divisionem
648 1031 856 1081 admittit3
903 1031 980 1072 sed
1012 1036 1303 1084 praeterquam
1338 1031 1454 1084 quod
1486 1031 1667 1073 actionis
1699 1045 1812 1085 prae-

212 1104 350 1145 teritae
399 1103 559 1156 duplex
606 1115 700 1143 esse
747 1105 891 1155 potest
933 1103 1200 1155 significatio,
1250 1102 1387 1143 altera
1434 1102 1629 1155 simplex,
1679 1115 1814 1155 quum

213 1187 456 1224 narramus,
492 1174 627 1215 altera
653 1178 866 1224 (γέγραφα),
900 1175 943 1215 in
976 1187 1061 1227 qua
1084 1174 1137 1215 sit
1168 1187 1373 1226 expressa
1396 1173 1584 1214 exclusio
1606 1173 1815 1226 temporis

214 1246 439 1299 praesentis
478 1244 606 1298 (adeo
649 1259 736 1287 non
776 1247 840 1286 est
880 1243 1103 1298 praesens),
1153 1258 1285 1297 quam
1333 1245 1486 1286 Latina
1533 1244 1682 1298 lingua
1728 1258 1816 1286 non

214 1317 348 1359 habet
380 1317 555 1369 propria
589 1317 730 1358 forma
763 1329 1027 1369 expressam,
1073 1317 1212 1357 omnis
1245 1318 1288 1357 et
1319 1317 1551 1369 praeteritae
1585 1318 1627 1357 et
1658 1316 1816 1358 futurae

216 1388 395 1429 actionis
427 1388 545 1429 locus
578 1388 638 1428 ita
670 1387 949 1428 determinari
981 1389 1136 1440 potest,
1171 1390 1218 1428 ut
1249 1387 1359 1428 ratio
1392 1387 1607 1428 habeatur
1639 1387 1816 1429 alterius

216 1460 396 1501 actionis
430 1459 520 1500 sive
551 1458 781 1512 praeteritae
815 1459 904 1499 sive
938 1458 1107 1507 futurae,
1141 1458 1185 1499 in
1218 1458 1337 1499 cuius
1365 1460 1537 1511 tempus
1564 1459 1598 1499 si
1623 1459 1816 1499 animum

217 1530 579 1579 transtulerimus,
613 1529 685 1570 illa
717 1531 792 1570 aut
824 1543 1014 1582 praesens
1049 1527 1164 1583 (quae
1197 1529 1451 1582 imperfecto
1477 1529 1626 1571 Graeco
1660 1532 1703 1571 et
1734 1530 1817 1570 La—

218 1602 308 1643 tino
340 1598 622 1655 significatur)
664 1602 739 1641 aut
777 1602 998 1652 praeterita
1042 1600 1176 1653 (quod
1217 1601 1260 1641 in
1302 1601 1522 1653 praeterito
1564 1600 1818 1653 plusquam-

218 1672 458 1725 perfectum
493 1670 782 1724 appellamus)
830 1675 906 1712 aut
948 1671 1093 1713 futura
1133 1673 1364 1724 appareat;
1413 1684 1465 1712 ex
1507 1685 1591 1725 quo
1623 1672 1819 1713 oriuntur

219 1747 418 1796 tempora
450 1743 644 1792 relativa,
686 1756 869 1794 quorum
905 1745 1082 1784 eatenus
1116 1743 1209 1784 aliis
1243 1742 1433 1784 actiones
1466 1743 1684 1795 perfectae,
1726 1743 1819 1784 aliis

166 1823 200 1848 63
219 1815 391 1856 infectae
424 1814 731 1866 significantur,
766 1816 979 1866 quatenus
1013 1827 1141 1855 omne
1172 1827 1365 1866 praesens
1400 1816 1442 1854 et
1466 1814 1662 1855 futurum
1685 1814 1819 1855 infec-

220 1890 311 1926 tum
353 1887 430 1935 est,
471 1885 725 1938 perfectum,
768 1884 884 1936 quod
915 1884 1135 1937 praeteriit.
1150 1881 1183 1936 1)
1246 1884 1371 1925 Hanc
1414 1884 1542 1937 igitur
1574 1887 1820 1937 temporum

222 1958 555 2010 descriptionem
602 1956 663 1997 ita
705 1958 944 2005 teneamus,
993 1958 1041 1996 ut
1087 1969 1165 1997 nec
1214 1956 1359 1996 omnia
1406 1968 1530 2008 aeque
1576 1955 1821 1996 necessaria

260 2121 289 2163 1)
314 2121 488 2165 Exemplo
514 2121 583 2154 hoc
609 2120 686 2154 loco
714 2120 915 2162 ostendam,
943 2131 1054 2164 quam
1082 2120 1208 2154 inscite
1236 2120 1401 2154 nonnulli
1422 2119 1632 2153 huiusmodi
1652 2130 1709 2154 res
1730 2123 1823 2154 trac-

319 2184 405 2222 tent,
433 2180 540 2225 quod,
568 2191 682 2223 quum
709 2180 987 2222 abstractarum,
1015 2191 1104 2224 quas
1122 2182 1265 2220 vocant,
1292 2178 1483 2212 notionum
1502 2178 1690 2212 vocabulis
1718 2178 1822 2212 valde

319 2240 554 2280 delectentur,
594 2250 654 2272 eas
688 2242 811 2272 tamen
846 2238 998 2273 firmiter
1032 2238 1257 2282 concipiendi
1290 2241 1325 2272 et
1359 2237 1539 2271 tractandi
1573 2240 1650 2272 arte
1676 2249 1823 2281 prorsus

320 2302 443 2332 carent
477 2309 554 2339 nec,
593 2298 725 2342 quibus
756 2298 890 2331 finibus
924 2298 1179 2331 contineantur
1211 2297 1368 2331 rationes
1401 2296 1641 2340 notionesque
1674 2297 1720 2330 ad
1754 2307 1823 2330 ser-

320 2368 467 2391 monem
494 2360 529 2391 et
554 2356 843 2400 grammaticam·
865 2357 1100 2401 pertinentes,
1139 2356 1375 2390 constituunt.
1432 2355 1523 2389 Nam
1556 2355 1595 2397 is,
1636 2355 1698 2399 qui
1732 2355 1825 2389 inter

321 2416 587 2450 recentissimos
627 2415 872 2460 copiosissime
911 2416 955 2449 de
993 2415 1229 2460 grammatica
1268 2415 1397 2449 Latina
1428 2414 1580 2458 scripsit,
1614 2412 1825 2457 [Ramshor-

321 2473 430 2517 nius,]
459 2475 494 2508 in
521 2475 612 2509 libro
639 2486 704 2509 suo
731 2474 752 2517 ἓ
778 2474 824 2508 50
850 2487 882 2519 p.
911 2475 953 2508 91
981 2476 1027 2509 ad
1054 2476 1147 2509 hanc
1174 2485 1408 2508 communem
1434 2473 1738 2508 consuetudinem
1764 2484 1824 2517 po-

322 2533 403 2574 suit,
432 2534 528 2577 quod
554 2545 681 2568 omnes
707 2534 962 2578 intelligerent,
995 2545 1165 2578 praesens,
1192 2534 1406 2578 perfectum,
1440 2534 1606 2567 futurum
1633 2543 1710 2566 esse
1737 2535 1825 2566 tem-

323 2603 411 2636 pora
457 2593 639 2634 absoluta,
691 2593 884 2637 simplicia,
930 2593 1183 2637 imperfectum
1229 2596 1369 2634 autem,
1414 2591 1824 2636 plusquamperfectum,
1892 2632 1907 2641 μ

324 2652 489 2685 futurum
528 2655 696 2685 exactum
731 2652 892 2693 relativa,
926 2647 1143 2696 composita;
1183 2652 1245 2685 sed
1284 2651 1321 2684 in
1359 2650 1502 2695 syntaxi
1528 2649 1548 2693 ξ
1575 2650 1653 2691 163,
1693 2650 1826 2684 oblitus
1890 2659 1902 2697 ’ᾖ

324 2710 378 2743 sui
407 2708 486 2751 (etsi
515 2710 589 2753 ipso
616 2711 660 2744 ad
687 2710 708 2753 ξ
735 2711 780 2744 50
805 2712 958 2746 lectores
992 2710 1170 2752 remittit),
1199 2710 1452 2754 imperfectum
1478 2709 1581 2753 ponit
1612 2710 1706 2743 inter
1737 2712 1825 2743 tem-
1888 2714 1897 2730 -’·

326 2780 414 2812 pora
439 2769 615 2810 absoluta,
645 2770 844 2813 perfectum
874 2770 967 2804 inter
995 2770 1155 2811 relativa,
1183 2780 1256 2803 non
1282 2769 1404 2809 verbo,
1433 2780 1477 2802 ne
1504 2768 1584 2812 quis
1611 2768 1647 2802 in
1673 2779 1715 2802 eo
1734 2778 1825 2801 erra-

325 2831 405 2862 tum
431 2831 544 2871 putet,
583 2829 644 2861 sed
672 2832 747 2862 tota
779 2829 1003 2863 tractatione.
1055 2829 1149 2872 Quid
1182 2832 1353 2873 putamus
1385 2828 1468 2861 huic
1501 2828 1710 2861 absolutum
1737 2837 1824 2867 esse,
1888 2838 1892 2842 ’

1890 2804 1906 2832 :f

327 2887 412 2930 quid
442 2887 632 2921 relativum
642 2887 659 2920 ?
1876 2862 1906 2939 ’ἓ
