<?xml version="1.0" encoding="UTF-8"?>
<!DOCTYPE html PUBLIC "-//W3C//DTD XHTML 1.0 Transitional//EN"
    "http://www.w3.org/TR/xhtml1/DTD/xhtml1-transitional.dtd">
<html xmlns="http://www.w3.org/1999/xhtml" xml:lang="en" lang="en">
 <head>
  <title>
</title>
<meta http-equiv="Content-Type" content="text/html;charset=utf-8" />
  <meta name='ocr-system' content='tesseract 3.04.00' />
  <meta name='ocr-capabilities' content='ocr_page ocr_carea ocr_par ocr_line ocrx_word'/>
</head>
<body>
  <div class='ocr_page' id='page_1' title='image "./ionicolaimadvigi00madvuoft_0039.png"; bbox 0 0 1915 3235; ppageno 0'>
   <div class='ocr_carea' id='block_1_1' title="bbox 831 139 882 180">
    <p class='ocr_par' dir='ltr' id='par_1_1' title="bbox 831 139 882 180">
     <span class='ocr_line' id='line_1_1' title="bbox 831 139 882 180; baseline -0.02 0"><span class='ocrx_word' id='word_1_1' title='bbox 831 139 882 180; x_wconf 87' lang='grc'>17</span> 
     </span>
    </p>
   </div>
   <div class='ocr_carea' id='block_1_2' title="bbox 47 267 1651 2574">
    <p class='ocr_par' dir='ltr' id='par_1_2' title="bbox 50 267 1651 1451">
     <span class='ocr_line' id='line_1_2' title="bbox 62 267 1651 322; baseline 0.001 -14"><span class='ocrx_word' id='word_1_2' title='bbox 62 267 207 320; x_wconf 90' lang='lat' dir='ltr'>inepto</span> <span class='ocrx_word' id='word_1_3' title='bbox 239 267 385 320; x_wconf 92' lang='lat' dir='ltr'>scripti</span> <span class='ocrx_word' id='word_1_4' title='bbox 416 267 601 317; x_wconf 77' lang='lat' dir='ltr'>nomine,</span> <span class='ocrx_word' id='word_1_5' title='bbox 636 269 684 308; x_wconf 94' lang='lat' dir='ltr'>ut</span> <span class='ocrx_word' id='word_1_6' title='bbox 714 267 818 309; x_wconf 88' lang='lat' dir='ltr'>nihil</span> <span class='ocrx_word' id='word_1_7' title='bbox 849 268 951 321; x_wconf 86' lang='lat' dir='ltr'>fingi</span> <span class='ocrx_word' id='word_1_8' title='bbox 981 268 1225 322; x_wconf 83' lang='lat' dir='ltr'>perversius</span> <span class='ocrx_word' id='word_1_9' title='bbox 1257 269 1404 321; x_wconf 79' lang='lat' dir='ltr'>possit.</span> <span class='ocrx_word' id='word_1_10' title='bbox 1460 268 1563 320; x_wconf 85' lang='lat' dir='ltr'>Quis</span> <span class='ocrx_word' id='word_1_11' title='bbox 1596 269 1651 311; x_wconf 91' lang='lat' dir='ltr'>sit</span> 
     </span>
     <span class='ocr_line' id='line_1_3' title="bbox 62 337 1650 393; baseline 0.002 -15"><span class='ocrx_word' id='word_1_12' title='bbox 62 340 210 379; x_wconf 88' lang='lat' dir='ltr'>autem</span> <span class='ocrx_word' id='word_1_13' title='bbox 240 338 381 379; x_wconf 88' lang='lat' dir='ltr'>Rufus</span> <span class='ocrx_word' id='word_1_14' title='bbox 420 338 490 379; x_wconf 90' lang='lat' dir='ltr'>ille</span> <span class='ocrx_word' id='word_1_15' title='bbox 529 337 777 388; x_wconf 84' lang='lat' dir='ltr'>Ovidianus,</span> <span class='ocrx_word' id='word_1_16' title='bbox 818 339 1059 392; x_wconf 70' lang='lat' dir='ltr'>ignoratur:</span> <span class='ocrx_word' id='word_1_17' title='bbox 1107 339 1308 380; x_wconf 91' lang='lat' dir='ltr'>Osannus</span> <span class='ocrx_word' id='word_1_18' title='bbox 1347 341 1495 381; x_wconf 87' lang='lat' dir='ltr'>tamen</span> <span class='ocrx_word' id='word_1_19' title='bbox 1534 340 1650 393; x_wconf 87' lang='lat' dir='ltr'>quod</span> 
     </span>
     <span class='ocr_line' id='line_1_4' title="bbox 59 408 1648 463; baseline 0.002 -14"><span class='ocrx_word' id='word_1_20' title='bbox 59 408 242 450; x_wconf 90' lang='lat' dir='ltr'>Cornelii</span> <span class='ocrx_word' id='word_1_21' title='bbox 273 422 432 450; x_wconf 89' lang='lat' dir='ltr'>nomen</span> <span class='ocrx_word' id='word_1_22' title='bbox 464 409 580 462; x_wconf 89' lang='lat' dir='ltr'>apud</span> <span class='ocrx_word' id='word_1_23' title='bbox 606 408 839 461; x_wconf 85' lang='lat' dir='ltr'>Apuleium</span> <span class='ocrx_word' id='word_1_24' title='bbox 863 409 959 451; x_wconf 91' lang='lat' dir='ltr'>ideo</span> <span class='ocrx_word' id='word_1_25' title='bbox 983 410 1185 452; x_wconf 86' lang='lat' dir='ltr'>vitiosum</span> <span class='ocrx_word' id='word_1_26' title='bbox 1210 411 1346 463; x_wconf 80' lang='lat' dir='ltr'>putat,</span> <span class='ocrx_word' id='word_1_27' title='bbox 1380 410 1496 463; x_wconf 77' lang='lat' dir='ltr'>quod</span> <span class='ocrx_word' id='word_1_28' title='bbox 1519 411 1648 452; x_wconf 90' lang='lat' dir='ltr'>Iulius</span> 
     </span>
     <span class='ocr_line' id='line_1_5' title="bbox 57 479 1647 533; baseline 0.002 -14"><span class='ocrx_word' id='word_1_29' title='bbox 57 479 270 520; x_wconf 90' lang='lat' dir='ltr'>Antonius</span> <span class='ocrx_word' id='word_1_30' title='bbox 302 479 442 520; x_wconf 88' lang='lat' dir='ltr'>Rufus</span> <span class='ocrx_word' id='word_1_31' title='bbox 475 479 716 532; x_wconf 78' lang='lat' dir='ltr'>appelletur</span> <span class='ocrx_word' id='word_1_32' title='bbox 758 479 826 520; x_wconf 88' lang='lat' dir='ltr'>hic</span> <span class='ocrx_word' id='word_1_33' title='bbox 866 483 1008 533; x_wconf 79' lang='lat' dir='ltr'>poeta,</span> <span class='ocrx_word' id='word_1_34' title='bbox 1057 480 1269 528; x_wconf 84' lang='lat' dir='ltr'>triumviri</span> <span class='ocrx_word' id='word_1_35' title='bbox 1307 480 1483 522; x_wconf 79' lang='lat' dir='ltr'>Antonii</span> <span class='ocrx_word' id='word_1_36' title='bbox 1522 481 1647 532; x_wconf 81' lang='lat' dir='ltr'>filius,</span> 
     </span>
     <span class='ocr_line' id='line_1_6' title="bbox 57 549 1646 603; baseline 0.003 -13"><span class='ocrx_word' id='word_1_37' title='bbox 57 551 171 591; x_wconf 89' lang='lat' dir='ltr'>hunc</span> <span class='ocrx_word' id='word_1_38' title='bbox 209 549 362 591; x_wconf 89' lang='lat' dir='ltr'>Iulium</span> <span class='ocrx_word' id='word_1_39' title='bbox 401 550 635 591; x_wconf 92' lang='lat' dir='ltr'>Antonium</span> <span class='ocrx_word' id='word_1_40' title='bbox 676 550 860 601; x_wconf 87' lang='lat' dir='ltr'>Rufum,</span> <span class='ocrx_word' id='word_1_41' title='bbox 908 553 956 592; x_wconf 89' lang='lat' dir='ltr'>ut</span> <span class='ocrx_word' id='word_1_42' title='bbox 995 551 1282 593; x_wconf 88' lang='lat' dir='ltr'>Grotefendus</span> <span class='ocrx_word' id='word_1_43' title='bbox 1328 551 1646 603; x_wconf 79' lang='lat' dir='ltr'>animadvertit,</span> 
     </span>
     <span class='ocr_line' id='line_1_7' title="bbox 55 619 1647 673; baseline 0.003 -13"><span class='ocrx_word' id='word_1_44' title='bbox 55 619 146 673; x_wconf 89' lang='lat' dir='ltr'>ipse</span> <span class='ocrx_word' id='word_1_45' title='bbox 178 620 347 661; x_wconf 84' lang='lat' dir='ltr'>videtur</span> <span class='ocrx_word' id='word_1_46' title='bbox 380 621 622 662; x_wconf 88' lang='lat' dir='ltr'>confudisse</span> <span class='ocrx_word' id='word_1_47' title='bbox 662 634 714 661; x_wconf 81' lang='lat' dir='ltr'>ex</span> <span class='ocrx_word' id='word_1_48' title='bbox 745 621 955 662; x_wconf 80' lang='lat' dir='ltr'>triumviri</span> <span class='ocrx_word' id='word_1_49' title='bbox 992 622 1078 664; x_wconf 89' lang='lat' dir='ltr'>filio</span> <span class='ocrx_word' id='word_1_50' title='bbox 1119 625 1161 664; x_wconf 90' lang='lat' dir='ltr'>et</span> <span class='ocrx_word' id='word_1_51' title='bbox 1202 636 1253 663; x_wconf 80' lang='lat' dir='ltr'>ex</span> <span class='ocrx_word' id='word_1_52' title='bbox 1291 622 1479 664; x_wconf 89' lang='lat' dir='ltr'>Antonio</span> <span class='ocrx_word' id='word_1_53' title='bbox 1518 623 1647 673; x_wconf 79' lang='lat' dir='ltr'>Rufo,</span> 
     </span>
     <span class='ocr_line' id='line_1_8' title="bbox 57 691 1646 747; baseline 0.002 -15"><span class='ocrx_word' id='word_1_54' title='bbox 57 704 186 744; x_wconf 86' lang='lat' dir='ltr'>quem</span> <span class='ocrx_word' id='word_1_55' title='bbox 217 692 548 745; x_wconf 83' lang='lat' dir='ltr'>grammaticum</span> <span class='ocrx_word' id='word_1_56' title='bbox 581 691 715 733; x_wconf 89' lang='lat' dir='ltr'>citant</span> <span class='ocrx_word' id='word_1_57' title='bbox 746 691 1034 742; x_wconf 78' lang='lat' dir='ltr'>Quintilianus</span> <span class='ocrx_word' id='word_1_58' title='bbox 1067 695 1109 734; x_wconf 90' lang='lat' dir='ltr'>et</span> <span class='ocrx_word' id='word_1_59' title='bbox 1141 693 1284 734; x_wconf 89' lang='lat' dir='ltr'>Velius</span> <span class='ocrx_word' id='word_1_60' title='bbox 1316 694 1501 747; x_wconf 83' lang='lat' dir='ltr'>Longus,</span> <span class='ocrx_word' id='word_1_61' title='bbox 1534 708 1646 747; x_wconf 80' lang='lat' dir='ltr'>prae-</span> 
     </span>
     <span class='ocr_line' id='line_1_9' title="bbox 52 762 1645 816; baseline 0.003 -13"><span class='ocrx_word' id='word_1_62' title='bbox 52 764 243 803; x_wconf 82' lang='lat' dir='ltr'>textatas</span> <span class='ocrx_word' id='word_1_63' title='bbox 277 765 318 804; x_wconf 91' lang='lat' dir='ltr'>et</span> <span class='ocrx_word' id='word_1_64' title='bbox 350 765 518 816; x_wconf 85' lang='lat' dir='ltr'>togatas</span> <span class='ocrx_word' id='word_1_65' title='bbox 551 762 772 816; x_wconf 89' lang='lat' dir='ltr'>scripsisse</span> <span class='ocrx_word' id='word_1_66' title='bbox 804 763 1054 804; x_wconf 77' lang='lat' dir='ltr'>scholiastes</span> <span class='ocrx_word' id='word_1_67' title='bbox 1088 764 1358 816; x_wconf 87' lang='lat' dir='ltr'>Cruquianus</span> <span class='ocrx_word' id='word_1_68' title='bbox 1399 765 1455 806; x_wconf 90' lang='lat' dir='ltr'>ad</span> <span class='ocrx_word' id='word_1_69' title='bbox 1493 765 1645 807; x_wconf 90' lang='lat' dir='ltr'>Horat.</span> 
     </span>
     <span class='ocr_line' id='line_1_10' title="bbox 56 833 1647 878; baseline 0.002 -4"><span class='ocrx_word' id='word_1_70' title='bbox 56 833 107 874; x_wconf 92' lang='lat' dir='ltr'>A.</span> <span class='ocrx_word' id='word_1_71' title='bbox 140 833 187 874; x_wconf 92' lang='lat' dir='ltr'>P.</span> <span class='ocrx_word' id='word_1_72' title='bbox 221 834 305 875; x_wconf 79' lang='lat'>288</span> <span class='ocrx_word' id='word_1_73' title='bbox 339 836 488 875; x_wconf 78' lang='lat' dir='ltr'>auctor</span> <span class='ocrx_word' id='word_1_74' title='bbox 521 836 598 875; x_wconf 90' lang='lat' dir='ltr'>est.</span> <span class='ocrx_word' id='word_1_75' title='bbox 662 833 787 875; x_wconf 87' lang='lat' dir='ltr'>Hunc</span> <span class='ocrx_word' id='word_1_76' title='bbox 830 834 1070 875; x_wconf 87' lang='lat' dir='ltr'>Homerum</span> <span class='ocrx_word' id='word_1_77' title='bbox 1110 837 1152 875; x_wconf 90' lang='lat' dir='ltr'>et</span> <span class='ocrx_word' id='word_1_78' title='bbox 1190 834 1426 876; x_wconf 79' lang='lat' dir='ltr'>Pindarum</span> <span class='ocrx_word' id='word_1_79' title='bbox 1467 836 1647 878; x_wconf 82' lang='lat' dir='ltr'>vertisse</span> 
     </span>
     <span class='ocr_line' id='line_1_11' title="bbox 58 903 1647 956; baseline 0.003 -12"><span class='ocrx_word' id='word_1_80' title='bbox 58 903 344 956; x_wconf 88' lang='lat' dir='ltr'>Glandorpius</span> <span class='ocrx_word' id='word_1_81' title='bbox 390 904 570 945; x_wconf 90' lang='lat' dir='ltr'>Acronis</span> <span class='ocrx_word' id='word_1_82' title='bbox 617 904 861 945; x_wconf 89' lang='lat' dir='ltr'>testimonio</span> <span class='ocrx_word' id='word_1_83' title='bbox 909 905 1105 954; x_wconf 82' lang='lat' dir='ltr'>tradidit3</span> <span class='ocrx_word' id='word_1_84' title='bbox 1153 905 1229 946; x_wconf 90' lang='lat' dir='ltr'>sed</span> <span class='ocrx_word' id='word_1_85' title='bbox 1275 905 1456 947; x_wconf 85' lang='lat' dir='ltr'>Acronis</span> <span class='ocrx_word' id='word_1_86' title='bbox 1504 907 1647 948; x_wconf 91' lang='lat' dir='ltr'>locum</span> 
     </span>
     <span class='ocr_line' id='line_1_12' title="bbox 52 974 1647 1031; baseline 0.004 -17"><span class='ocrx_word' id='word_1_87' title='bbox 52 986 193 1026; x_wconf 85' lang='lat' dir='ltr'>neque</span> <span class='ocrx_word' id='word_1_88' title='bbox 224 974 543 1016; x_wconf 81' lang='lat' dir='ltr'>Wernsdorfius</span> <span class='ocrx_word' id='word_1_89' title='bbox 567 975 729 1016; x_wconf 79' lang='lat' dir='ltr'>invenit</span> <span class='ocrx_word' id='word_1_90' title='bbox 760 989 900 1028; x_wconf 77' lang='lat' dir='ltr'>neque</span> <span class='ocrx_word' id='word_1_91' title='bbox 933 988 1010 1028; x_wconf 82' lang='lat' dir='ltr'>ego</span> <span class='ocrx_word' id='word_1_92' title='bbox 1042 975 1233 1017; x_wconf 84' lang='lat' dir='ltr'>invenire</span> <span class='ocrx_word' id='word_1_93' title='bbox 1265 977 1405 1029; x_wconf 69' lang='lat' dir='ltr'>potui:</span> <span class='ocrx_word' id='word_1_94' title='bbox 1445 980 1647 1031; x_wconf 84' lang='lat' dir='ltr'>recteque</span> 
     </span>
     <span class='ocr_line' id='line_1_13' title="bbox 52 1045 1647 1101; baseline 0.003 -15"><span class='ocrx_word' id='word_1_95' title='bbox 52 1045 295 1098; x_wconf 87' lang='lat' dir='ltr'>suspicatur</span> <span class='ocrx_word' id='word_1_96' title='bbox 326 1046 659 1096; x_wconf 77' lang='lat' dir='ltr'>Wernsdorfius,</span> <span class='ocrx_word' id='word_1_97' title='bbox 693 1046 1003 1099; x_wconf 85' lang='lat' dir='ltr'>Glandorpium</span> <span class='ocrx_word' id='word_1_98' title='bbox 1027 1046 1247 1088; x_wconf 79' lang='lat' dir='ltr'>memoriae</span> <span class='ocrx_word' id='word_1_99' title='bbox 1273 1060 1417 1089; x_wconf 89' lang='lat' dir='ltr'>errore</span> <span class='ocrx_word' id='word_1_100' title='bbox 1441 1048 1496 1099; x_wconf 83' lang='lat' dir='ltr'>id,</span> <span class='ocrx_word' id='word_1_101' title='bbox 1531 1049 1647 1101; x_wconf 89' lang='lat' dir='ltr'>quod</span> 
     </span>
     <span class='ocr_line' id='line_1_14' title="bbox 55 1116 1645 1172; baseline 0.003 -16"><span class='ocrx_word' id='word_1_102' title='bbox 55 1129 106 1156; x_wconf 82' lang='lat' dir='ltr'>ex</span> <span class='ocrx_word' id='word_1_103' title='bbox 146 1116 211 1157; x_wconf 91' lang='lat' dir='ltr'>his</span> <span class='ocrx_word' id='word_1_104' title='bbox 251 1116 391 1158; x_wconf 86' lang='lat' dir='ltr'>Ovidii</span> <span class='ocrx_word' id='word_1_105' title='bbox 430 1116 638 1167; x_wconf 79' lang='lat' dir='ltr'>versibus,</span> <span class='ocrx_word' id='word_1_106' title='bbox 689 1117 844 1170; x_wconf 86' lang='lat' dir='ltr'>quibus</span> <span class='ocrx_word' id='word_1_107' title='bbox 891 1130 978 1158; x_wconf 93' lang='lat' dir='ltr'>non</span> <span class='ocrx_word' id='word_1_108' title='bbox 1025 1117 1199 1158; x_wconf 80' lang='lat' dir='ltr'>vidisset</span> <span class='ocrx_word' id='word_1_109' title='bbox 1249 1118 1356 1159; x_wconf 92' lang='lat' dir='ltr'>duos</span> <span class='ocrx_word' id='word_1_110' title='bbox 1404 1118 1645 1172; x_wconf 73' lang='lat' dir='ltr'>significari,</span> 
     </span>
     <span class='ocr_line' id='line_1_15' title="bbox 50 1185 1647 1241; baseline 0.002 -14"><span class='ocrx_word' id='word_1_111' title='bbox 50 1187 317 1240; x_wconf 75' lang='lat' dir='ltr'>sumpsisset,</span> <span class='ocrx_word' id='word_1_112' title='bbox 351 1189 407 1229; x_wconf 90' lang='lat' dir='ltr'>ad</span> <span class='ocrx_word' id='word_1_113' title='bbox 439 1188 654 1229; x_wconf 89' lang='lat' dir='ltr'>Acronem</span> <span class='ocrx_word' id='word_1_114' title='bbox 686 1185 962 1239; x_wconf 87' lang='lat' dir='ltr'>rettulisse.¹)</span> <span class='ocrx_word' id='word_1_115' title='bbox 1017 1188 1265 1241; x_wconf 87' lang='lat' dir='ltr'>Sequuntur</span> <span class='ocrx_word' id='word_1_116' title='bbox 1297 1189 1414 1241; x_wconf 92' lang='lat' dir='ltr'>apud</span> <span class='ocrx_word' id='word_1_117' title='bbox 1446 1188 1647 1230; x_wconf 77' lang='lat' dir='ltr'>Ovidium</span> 
     </span>
     <span class='ocr_line' id='line_1_16' title="bbox 53 1257 1646 1314; baseline 0.003 -16"><span class='ocrx_word' id='word_1_118' title='bbox 53 1257 291 1299; x_wconf 84' lang='lat' dir='ltr'>Turranius</span> <span class='ocrx_word' id='word_1_119' title='bbox 323 1258 532 1308; x_wconf 84' lang='lat' dir='ltr'>Melissus,</span> <span class='ocrx_word' id='word_1_120' title='bbox 566 1259 704 1299; x_wconf 85' lang='lat' dir='ltr'>Varus</span> <span class='ocrx_word' id='word_1_121' title='bbox 737 1272 769 1299; x_wconf 91' lang='lat' dir='ltr'>s.</span> <span class='ocrx_word' id='word_1_122' title='bbox 803 1258 969 1307; x_wconf 85' lang='lat' dir='ltr'>Varius,</span> <span class='ocrx_word' id='word_1_123' title='bbox 1006 1259 1238 1309; x_wconf 74' lang='lat' dir='ltr'>Gracchus,</span> <span class='ocrx_word' id='word_1_124' title='bbox 1273 1273 1422 1301; x_wconf 88' lang='lat' dir='ltr'>omnes</span> <span class='ocrx_word' id='word_1_125' title='bbox 1455 1260 1498 1301; x_wconf 90' lang='lat' dir='ltr'>in</span> <span class='ocrx_word' id='word_1_126' title='bbox 1531 1261 1646 1314; x_wconf 83' lang='lat' dir='ltr'>frag-</span> 
     </span>
     <span class='ocr_line' id='line_1_17' title="bbox 52 1326 1097 1381; baseline 0.002 -13"><span class='ocrx_word' id='word_1_127' title='bbox 52 1328 208 1369; x_wconf 89' lang='lat' dir='ltr'>mentis</span> <span class='ocrx_word' id='word_1_128' title='bbox 241 1326 418 1381; x_wconf 74' lang='lat' dir='ltr'>citati.2)</span> <span class='ocrx_word' id='word_1_129' title='bbox 481 1329 707 1371; x_wconf 76' lang='lat' dir='ltr'>Proximus</span> <span class='ocrx_word' id='word_1_130' title='bbox 742 1332 805 1370; x_wconf 89' lang='lat' dir='ltr'>est</span> <span class='ocrx_word' id='word_1_131' title='bbox 837 1342 986 1370; x_wconf 84' lang='lat' dir='ltr'>versus</span> <span class='ocrx_word' id='word_1_132' title='bbox 1020 1329 1097 1370; x_wconf 76' lang='lat'>32:</span> 
     </span>
     <span class='ocr_line' id='line_1_18' title="bbox 359 1400 1331 1451; baseline 0.001 -10"><span class='ocrx_word' id='word_1_133' title='bbox 359 1400 610 1441; x_wconf 82' lang='lat' dir='ltr'>Callimachi</span> <span class='ocrx_word' id='word_1_134' title='bbox 641 1400 848 1441; x_wconf 87' lang='lat' dir='ltr'>Proculus</span> <span class='ocrx_word' id='word_1_135' title='bbox 880 1400 1009 1441; x_wconf 90' lang='lat' dir='ltr'>molle</span> <span class='ocrx_word' id='word_1_136' title='bbox 1041 1402 1208 1441; x_wconf 89' lang='lat' dir='ltr'>teneret</span> <span class='ocrx_word' id='word_1_137' title='bbox 1240 1401 1331 1451; x_wconf 85' lang='lat' dir='ltr'>iter,</span> 
     </span>
    </p>

    <p class='ocr_par' dir='ltr' id='par_1_3' title="bbox 49 1469 1646 2089">
     <span class='ocr_line' id='line_1_19' title="bbox 50 1469 1644 1525; baseline 0.003 -16"><span class='ocrx_word' id='word_1_138' title='bbox 50 1469 163 1510; x_wconf 90' lang='lat' dir='ltr'>unde</span> <span class='ocrx_word' id='word_1_139' title='bbox 195 1484 236 1523; x_wconf 89' lang='lat' dir='ltr'>p.</span> <span class='ocrx_word' id='word_1_140' title='bbox 260 1470 287 1511; x_wconf 99' lang='lat'>4</span> <span class='ocrx_word' id='word_1_141' title='bbox 319 1469 393 1522; x_wconf 70' lang='lat'>§4</span> <span class='ocrx_word' id='word_1_142' title='bbox 425 1473 508 1512; x_wconf 91' lang='lat' dir='ltr'>est:</span> <span class='ocrx_word' id='word_1_143' title='bbox 546 1471 589 1512; x_wconf 82' lang='lat' dir='ltr'>C.</span> <span class='ocrx_word' id='word_1_144' title='bbox 620 1471 823 1512; x_wconf 78' lang='lat' dir='ltr'>Proculus</span> <span class='ocrx_word' id='word_1_145' title='bbox 854 1472 899 1511; x_wconf 70' lang='lat' dir='ltr'>ia</span> <span class='ocrx_word' id='word_1_146' title='bbox 931 1485 1009 1511; x_wconf 78' lang='lat' dir='ltr'>sua</span> <span class='ocrx_word' id='word_1_147' title='bbox 1033 1470 1165 1525; x_wconf 66' lang='lat' dir='ltr'>Lyde,</span> <span class='ocrx_word' id='word_1_148' title='bbox 1198 1485 1240 1524; x_wconf 89' lang='lat' dir='ltr'>p.</span> <span class='ocrx_word' id='word_1_149' title='bbox 1265 1474 1411 1513; x_wconf 90' lang='lat' dir='ltr'>autem</span> <span class='ocrx_word' id='word_1_150' title='bbox 1447 1473 1495 1512; x_wconf 87' lang='lat'>11</span> <span class='ocrx_word' id='word_1_151' title='bbox 1522 1471 1644 1524; x_wconf 76' lang='lat'>§432</span> 
     </span>
     <span class='ocr_line' id='line_1_20' title="bbox 50 1539 1646 1598; baseline 0.003 -18"><span class='ocrx_word' id='word_1_152' title='bbox 50 1539 122 1580; x_wconf 79' lang='lat' dir='ltr'>sed</span> <span class='ocrx_word' id='word_1_153' title='bbox 154 1545 190 1580; x_wconf 77' lang='lat' dir='ltr'>et</span> <span class='ocrx_word' id='word_1_154' title='bbox 224 1540 267 1581; x_wconf 84' lang='lat' dir='ltr'>C.</span> <span class='ocrx_word' id='word_1_155' title='bbox 301 1541 504 1582; x_wconf 75' lang='lat' dir='ltr'>Proculus</span> <span class='ocrx_word' id='word_1_156' title='bbox 536 1541 833 1582; x_wconf 71' lang='lat' dir='ltr'>Antimachum</span> <span class='ocrx_word' id='word_1_157' title='bbox 868 1546 1030 1582; x_wconf 78' lang='lat' dir='ltr'>secatus</span> <span class='ocrx_word' id='word_1_158' title='bbox 1063 1543 1103 1582; x_wconf 75' lang='lat' dir='ltr'>in</span> <span class='ocrx_word' id='word_1_159' title='bbox 1138 1555 1270 1595; x_wconf 74' lang='lat' dir='ltr'>opere,</span> <span class='ocrx_word' id='word_1_160' title='bbox 1305 1543 1414 1597; x_wconf 74' lang='lat' dir='ltr'>quod</span> <span class='ocrx_word' id='word_1_161' title='bbox 1445 1543 1495 1583; x_wconf 81' lang='lat' dir='ltr'>(le</span> <span class='ocrx_word' id='word_1_162' title='bbox 1527 1543 1646 1598; x_wconf 70' lang='lat' dir='ltr'>Lyde</span> 
     </span>
     <span class='ocr_line' id='line_1_21' title="bbox 52 1611 1646 1667; baseline 0.003 -16"><span class='ocrx_word' id='word_1_163' title='bbox 52 1615 93 1666; x_wconf 15' lang='lat' dir='ltr'>et*</span> <span class='ocrx_word' id='word_1_164' title='bbox 119 1612 206 1664; x_wconf 48' lang='lat' dir='ltr'>*ipse</span> <span class='ocrx_word' id='word_1_165' title='bbox 236 1611 358 1652; x_wconf 78' lang='lat' dir='ltr'>habet</span> <span class='ocrx_word' id='word_1_166' title='bbox 389 1617 546 1653; x_wconf 67' lang='lat' dir='ltr'>eentzcm</span> <span class='ocrx_word' id='word_1_167' title='bbox 583 1617 618 1653; x_wconf 79' lang='lat' dir='ltr'>et</span> <span class='ocrx_word' id='word_1_168' title='bbox 649 1612 937 1667; x_wconf 69' lang='lat' dir='ltr'>quaclrayinta</span> <span class='ocrx_word' id='word_1_169' title='bbox 971 1613 1176 1667; x_wconf 69' lang='lat' dir='ltr'>eleqorum</span> <span class='ocrx_word' id='word_1_170' title='bbox 1209 1613 1355 1664; x_wconf 67' lang='lat' dir='ltr'>libris;</span> <span class='ocrx_word' id='word_1_171' title='bbox 1393 1614 1503 1654; x_wconf 65' lang='lat' dir='ltr'>made</span> <span class='ocrx_word' id='word_1_172' title='bbox 1535 1615 1646 1656; x_wconf 80' lang='lat' dir='ltr'>latus</span> 
     </span>
     <span class='ocr_line' id='line_1_22' title="bbox 55 1681 1645 1737; baseline 0.003 -16"><span class='ocrx_word' id='word_1_173' title='bbox 55 1681 338 1724; x_wconf 72' lang='lat' dir='ltr'>Callimachus</span> <span class='ocrx_word' id='word_1_174' title='bbox 387 1683 430 1724; x_wconf 81' lang='lat' dir='ltr'>C.</span> <span class='ocrx_word' id='word_1_175' title='bbox 472 1683 639 1724; x_wconf 67' lang='lat' dir='ltr'>Melissa</span> <span class='ocrx_word' id='word_1_176' title='bbox 688 1685 728 1724; x_wconf 78' lang='lat' dir='ltr'>in</span> <span class='ocrx_word' id='word_1_177' title='bbox 778 1682 898 1724; x_wconf 68' lang='lat' dir='ltr'>libris</span> <span class='ocrx_word' id='word_1_178' title='bbox 944 1684 1128 1724; x_wconf 66' lang='lat' dir='ltr'>iocorum</span> <span class='ocrx_word' id='word_1_179' title='bbox 1173 1683 1349 1736; x_wconf 71' lang='lat' dir='ltr'>elicitur,</span> <span class='ocrx_word' id='word_1_180' title='bbox 1398 1684 1441 1725; x_wconf 92' lang='lat' dir='ltr'>in</span> <span class='ocrx_word' id='word_1_181' title='bbox 1489 1685 1645 1737; x_wconf 87' lang='lat' dir='ltr'>quibus</span> 
     </span>
     <span class='ocr_line' id='line_1_23' title="bbox 49 1752 1645 1808; baseline 0.003 -16"><span class='ocrx_word' id='word_1_182' title='bbox 49 1752 231 1806; x_wconf 84' lang='lat' dir='ltr'>scriptor</span> <span class='ocrx_word' id='word_1_183' title='bbox 262 1757 439 1807; x_wconf 82' lang='lat' dir='ltr'>propter</span> <span class='ocrx_word' id='word_1_184' title='bbox 470 1755 598 1796; x_wconf 90' lang='lat' dir='ltr'>molle</span> <span class='ocrx_word' id='word_1_185' title='bbox 631 1754 735 1795; x_wconf 89' lang='lat' dir='ltr'>illud</span> <span class='ocrx_word' id='word_1_186' title='bbox 767 1754 1018 1795; x_wconf 87' lang='lat' dir='ltr'>Callimachi</span> <span class='ocrx_word' id='word_1_187' title='bbox 1049 1755 1130 1796; x_wconf 83' lang='lat' dir='ltr'>iter</span> <span class='ocrx_word' id='word_1_188' title='bbox 1162 1757 1463 1808; x_wconf 84' lang='lat' dir='ltr'>argumentum</span> <span class='ocrx_word' id='word_1_189' title='bbox 1500 1755 1645 1808; x_wconf 83' lang='lat' dir='ltr'>elegiae</span> 
     </span>
     <span class='ocr_line' id='line_1_24' title="bbox 51 1822 1644 1875; baseline 0.003 -12"><span class='ocrx_word' id='word_1_190' title='bbox 51 1822 249 1864; x_wconf 79' lang='lat' dir='ltr'>Graeeum</span> <span class='ocrx_word' id='word_1_191' title='bbox 281 1825 462 1866; x_wconf 82' lang='lat' dir='ltr'>Proculo</span> <span class='ocrx_word' id='word_1_192' title='bbox 495 1825 625 1875; x_wconf 91' lang='lat' dir='ltr'>dedit,</span> <span class='ocrx_word' id='word_1_193' title='bbox 674 1825 751 1866; x_wconf 88' lang='lat' dir='ltr'>sed</span> <span class='ocrx_word' id='word_1_194' title='bbox 790 1825 846 1866; x_wconf 87' lang='lat' dir='ltr'>ab</span> <span class='ocrx_word' id='word_1_195' title='bbox 879 1825 1154 1874; x_wconf 85' lang='lat' dir='ltr'>Antimacho,</span> <span class='ocrx_word' id='word_1_196' title='bbox 1204 1839 1290 1867; x_wconf 90' lang='lat' dir='ltr'>non</span> <span class='ocrx_word' id='word_1_197' title='bbox 1322 1839 1348 1866; x_wconf 91' lang='lat' dir='ltr'>a</span> <span class='ocrx_word' id='word_1_198' title='bbox 1380 1825 1644 1867; x_wconf 89' lang='lat' dir='ltr'>Callimacho</span> 
     </span>
     <span class='ocr_line' id='line_1_25' title="bbox 50 1896 1644 1949; baseline 0.003 -15"><span class='ocrx_word' id='word_1_199' title='bbox 50 1897 285 1947; x_wconf 77' lang='lat' dir='ltr'>sumptum,</span> <span class='ocrx_word' id='word_1_200' title='bbox 335 1896 449 1948; x_wconf 88' lang='lat' dir='ltr'>quod</span> <span class='ocrx_word' id='word_1_201' title='bbox 493 1896 692 1938; x_wconf 88' lang='lat' dir='ltr'>Osannus</span> <span class='ocrx_word' id='word_1_202' title='bbox 737 1910 869 1949; x_wconf 85' lang='lat' dir='ltr'>quum</span> <span class='ocrx_word' id='word_1_203' title='bbox 913 1896 1288 1937; x_wconf 74' lang='lat' dir='ltr'>animadvertisset</span> <span class='ocrx_word' id='word_1_204' title='bbox 1327 1899 1368 1937; x_wconf 91' lang='lat' dir='ltr'>et</span> <span class='ocrx_word' id='word_1_205' title='bbox 1410 1896 1534 1937; x_wconf 88' lang='lat' dir='ltr'>docte</span> <span class='ocrx_word' id='word_1_206' title='bbox 1574 1910 1644 1938; x_wconf 84' lang='lat' dir='ltr'>ar—</span> 
     </span>
     <span class='ocr_line' id='line_1_26' title="bbox 50 1965 1644 2019; baseline 0.002 -14"><span class='ocrx_word' id='word_1_207' title='bbox 50 1965 229 2017; x_wconf 82' lang='lat' dir='ltr'>guisset,</span> <span class='ocrx_word' id='word_1_208' title='bbox 286 1967 537 2019; x_wconf 82' lang='lat' dir='ltr'>corrigendo</span> <span class='ocrx_word' id='word_1_209' title='bbox 592 1967 821 2008; x_wconf 85' lang='lat' dir='ltr'>subvenire</span> <span class='ocrx_word' id='word_1_210' title='bbox 875 1969 1054 2008; x_wconf 88' lang='lat' dir='ltr'>conatus</span> <span class='ocrx_word' id='word_1_211' title='bbox 1103 1969 1180 2007; x_wconf 89' lang='lat' dir='ltr'>est.</span> <span class='ocrx_word' id='word_1_212' title='bbox 1260 1966 1439 2007; x_wconf 86' lang='lat' dir='ltr'>Omissis</span> <span class='ocrx_word' id='word_1_213' title='bbox 1489 1967 1644 2008; x_wconf 85' lang='lat' dir='ltr'>deinde</span> 
     </span>
     <span class='ocr_line' id='line_1_27' title="bbox 51 2035 1199 2089; baseline 0.003 -14"><span class='ocrx_word' id='word_1_214' title='bbox 51 2035 219 2077; x_wconf 89' lang='lat' dir='ltr'>duobus</span> <span class='ocrx_word' id='word_1_215' title='bbox 252 2038 368 2089; x_wconf 89' lang='lat' dir='ltr'>apud</span> <span class='ocrx_word' id='word_1_216' title='bbox 401 2037 602 2079; x_wconf 75' lang='lat' dir='ltr'>Ovidium</span> <span class='ocrx_word' id='word_1_217' title='bbox 634 2037 842 2086; x_wconf 84' lang='lat' dir='ltr'>versibus,</span> <span class='ocrx_word' id='word_1_218' title='bbox 878 2050 930 2078; x_wconf 77' lang='lat' dir='ltr'>ex</span> <span class='ocrx_word' id='word_1_219' title='bbox 962 2050 1088 2078; x_wconf 86' lang='lat' dir='ltr'>versu</span> <span class='ocrx_word' id='word_1_220' title='bbox 1121 2037 1199 2078; x_wconf 81' lang='lat'>35:</span> 
     </span>
    </p>

    <p class='ocr_par' dir='ltr' id='par_1_4' title="bbox 47 2108 1644 2574">
     <span class='ocr_line' id='line_1_28' title="bbox 299 2108 1391 2162; baseline 0.002 -14"><span class='ocrx_word' id='word_1_221' title='bbox 299 2108 460 2150; x_wconf 89' lang='lat' dir='ltr'>Naidas</span> <span class='ocrx_word' id='word_1_222' title='bbox 493 2122 519 2150; x_wconf 90' lang='lat' dir='ltr'>a</span> <span class='ocrx_word' id='word_1_223' title='bbox 551 2109 715 2162; x_wconf 80' lang='lat' dir='ltr'>Satyris</span> <span class='ocrx_word' id='word_1_224' title='bbox 749 2110 923 2149; x_wconf 88' lang='lat' dir='ltr'>caneret</span> <span class='ocrx_word' id='word_1_225' title='bbox 956 2108 1176 2149; x_wconf 84' lang='lat' dir='ltr'>Fontanus</span> <span class='ocrx_word' id='word_1_226' title='bbox 1209 2111 1391 2157; x_wconf 78' lang='lat' dir='ltr'>amatas,</span> 
     </span>
     <span class='ocr_line' id='line_1_29' title="bbox 47 2177 1643 2232; baseline 0.001 -14"><span class='ocrx_word' id='word_1_227' title='bbox 47 2177 165 2229; x_wconf 89' lang='lat' dir='ltr'>apud</span> <span class='ocrx_word' id='word_1_228' title='bbox 196 2178 426 2231; x_wconf 88' lang='lat' dir='ltr'>Apuleium</span> <span class='ocrx_word' id='word_1_229' title='bbox 460 2179 666 2232; x_wconf 86' lang='lat' dir='ltr'>scriptum</span> <span class='ocrx_word' id='word_1_230' title='bbox 701 2181 765 2220; x_wconf 89' lang='lat' dir='ltr'>est</span> <span class='ocrx_word' id='word_1_231' title='bbox 796 2193 837 2232; x_wconf 89' lang='lat' dir='ltr'>p.</span> <span class='ocrx_word' id='word_1_232' title='bbox 871 2179 899 2219; x_wconf 87' lang='lat'>4</span> <span class='ocrx_word' id='word_1_233' title='bbox 931 2177 953 2230; x_wconf 63' lang='grc' dir='ltr'>ξ</span> <span class='ocrx_word' id='word_1_234' title='bbox 986 2179 1034 2219; x_wconf 92' lang='lat'>4:</span> <span class='ocrx_word' id='word_1_235' title='bbox 1069 2178 1151 2219; x_wconf 69' lang='lat' dir='ltr'>Sed</span> <span class='ocrx_word' id='word_1_236' title='bbox 1184 2184 1219 2219; x_wconf 83' lang='lat' dir='ltr'>et</span> <span class='ocrx_word' id='word_1_237' title='bbox 1253 2178 1313 2219; x_wconf 80' lang='lat' dir='ltr'>M.</span> <span class='ocrx_word' id='word_1_238' title='bbox 1350 2179 1566 2221; x_wconf 74' lang='lat' dir='ltr'>Fontanus</span> <span class='ocrx_word' id='word_1_239' title='bbox 1598 2181 1643 2220; x_wconf 64' lang='lat' dir='ltr'>in</span> 
     </span>
     <span class='ocr_line' id='line_1_30' title="bbox 49 2248 1644 2305; baseline 0.001 -17"><span class='ocrx_word' id='word_1_240' title='bbox 49 2248 327 2302; x_wconf 68' lang='lat' dir='ltr'>nfflnpharmn</span> <span class='ocrx_word' id='word_1_241' title='bbox 363 2255 398 2291; x_wconf 78' lang='lat' dir='ltr'>et</span> <span class='ocrx_word' id='word_1_242' title='bbox 429 2255 667 2305; x_wconf 67' lang='lat' dir='ltr'>satyrorum</span> <span class='ocrx_word' id='word_1_243' title='bbox 703 2249 914 2290; x_wconf 73' lang='lat' dir='ltr'>amoribus</span> <span class='ocrx_word' id='word_1_244' title='bbox 947 2252 988 2290; x_wconf 91' lang='lat' dir='ltr'>et</span> <span class='ocrx_word' id='word_1_245' title='bbox 1020 2263 1060 2301; x_wconf 89' lang='lat' dir='ltr'>p.</span> <span class='ocrx_word' id='word_1_246' title='bbox 1090 2250 1143 2290; x_wconf 86' lang='lat'>10</span> <span class='ocrx_word' id='word_1_247' title='bbox 1175 2248 1197 2300; x_wconf 62' lang='grc' dir='ltr'>ξ</span> <span class='ocrx_word' id='word_1_248' title='bbox 1223 2250 1300 2290; x_wconf 76' lang='lat'>42:</span> <span class='ocrx_word' id='word_1_249' title='bbox 1335 2249 1395 2290; x_wconf 82' lang='lat' dir='ltr'>M.</span> <span class='ocrx_word' id='word_1_250' title='bbox 1427 2249 1644 2291; x_wconf 73' lang='lat' dir='ltr'>Fontanus</span> 
     </span>
     <span class='ocr_line' id='line_1_31' title="bbox 47 2319 1642 2376; baseline 0.003 -19"><span class='ocrx_word' id='word_1_251' title='bbox 47 2319 92 2358; x_wconf 69' lang='lat' dir='ltr'>in</span> <span class='ocrx_word' id='word_1_252' title='bbox 129 2320 412 2373; x_wconf 70' lang='lat' dir='ltr'>nympharum</span> <span class='ocrx_word' id='word_1_253' title='bbox 450 2326 767 2376; x_wconf 69' lang='lat' dir='ltr'>satyrorumque</span> <span class='ocrx_word' id='word_1_254' title='bbox 801 2319 1012 2361; x_wconf 68' lang='lat' dir='ltr'>amoribus</span> <span class='ocrx_word' id='word_1_255' title='bbox 1044 2320 1149 2361; x_wconf 73' lang='lat' dir='ltr'>libro</span> <span class='ocrx_word' id='word_1_256' title='bbox 1183 2320 1275 2361; x_wconf 86' lang='lat' dir='ltr'>III.</span> <span class='ocrx_word' id='word_1_257' title='bbox 1339 2320 1527 2374; x_wconf 85' lang='lat' dir='ltr'>Capella,</span> <span class='ocrx_word' id='word_1_258' title='bbox 1571 2322 1642 2373; x_wconf 86' lang='lat' dir='ltr'>qui</span> 
     </span>
     <span class='ocr_line' id='line_1_32' title="bbox 48 2389 1641 2444; baseline 0.001 -13"><span class='ocrx_word' id='word_1_259' title='bbox 48 2389 249 2444; x_wconf 89' lang='lat' dir='ltr'>deinceps</span> <span class='ocrx_word' id='word_1_260' title='bbox 289 2395 353 2432; x_wconf 89' lang='lat' dir='ltr'>est</span> <span class='ocrx_word' id='word_1_261' title='bbox 392 2392 509 2444; x_wconf 89' lang='lat' dir='ltr'>apud</span> <span class='ocrx_word' id='word_1_262' title='bbox 549 2392 763 2441; x_wconf 84' lang='lat' dir='ltr'>Ovidium,</span> <span class='ocrx_word' id='word_1_263' title='bbox 807 2392 1037 2440; x_wconf 72' lang='lat' dir='ltr'>omittitur:</span> <span class='ocrx_word' id='word_1_264' title='bbox 1085 2405 1215 2444; x_wconf 87' lang='lat' dir='ltr'>quem</span> <span class='ocrx_word' id='word_1_265' title='bbox 1254 2394 1402 2433; x_wconf 91' lang='lat' dir='ltr'>autem</span> <span class='ocrx_word' id='word_1_266' title='bbox 1442 2392 1641 2433; x_wconf 88' lang='lat' dir='ltr'>ultimum</span> 
     </span>
     <span class='ocr_line' id='line_1_33' title="bbox 47 2460 1641 2516; baseline 0.002 -15"><span class='ocrx_word' id='word_1_267' title='bbox 47 2460 325 2502; x_wconf 83' lang='lat' dir='ltr'>vehementer</span> <span class='ocrx_word' id='word_1_268' title='bbox 372 2462 533 2512; x_wconf 83' lang='lat' dir='ltr'>laudat,</span> <span class='ocrx_word' id='word_1_269' title='bbox 583 2462 709 2504; x_wconf 88' lang='lat' dir='ltr'>Cotta</span> <span class='ocrx_word' id='word_1_270' title='bbox 755 2462 872 2515; x_wconf 86' lang='lat' dir='ltr'>apud</span> <span class='ocrx_word' id='word_1_271' title='bbox 918 2462 1149 2515; x_wconf 90' lang='lat' dir='ltr'>Apuleium</span> <span class='ocrx_word' id='word_1_272' title='bbox 1197 2477 1238 2516; x_wconf 91' lang='lat' dir='ltr'>p.</span> <span class='ocrx_word' id='word_1_273' title='bbox 1272 2463 1299 2503; x_wconf 93' lang='lat'>4</span> <span class='ocrx_word' id='word_1_274' title='bbox 1339 2461 1362 2515; x_wconf 67' lang='grc' dir='ltr'>ξ</span> <span class='ocrx_word' id='word_1_275' title='bbox 1395 2463 1420 2503; x_wconf 81' lang='lat'><strong>3</strong></span> <span class='ocrx_word' id='word_1_276' title='bbox 1465 2463 1641 2504; x_wconf 88' lang='lat' dir='ltr'>citatur:</span> 
     </span>
     <span class='ocr_line' id='line_1_34' title="bbox 50 2531 673 2574; baseline 0.005 -3"><span class='ocrx_word' id='word_1_277' title='bbox 50 2531 166 2572; x_wconf 83' lang='lat' dir='ltr'>Cotta</span> <span class='ocrx_word' id='word_1_278' title='bbox 198 2533 243 2573; x_wconf 76' lang='lat' dir='ltr'>in</span> <span class='ocrx_word' id='word_1_279' title='bbox 277 2533 527 2574; x_wconf 73' lang='lat' dir='ltr'>Pharsalico</span> <span class='ocrx_word' id='word_1_280' title='bbox 561 2533 673 2574; x_wconf 81' lang='lat' dir='ltr'>bello.</span> 
     </span>
    </p>
   </div>
   <div class='ocr_carea' id='block_1_3' title="bbox 84 2730 1640 2954">
    <p class='ocr_par' dir='ltr' id='par_1_5' title="bbox 84 2730 1640 2954">
     <span class='ocr_line' id='line_1_35' title="bbox 84 2730 1639 2778; baseline -0.001 -11"><span class='ocrx_word' id='word_1_281' title='bbox 84 2730 114 2775; x_wconf 86' lang='lat'>¹)</span> <span class='ocrx_word' id='word_1_282' title='bbox 140 2733 307 2768; x_wconf 83' lang='lat' dir='ltr'>Wernsd.</span> <span class='ocrx_word' id='word_1_283' title='bbox 333 2733 433 2767; x_wconf 90' lang='lat' dir='ltr'>Poet.</span> <span class='ocrx_word' id='word_1_284' title='bbox 461 2734 537 2767; x_wconf 86' lang='lat' dir='ltr'>Lat.</span> <span class='ocrx_word' id='word_1_285' title='bbox 565 2734 647 2768; x_wconf 89' lang='lat' dir='ltr'>Min.</span> <span class='ocrx_word' id='word_1_286' title='bbox 675 2734 722 2767; x_wconf 92' lang='lat' dir='ltr'>III</span> <span class='ocrx_word' id='word_1_287' title='bbox 748 2745 782 2778; x_wconf 92' lang='lat' dir='ltr'>p.</span> <span class='ocrx_word' id='word_1_288' title='bbox 810 2734 905 2767; x_wconf 84' lang='lat' dir='ltr'>XXX</span> <span class='ocrx_word' id='word_1_289' title='bbox 939 2734 1016 2768; x_wconf 92' lang='lat' dir='ltr'>coll.</span> <span class='ocrx_word' id='word_1_290' title='bbox 1044 2733 1108 2774; x_wconf 81' lang='lat' dir='ltr'>IV,</span> <span class='ocrx_word' id='word_1_291' title='bbox 1146 2732 1215 2766; x_wconf 75' lang='lat'>585</span> <span class='ocrx_word' id='word_1_292' title='bbox 1242 2744 1318 2776; x_wconf 83' lang='lat' dir='ltr'>sqq.</span> <span class='ocrx_word' id='word_1_293' title='bbox 1367 2732 1639 2777; x_wconf 69' lang='lat' dir='ltr'>Ghmdorpium,</span> 
     </span>
     <span class='ocr_line' id='line_1_36' title="bbox 140 2791 1640 2837; baseline -0.001 -10"><span class='ocrx_word' id='word_1_294' title='bbox 140 2796 180 2827; x_wconf 92' lang='lat' dir='ltr'>ut</span> <span class='ocrx_word' id='word_1_295' title='bbox 206 2793 342 2837; x_wconf 74' lang='lat' dir='ltr'>opinor,</span> <span class='ocrx_word' id='word_1_296' title='bbox 377 2795 525 2826; x_wconf 86' lang='lat' dir='ltr'>secutus</span> <span class='ocrx_word' id='word_1_297' title='bbox 557 2792 653 2826; x_wconf 89' lang='lat' dir='ltr'>idem</span> <span class='ocrx_word' id='word_1_298' title='bbox 688 2792 835 2826; x_wconf 86' lang='lat' dir='ltr'>tradidit</span> <span class='ocrx_word' id='word_1_299' title='bbox 868 2792 1041 2837; x_wconf 80' lang='lat' dir='ltr'>Spalding</span> <span class='ocrx_word' id='word_1_300' title='bbox 1074 2793 1119 2826; x_wconf 90' lang='lat' dir='ltr'>ad</span> <span class='ocrx_word' id='word_1_301' title='bbox 1146 2792 1268 2835; x_wconf 85' lang='lat' dir='ltr'>Quint.</span> <span class='ocrx_word' id='word_1_302' title='bbox 1296 2792 1322 2833; x_wconf 82' lang='grc' dir='ltr'>Ι,</span> <span class='ocrx_word' id='word_1_303' title='bbox 1350 2792 1382 2833; x_wconf 85' lang='lat'>5,</span> <span class='ocrx_word' id='word_1_304' title='bbox 1408 2791 1464 2826; x_wconf 88' lang='lat'>43.</span> <span class='ocrx_word' id='word_1_305' title='bbox 1524 2792 1576 2826; x_wconf 93' lang='lat' dir='ltr'>De</span> <span class='ocrx_word' id='word_1_306' title='bbox 1603 2792 1640 2825; x_wconf 90' lang='lat' dir='ltr'>P.</span> 
     </span>
     <span class='ocr_line' id='line_1_37' title="bbox 139 2849 1639 2896; baseline 0 -12"><span class='ocrx_word' id='word_1_307' title='bbox 139 2851 266 2885; x_wconf 86' lang='lat' dir='ltr'>Rutilii</span> <span class='ocrx_word' id='word_1_308' title='bbox 305 2850 389 2886; x_wconf 89' lang='lat' dir='ltr'>Rufi</span> <span class='ocrx_word' id='word_1_309' title='bbox 426 2850 575 2885; x_wconf 87' lang='lat' dir='ltr'>historia</span> <span class='ocrx_word' id='word_1_310' title='bbox 611 2851 731 2885; x_wconf 87' lang='lat' dir='ltr'>Graece</span> <span class='ocrx_word' id='word_1_311' title='bbox 763 2852 911 2896; x_wconf 80' lang='lat' dir='ltr'>scripta,</span> <span class='ocrx_word' id='word_1_312' title='bbox 953 2852 996 2886; x_wconf 91' lang='lat' dir='ltr'>de</span> <span class='ocrx_word' id='word_1_313' title='bbox 1039 2863 1111 2895; x_wconf 88' lang='lat' dir='ltr'>qua</span> <span class='ocrx_word' id='word_1_314' title='bbox 1143 2851 1311 2886; x_wconf 86' lang='lat' dir='ltr'>Osannus</span> <span class='ocrx_word' id='word_1_315' title='bbox 1344 2862 1377 2894; x_wconf 90' lang='lat' dir='ltr'>p.</span> <span class='ocrx_word' id='word_1_316' title='bbox 1410 2849 1455 2883; x_wconf 79' lang='lat'>‘20</span> <span class='ocrx_word' id='word_1_317' title='bbox 1488 2850 1639 2889; x_wconf 84' lang='lat' dir='ltr'>dubitat,</span> 
     </span>
     <span class='ocr_line' id='line_1_38' title="bbox 141 2909 1186 2954; baseline 0 -10"><span class='ocrx_word' id='word_1_318' title='bbox 141 2910 407 2944; x_wconf 84' lang='lat' dir='ltr'>dubitationem</span> <span class='ocrx_word' id='word_1_319' title='bbox 434 2910 592 2944; x_wconf 84' lang='lat' dir='ltr'>excludit</span> <span class='ocrx_word' id='word_1_320' title='bbox 618 2910 815 2944; x_wconf 85' lang='lat' dir='ltr'>Athenaeus</span> <span class='ocrx_word' id='word_1_321' title='bbox 841 2911 900 2944; x_wconf 85' lang='lat' dir='ltr'>lib.</span> <span class='ocrx_word' id='word_1_322' title='bbox 928 2911 975 2944; x_wconf 81' lang='lat' dir='ltr'>IV</span> <span class='ocrx_word' id='word_1_323' title='bbox 1000 2923 1034 2954; x_wconf 86' lang='lat' dir='ltr'>p.</span> <span class='ocrx_word' id='word_1_324' title='bbox 1063 2909 1130 2944; x_wconf 80' lang='lat'>168</span> <span class='ocrx_word' id='word_1_325' title='bbox 1150 2911 1186 2944; x_wconf 93' lang='lat' dir='ltr'>E.</span> 
     </span>
    </p>
   </div>
   <div class='ocr_carea' id='block_1_4' title="bbox 83 2965 1356 3051">
    <p class='ocr_par' dir='ltr' id='par_1_6' title="bbox 83 2965 1356 3051">
     <span class='ocr_line' id='line_1_39' title="bbox 83 2965 481 3009; baseline 0.003 -7"><span class='ocrx_word' id='word_1_326' title='bbox 83 2965 114 3009; x_wconf 82' lang='grc'>2&gt;</span> <span class='ocrx_word' id='word_1_327' title='bbox 138 2968 215 3002; x_wconf 88' lang='lat' dir='ltr'>Vid.</span> <span class='ocrx_word' id='word_1_328' title='bbox 242 2969 320 3003; x_wconf 92' lang='lat' dir='ltr'>ind.</span> <span class='ocrx_word' id='word_1_329' title='bbox 348 2969 481 3003; x_wconf 87' lang='lat' dir='ltr'>Osann.</span> 
     </span>
     <span class='ocr_line' id='line_1_40' title="bbox 1335 3026 1356 3051; baseline 0 -2"><span class='ocrx_word' id='word_1_330' title='bbox 1335 3026 1356 3051; x_wconf 69' lang='lat'>9</span> 
     </span>
    </p>
   </div>
   <div class='ocr_carea' id='block_1_5' title="bbox 1666 1481 1700 1506">
    <p class='ocr_par' dir='ltr' id='par_1_7' title="bbox 1666 1481 1700 1506">
     <span class='ocr_line' id='line_1_41' title="bbox 1666 1481 1700 1506; baseline 0 0"><span class='ocrx_word' id='word_1_331' title='bbox 1666 1481 1700 1506; x_wconf 81' lang='lat'>22</span> 
     </span>
    </p>
   </div>
  </div>
 </body>
</html>
