1915 3235
838 94 922 135 529

86 228 196 273 meto,
244 223 326 264 hoc
365 225 442 272 est,
491 236 669 276 operam
710 223 854 271 danto,
903 226 951 264 ut
994 224 1118 265 certis
1159 228 1202 264 et
1233 225 1489 277 incorruptis
1522 238 1677 266 monu-

86 292 241 334 mentis
273 295 482 334 testatum
515 294 581 343 sit,
616 307 712 346 quae
745 293 830 334 sint
861 294 975 346 leges
1005 294 1193 346 quidque
1218 295 1262 335 in
1285 295 1335 336 iis
1359 295 1427 336 sit.
1476 295 1678 348 Sequitur

86 364 251 404 statim:
302 363 526 416 Discedite,
571 368 606 404 et
646 363 841 404 tabellam
880 364 1021 404 iubebo
1061 365 1174 405 dari.
1238 365 1307 406 Sic
1346 365 1459 406 enim
1493 365 1676 406 Orellius

87 422 232 483 edens,
267 433 392 484 Quid,
426 433 576 485 inquit,
610 434 803 486 impedit,
838 447 922 487 quo
955 434 1096 476 minus
1128 437 1329 488 pessimae
1352 436 1547 477 Ascensii
1575 449 1676 477 con-

84 504 260 545 iecturae
302 503 430 557 (disce
474 504 576 556 rem)
620 505 829 557 optimam
872 504 1033 546 Davisii
1075 505 1403 555 substituamus,
1452 507 1677 549 discedite?

86 574 211 615 Libet
240 575 371 627 paulo
403 574 570 627 longius
602 575 907 628 interrogando
939 575 1161 629 progredi:
1210 575 1324 626 Quid
1354 578 1547 630 impedit,
1592 591 1677 631 quo

86 644 227 685 minus
261 645 457 686 codicum
490 646 750 697 scripturam
784 646 1076 696 restituamus,
1126 646 1362 688 discedere?
1409 648 1521 689 Nam
1562 649 1679 701 quod

85 715 331 768 adiungitur
364 716 503 757 activo
535 716 744 756 infinitivo
788 716 968 769 simplici
1013 717 1284 758 accusativus
1330 731 1425 759 cum
1469 718 1678 761 infinitivo

84 785 270 838 passivae
303 786 466 835 formae,
510 786 615 827 nihil
655 800 831 839 prorsus
864 788 1111 828 offensionis
1144 790 1220 828 aut
1259 788 1497 830 insolentiae
1530 789 1677 839 habet,

87 869 220 908 quum
251 857 465 908 posterior
496 857 730 898 infinitivus
764 857 820 898 ad
851 857 980 906 idem,
1029 871 1114 910 quo
1146 858 1275 910 prior,
1324 860 1567 901 subiectum
1610 873 1678 901 re-

84 926 186 967 ferri
217 929 418 979 nequeat.
482 926 556 966 Est
587 929 746 975 autem,
795 928 911 980 quod
942 928 1142 981 postulet,
1191 931 1238 969 ut
1276 929 1486 971 discedere
1516 930 1679 971 scriba-

87 999 170 1038 tur.
233 997 316 1047 Qui
349 997 461 1038 enim
495 996 555 1037 sic
587 997 793 1050 loquitur:
842 998 1050 1051 discedite,
1092 1004 1128 1040 et
1158 999 1313 1049 iubebo,
1352 1000 1433 1042 hoc
1465 1001 1679 1053 posterius

87 1067 409 1120 quodammodo
458 1067 589 1119 priori
632 1070 840 1120 tanquam
886 1070 1123 1111 condicioni
1166 1071 1429 1123 praecedenti
1471 1071 1678 1124 adiungit,

86 1138 201 1190 quod
245 1139 300 1179 ab
345 1138 427 1179 hoc
469 1138 561 1179 loco
605 1138 793 1179 alienum
837 1142 914 1189 est,
963 1140 1038 1181 ubi
1078 1141 1225 1182 Cicero
1266 1141 1527 1194 simpliciter,
1578 1141 1681 1194 quid

85 1221 186 1249 mox
217 1208 309 1249 fieri
350 1209 464 1257 velit,
515 1209 738 1261 significat.
801 1209 1061 1262 Quanquam
1108 1224 1163 1252 ne
1210 1212 1281 1253 illo
1329 1212 1499 1265 quidem
1549 1212 1679 1253 modo

87 1279 235 1320 Cicero
267 1279 478 1332 loquitur3
526 1279 561 1320 is
607 1280 720 1320 enim
760 1293 933 1333 semper
971 1282 1014 1322 in
1055 1284 1211 1323 eventu
1243 1283 1468 1335 imperatae
1501 1283 1680 1323 actionis

88 1349 368 1402 significando
401 1350 657 1402 imperativo
690 1351 884 1392 futurum
916 1352 1007 1392 sine
1041 1353 1339 1394 coniunctione
1379 1352 1570 1401 subiicit;
1619 1353 1680 1393 in-

86 1420 252 1461 ferioris
285 1421 426 1461 aetatis
459 1420 688 1473 scriptores
722 1426 758 1461 et
789 1422 1080 1475 interponunt,
1125 1426 1274 1476 estque
1307 1424 1388 1465 hoc
1420 1426 1680 1476 perpetuum

87 1491 329 1541 discrimen,
363 1493 412 1531 ut
442 1492 557 1531 hunc
589 1504 774 1540 sumam,
809 1492 983 1534 Senecae
1018 1496 1061 1534 et
1085 1494 1314 1543 Ciceronis,
1350 1508 1374 1535 a
1398 1494 1528 1543 nullo.
1563 1494 1680 1546 quod

88 1562 233 1611 sciam,
268 1564 538 1605 annotatum.
553 1558 586 1613 l)

205 1632 249 1674 C.
286 1633 353 1682 11,
394 1633 448 1673 :26
490 1634 628 1674 oratio
669 1633 728 1674 sic
768 1634 880 1674 inter
910 1647 1118 1686 personas
1152 1636 1422 1677 distribuitur
1455 1639 1497 1677 et
1529 1636 1678 1677 scribi-

85 1705 174 1744 tur:
223 1703 278 1743 M.
312 1703 560 1744 Perseveras
598 1709 643 1744 tu
675 1703 840 1758 quidem
873 1709 909 1744 et
939 1706 981 1745 in
1015 1710 1088 1746 tua
1120 1711 1250 1747 vetere
1281 1708 1483 1747 sententia
1508 1720 1679 1760 perma-

85 1787 169 1814 nes.
233 1773 282 1823 Q.
318 1773 441 1814 Nunc
472 1774 712 1815 mehercule.
776 1775 847 1815 At.
892 1775 980 1829 qu
1022 1790 1122 1817 sane
1165 1791 1191 1817 α
1236 1778 1385 1828 Quinto
1425 1782 1562 1818 nostro
1595 1777 1679 1818 dis-

85 1845 227 1884 sentio.
275 1843 358 1884 Sed
381 1858 442 1896 ea,
476 1858 567 1898 quce
598 1849 769 1897 restant,
804 1846 1044 1887 audiamus.
1094 1847 1199 1888 Mire
1230 1848 1275 1888 in
1301 1849 1604 1900 respondendo
1638 1851 1679 1889 et

87 1914 345 1956 affirmando
379 1915 563 1964 Quintus
596 1917 803 1968 temporis
835 1917 1047 1969 particula
1078 1919 1224 1967 utitur,
1259 1919 1381 1971 quasi
1414 1932 1580 1966 verens.
1625 1933 1680 1960 ne

85 1987 237 2038 postea
269 1999 295 2026 a
327 1986 542 2027 sententia
581 1987 804 2036 desciscat,
850 1987 965 2039 quod
997 1988 1158 2039 ipsum,
1200 1989 1235 2029 si
1267 1989 1505 2042 significare
1539 1990 1678 2037 vellet,

87 2056 209 2097 aliter
241 2056 472 2097 dicendum
505 2060 597 2097 erat
630 2057 736 2111 (EJJO
772 2071 875 2110 vero,
909 2072 1018 2098 *nunc
1040 2055 1291 2113 quidem)‘·’);
1326 2063 1516 2101 ceterum
1539 2061 1681 2113 ipsum

86 2139 342 2178 responsum
376 2127 501 2168 Valde
534 2129 799 2180 superfluum
835 2131 911 2176 est,
961 2127 1165 2180 quoniam
1206 2130 1399 2182 proxime
1440 2131 1545 2171 dixit
1577 2131 1680 2171 satis

127 2265 154 2310 1)
181 2267 360 2302 Ciceronis
394 2271 464 2302 est:
507 2270 626 2302 Genus
660 2270 982 2303 animadversionis
1014 2270 1142 2302 ridete:
1180 2272 1345 2312 quaeretis
1371 2274 1435 2305 cet.
1463 2270 1576 2313 (Verr.
1604 2271 1681 2305 Act.

182 2326 225 2369 II,
253 2326 284 2367 1,
311 2326 366 2367 17,
393 2326 453 2369 45>
488 2331 540 2362 et:
576 2330 771 2362 Attendite:
802 2330 875 2361 iam
901 2329 1102 2371 intelZz'yetz's
1134 2327 1218 2369 (ibd.
1246 2330 1287 2369 ΙΙ,
1320 2329 1375 2369 23,
1409 2330 1486 2371 5ῖ);
1521 2330 1681 2364 Senecae:

183 2386 400 2428 Reeoynosee
425 2391 456 2419 et
482 2388 653 2429 intellz'yes
679 2387 749 2430 (ep.
776 2386 797 2419 4
824 2385 914 2429 §8);
943 2388 1129 2420 considera
1154 2393 1185 2420 et
1210 2389 1381 2432 intelliges
1408 2390 1476 2432 (ep.
1506 2388 1548 2421 13
1574 2387 1595 2430 ξ
1623 2389 1681 2425 1⁴3;

183 2442 245 2476 cfr.
279 2454 333 2487 ep.
368 2444 412 2477 16
446 2443 466 2486 ξ
495 2445 524 2485 7,
561 2445 606 2478 20
632 2445 652 2487 ξ
678 2445 709 2489 6,
743 2445 786 2479 de
818 2445 941 2479 Benef.
969 2445 1025 2485 IV,
1060 2444 1104 2478 18
1136 2444 1157 2487 ξ
1182 2445 1229 2488 4).
1293 2445 1488 2489 [Ciceronis
1528 2448 1683 2481 formam

184 2501 347 2545 sequitur
373 2502 447 2537 Liv.
474 2503 648 2544 XXXVII,
675 2503 730 2544 54,
764 2503 825 2545 273
865 2504 1010 2538 Senecae
1042 2504 1190 2548 reperiri
1222 2506 1334 2539 semel
1367 2507 1463 2550 apud
1490 2507 1583 2550 Virg.
1611 2507 1682 2540 Ecl.

183 2559 216 2601 3,
250 2559 316 2593 104
352 2561 523 2596 admonet
556 2563 758 2606 Siesbyeus,
797 2562 978 2606 idemque,
1017 2562 1225 2597 Ciceronem
1259 2564 1442 2598 interdum
1470 2565 1683 2608 imperativo

185 2618 393 2653 huiusmodi
431 2620 592 2654 futurum
626 2621 802 2665 particula
834 2626 907 2654 tum
940 2621 1152 2665 adiungere,
1193 2626 1232 2656 ut
1265 2634 1298 2666 p.
1333 2623 1445 2657 Flacc.
1483 2623 1515 2663 4,
1551 2624 1609 2663 14’);
1649 2636 1682 2667 p.

185 2677 306 2712 Planc.
335 2677 389 2719 18,
416 2678 478 2719 45;
504 2679 609 2713 Tusc.
637 2680 676 2720 V,
704 2679 759 2720 34,
788 2678 859 2722 99]
910 2680 1078 2714 Erratum
1104 2681 1177 2714 vidi
1204 2682 1300 2726 apud
1323 2682 1531 2716 Ciceronem
1559 2682 1594 2715 in
1616 2683 1683 2716 hoc

185 2747 315 2779 genere
343 2737 388 2770 ab
415 2737 623 2772 editoribus.

130 2791 157 2836 ²)
183 2795 260 2828 Hoc
286 2795 559 2830 incommodum
586 2797 697 2831 sensit
724 2797 863 2831 Bauius
890 2797 926 2831 in
952 2798 1143 2832 Variarum
1170 2799 1382 2833 Lectionum
1417 2799 1507 2833 libro
1541 2799 1585 2832 ad
1613 2799 1682 2833 Cic.

187 2854 367 2888 orationes
393 2855 587 2898 pertinenti
615 2854 740 2899 (Lugd.
767 2856 845 2890 Bat.
874 2856 980 2898 1834)
1005 2868 1038 2900 p.
1066 2857 1121 2899 60,
1156 2858 1217 2901 qui
1251 2870 1331 2891 nam
1362 2859 1552 2892 mehercule
1578 2858 1685 2891 scribi

187 2912 341 2946 volebat.

1357 2974 1401 3008 34

1700 1012 1751 1037 162
