1915 3235
860 144 942 185 631

109 272 275 312 mutavi
308 274 454 312 autem
487 284 574 312 non
606 273 661 313 ob
694 272 928 325 particulas
962 274 1087 314 etiam
1118 275 1156 315 si
1193 274 1327 328 (quod
1365 289 1489 329 paene
1527 277 1702 318 volebat

110 341 354 382 Ochsnerus
394 341 438 382 in
470 342 635 395 Eclogis
669 342 802 384 Cicer.
837 356 877 395 p.
914 342 1028 396 187),
1078 345 1154 386 sed
1194 346 1323 398 quod,
1371 347 1406 387 si
1444 347 1700 388 indicativus

108 413 329 462 retinetur,
369 411 463 452 haec
501 412 636 453 verba
669 426 721 453 ex
752 413 870 454 Laelii
901 427 1088 466 persona
1120 415 1319 457 dicuntur
1350 417 1432 460 hac
1464 418 1699 459 sententia:

109 488 195 523 tum
227 496 353 537 quum
383 483 471 522 iam
494 484 725 536 potentiam
760 486 962 525 consecuti
993 490 1101 538 suut,
1136 487 1261 527 etiam
1282 488 1319 528 si
1345 511 1396 515 —-
1423 493 1530 540 sunt,
1562 493 1701 529 tamen

111 552 398 601 arbitr-antm·;
445 552 615 594 videtur
655 557 801 595 autem
833 556 1076 597 necessario
1109 557 1338 609 significari
1372 557 1530 598 debere
1561 558 1700 599 homi-

108 637 212 664 num
252 623 445 664 nondum
484 624 723 676 potentiam
765 625 1035 678 adeptorum,
1085 627 1161 667 sed
1210 627 1263 668 de
1310 641 1361 669 ea
1409 629 1701 681 comparanda

110 694 387 746 cogitantium
419 695 708 744 ratiocinatio;
741 696 887 748 itaque
919 697 1012 737 haec
1045 709 1097 737 ex
1129 697 1298 738 illorum
1330 711 1517 751 persona
1550 699 1700 739 dicun-

108 768 191 815 tur,
225 767 374 817 estque
408 766 611 806 consecuti
641 767 725 806 sint
755 779 834 818 pro
860 766 1005 808 futuro
1039 770 1189 808 exacto
1223 769 1493 810 coniunctivi.

227 835 273 876 C.
312 835 379 884 18,
414 835 467 875 67
503 848 599 876 eam
632 836 775 889 recepi
814 837 1084 890 scripturam,
1127 851 1257 890 quam
1297 852 1323 879 a
1353 839 1504 880 Beiero
1543 853 1701 892 propo—

109 905 236 946 sitam
269 905 460 946 Klotzius
493 906 763 959 perineptam
796 907 1020 957 iudicavit;
1064 921 1142 960 ego
1180 908 1314 961 ipsius
1346 910 1532 962 vulgatae
1565 911 1701 963 scrip-

108 977 216 1016 turae
265 974 526 1028 (Veterrz'ma
573 990 754 1031 (luceque,
802 982 847 1018 ut
889 991 936 1018 ea
975 979 1088 1031 vina,
1137 993 1227 1034 quoe
1265 985 1503 1021 vetustatem
1541 981 1699 1034 ferunt,

110 1060 192 1086 esse
237 1045 382 1086 debent
427 1046 697 1100 suavissima)
746 1048 1076 1100 explicationem
1122 1050 1194 1091 illo
1241 1052 1416 1092 nomine
1463 1052 1699 1105 digniorem

108 1120 226 1170 puto.
274 1118 386 1158 Nam
419 1131 552 1169 quum
584 1118 708 1158 multi
739 1119 1061 1169 intellexissent,
1095 1121 1318 1161 veterrima
1350 1136 1518 1177 quaeque
1548 1125 1701 1164 neutro

109 1201 264 1241 genere
311 1189 567 1241 generaliter
615 1190 708 1238 dici,
757 1192 805 1229 ut
850 1202 991 1241 neque
1039 1191 1133 1242 ipsa
1180 1193 1393 1233 sententia
1433 1195 1536 1245 apta
1575 1196 1700 1242 esset,

108 1272 247 1311 neque
281 1260 547 1311 comparatio
580 1260 790 1308 vinorum,
841 1273 936 1311 quae
975 1261 1069 1312 ipsa
1110 1274 1160 1301 ea
1201 1262 1490 1314 appellatione
1523 1265 1701 1305 veterri-

108 1343 277 1371 morum
318 1343 588 1382 quorumque
627 1331 960 1378 continerentur,
1010 1331 1200 1380 ferenda,
1250 1333 1440 1374 Klotzius
1482 1335 1537 1375 ad
1576 1340 1702 1375 veter-

110 1402 218 1440 rima
252 1414 421 1455 qumque
453 1400 592 1440 audiri
624 1400 715 1440 vult
747 1401 1046 1450 (amicitiarum,
1080 1404 1129 1443 ut
1158 1403 1245 1443 sint
1273 1404 1496 1443 veterrima
1521 1417 1701 1457 qumque,

109 1485 199 1525 (μισεῖ
231 1475 326 1511 sunt
358 1472 402 1511 in
435 1471 646 1511 amicitiis.
710 1472 931 1523 Loquendi
963 1485 1098 1524 genus
1142 1475 1189 1513 ut
1221 1474 1423 1514 Latinum
1457 1486 1550 1514 esse
1585 1473 1702 1513 evin-

110 1543 238 1590 ceret,
271 1553 358 1581 non
390 1541 616 1590 laborarit,
663 1542 778 1594 quod
810 1556 1072 1595 magnopere
1106 1543 1352 1584 faciendum
1387 1546 1498 1592 erat;
1547 1543 1701 1584 deinde

108 1625 195 1652 non
228 1611 280 1652 de
313 1612 376 1654 iis.
411 1624 507 1663 quae
540 1613 625 1653 sint
657 1613 699 1652 in
732 1613 943 1661 amicitiis,
988 1614 1065 1654 sed
1097 1614 1149 1654 de
1182 1615 1374 1666 ipsarum
1415 1615 1699 1655 amicitiarum

110 1681 258 1723 ordine
292 1685 334 1723 et
366 1682 573 1734 dignitate
613 1682 831 1735 quaeritur.
894 1684 1168 1736 Relinquitur
1210 1685 1337 1737 igitur
1380 1684 1497 1738 (nam
1543 1687 1701 1726 attrac-

109 1753 236 1793 tionis
281 1752 407 1801 color,
457 1766 582 1805 quem
629 1753 811 1794 Orellius
857 1754 1035 1794 induxit.
1086 1755 1209 1795 facile
1250 1754 1499 1807 evanescit),
1548 1758 1597 1796 ut
1629 1759 1702 1796 aut

112 1836 207 1864 cim]
228 1823 410 1863 Erasmo
435 1825 695 1865 scribamus:
718 1825 949 1865 veterrimae
973 1848 1027 1852 —
1052 1827 1311 1866 suavissimae
1333 1829 1407 1867 aut
1431 1839 1526 1866 cum
1553 1826 1702 1867 Beiero

111 1894 244 1943 debet;
290 1907 473 1946 quorum
505 1895 720 1947 posterius
754 1908 846 1936 esse
879 1896 1210 1947 praeferendum,
1244 1909 1330 1937 non
1362 1896 1501 1937 solum
1534 1896 1701 1945 erroris,

111 1966 183 2017 qui
214 1964 399 2005 librariis
432 1965 475 2005 in
507 1965 589 2005 hac
622 1966 883 2007 correctione
915 1966 1166 2018 imputatur,
1215 1966 1462 2018 proclivitas
1502 1967 1701 2016 ostendit,

110 2035 186 2076 sed
219 2035 434 2076 Ciceronis
468 2037 510 2076 et
543 2035 818 2088 antiquorum
860 2036 1125 2077 consuetudo
1166 2037 1209 2076 iu
1248 2037 1502 2089 pronomine
1536 2038 1704 2092 quisque

112 2119 207 2146 cum
241 2105 512 2158 superlativis
546 2107 855 2159 coniungendo,
890 2107 933 2147 in
966 2120 1049 2159 quo
1082 2107 1126 2147 in
1157 2107 1394 2148 masculino
1428 2110 1470 2148 et
1500 2107 1703 2148 feminino

110 2189 266 2229 genere
299 2177 561 2229 singularem
601 2190 832 2218 numerum
865 2180 1053 2218 servant.
1116 2177 1249 2229 Atqui
1282 2180 1324 2218 et
1355 2179 1577 2230 praecessit
1608 2178 1703 2231 plu-

109 2248 210 2288 ralis
244 2250 286 2288 et
317 2248 360 2288 in
393 2249 716 2300 comparatione
749 2249 945 2289 vinorum
986 2248 1020 2288 is
1060 2250 1124 2288 est
1163 2261 1382 2289 numerus.
1446 2248 1578 2298 Quasi
1618 2262 1702 2290 non

110 2320 151 2359 in
200 2320 289 2360 hoc.
329 2318 497 2359 dicendi
544 2331 700 2371 genere
750 2318 926 2370 pluralis
973 2319 1143 2358 numeri
1188 2319 1306 2360 notio
1354 2319 1427 2369 sit,
1484 2322 1560 2360 aut
1607 2332 1701 2360 cum

111 2390 342 2430 veterrima
390 2403 550 2444 qusque
598 2389 787 2429 amicitia
834 2402 967 2429 unum
1019 2389 1101 2429 vini
1145 2402 1292 2441 genus,
1341 2403 1392 2430 ac
1435 2403 1522 2430 non
1564 2392 1703 2430 veter-

111 2461 268 2501 rimum
302 2460 504 2512 quodque
538 2459 737 2500 contendi
771 2458 979 2508 debuerit,
1029 2459 1071 2499 id
1105 2462 1180 2508 est,
1230 2473 1277 2499 ecc
1313 2461 1422 2513 oinct,
1471 2474 1561 2515 quce
1595 2465 1704 2501 vetu—

111 2535 258 2571 statem
288 2530 450 2583 ferunt.

232 2601 277 2642 C.
311 2601 379 2651 23,
415 2601 468 2642 86
503 2600 733 2640 edebatur:
792 2599 883 2639 Una
922 2604 978 2639 est
1017 2601 1123 2640 enim
1164 2602 1352 2641 amicitia
1390 2602 1435 2641 in
1474 2601 1594 2642 rebus
1631 2601 1704 2641 hu-

112 2673 265 2724 manis,
306 2672 356 2712 de
388 2672 506 2712 cuius
537 2671 716 2711 utilitate
748 2684 885 2710 omnes
927 2684 1005 2710 emo
1038 2684 1107 2710 ore
1139 2672 1418 2723 consentiunt;
1465 2685 1701 2726 quanquam

114 2758 139 2783 (ι
187 2743 329 2783 multis
376 2743 470 2796 ipsa
516 2743 648 2782 ‘virtus
703 2741 853 2793 (virtus
900 2739 1009 2794 ipsa)
1064 2743 1337 2782 contemnitur
1391 2747 1427 2783 et
1482 2741 1704 2782 venditatio

113 2813 306 2868 quaedam
353 2818 474 2867 atque
520 2813 734 2853 ostentatio
781 2826 862 2852 esse
901 2811 1069 2851 (licitur.
1149 2812 1276 2853 Patet
1318 2813 1570 2861 attendenti,
1618 2824 1704 2852 non

113 2886 229 2924 recte
259 2883 353 2924 haec
386 2884 583 2936 coniungi
615 2882 826 2936 particula
859 2895 1118 2936 quanqucwn3
1160 2895 1300 2935 neque
1346 2883 1457 2924 enim
1492 2881 1705 2923 contraria

116 2956 216 2994 sunt
263 2957 305 2995 et
350 2954 657 3007 repugnantia3
711 2952 849 3004 magis
897 2952 1083 3003 patebit,
1131 2953 1287 2994 rectius
1334 2954 1527 2994 oratione
1575 2952 1707 2993 inter-

1724 2120 1775 2144 285
