1915 3235
809 113 894 154 403

52 249 198 298 partes
241 257 352 284 carce
394 245 436 284 et
468 247 617 297 partes
654 243 726 283 illo
757 247 936 296 tempore
967 256 1090 293 earoe,
1138 245 1186 283 ut
1233 243 1315 284 alio
1362 244 1503 285 minus
1552 257 1643 285 esse
1697 295 1699 297 .

59 327 181 355 caras
214 313 487 367 significetur.
543 312 818 354 Manifestum
851 315 928 362 est,
963 315 1211 366 corruptum
1245 326 1338 354 esse
1361 318 1510 367 partes
1540 314 1644 355 scri-

59 384 335 437 bendumque
382 397 553 432 merces,
608 396 670 424 eae
719 396 828 424 carae
878 396 969 423 esse
1017 386 1211 435 possunt,
1260 397 1409 424 earum
1456 384 1643 436 pretium

59 454 216 503 variat3
265 467 337 495 eas
379 453 598 507 publicani
639 453 864 494 habebant
903 467 955 494 ex
986 453 1214 506 provinciis
1248 454 1518 506 deportatas3
1566 467 1645 495 nec

57 524 343 577 improbabile
375 526 451 574 est,
500 524 715 566 Caesarem
748 525 896 574 multa,
946 538 1042 577 quae
1075 537 1172 565 cum
1205 526 1374 577 quaestu
1406 524 1645 565 venundari

57 597 245 647 possent,
295 607 347 635 ex
388 594 665 647 Hispaniensi
709 597 898 647 praetura
939 595 1156 636 detulisse.
1218 595 1329 636 Nam
1362 597 1529 635 veteres
1561 595 1644 636 illae

57 665 184 718 leges,
234 665 388 718 quibus
422 667 643 706 senatores
676 668 921 706 mercatura
953 666 1225 714 arcebantur,
1274 665 1346 705 illa
1378 667 1506 706 aetate
1537 665 1641 706 nihil

59 736 276 785 valebant,
310 737 355 776 in
385 736 702 788 provinciarum
735 737 976 788 praesertim
1008 736 1242 789 praesidum
1274 732 1496 788 rapinis.¹)

175 807 220 848 C.
256 807 322 856 13,
357 806 413 847 32
445 819 708 859 quanquam,
743 807 858 858 quod
896 807 939 847 in
979 806 1236 848 editionibus
1268 806 1440 859 legitur:
1486 806 1643 859 famem

58 877 174 918 illam
214 882 387 918 veterem
429 882 543 918 tuam
588 891 668 917 non
707 878 908 931 expleras,
956 890 1033 930 per
1080 890 1125 918 se
1172 879 1337 918 rectum
1385 879 1463 927 est,
1512 877 1645 918 oritur

56 950 204 988 tamen
236 947 448 997 dubitatio
481 961 533 988 ex
565 948 760 989 codicum
793 948 1017 1000 scriptura,
1051 949 1123 1001 qui
1155 961 1318 997 omnes,
1359 948 1522 1000 opinor,
1563 949 1642 990 ha—

56 1017 161 1058 bent
199 1019 408 1072 expiare&
457 1021 571 1059 certe
609 1018 668 1059 ita
707 1021 772 1059 est
814 1018 856 1059 in
888 1019 1000 1068 Par.,
1048 1018 1149 1067 Erf„
1198 1018 1306 1059 Oxx.
1340 1021 1543 1071 quattuor
1575 1018 1645 1071 (ex

55 1088 228 1141 reliquis
259 1089 427 1130 duobus
449 1102 560 1129 unus
593 1090 684 1130 haec
718 1090 887 1138 omittit,
922 1089 975 1130 de
1009 1089 1142 1129 altero
1176 1088 1261 1129 iam
1286 1088 1404 1130 initio
1428 1090 1514 1130 dixi
1545 1103 1643 1143 per—

57 1172 173 1212 saepe
205 1161 440 1212 suspiciose
472 1158 617 1211 sileri).
682 1160 791 1201 Sunt
823 1159 936 1200 enim
970 1160 1040 1200 alii
1074 1173 1243 1212 »guoque
1276 1160 1369 1207 loci,
1404 1161 1477 1212 qui
1500 1162 1643 1201 osten-

57 1230 158 1271 dere
203 1230 449 1280 videantur,
498 1230 702 1283 singulari
751 1230 938 1283 quadam
987 1230 1268 1272 translatione
1316 1231 1436 1271 verbi
1483 1230 1643 1271 dictum

57 1313 149 1342 esse
180 1300 352 1354 famem,
386 1301 620 1355 cupidinem
654 1302 836 1355 expiare,
871 1301 1037 1350 similia,
1071 1304 1280 1353 tanquam
1304 1302 1494 1355 placare,
1529 1315 1644 1342 exsa-

57 1372 177 1421 tiare,
219 1385 303 1424 quo
342 1385 471 1413 sensu
504 1373 685 1416 verbum
718 1371 870 1424 legitur
902 1372 945 1412 in
976 1372 1118 1413 Pison.
1152 1372 1190 1421 7,
1235 1372 1306 1413 16:
1347 1386 1497 1425 poenas
1529 1386 1645 1426 expe-

56 1443 181 1495 tistis,
240 1442 386 1497 quibus
442 1443 753 1483 coniuratorum
812 1456 955 1483 manes
1010 1447 1266 1483 mortuorum
1321 1440 1442 1495 (mihi
1494 1442 1644 1495 iratos)

57 1514 294 1567 eaepiaretz's.
349 1513 437 1553 Nec
469 1525 626 1565 negare
660 1513 811 1561 ausim,
845 1513 1042 1566 populari
1075 1526 1155 1554 usu
1188 1526 1283 1554 eam
1316 1513 1643 1555 translationem

57 1584 218 1624 sensim
250 1583 493 1632 invaluisse,
529 1585 668 1624 ortam
702 1585 756 1625 ab
791 1584 1000 1625 eiusmodi
1032 1584 1230 1637 imagine,
1266 1584 1505 1625 cuiusmodi
1530 1585 1646 1637 apud

56 1654 284 1695 Horatium
318 1657 383 1695 est
415 1655 503 1696 Sat.
536 1655 584 1704 II,
619 1654 658 1704 8,
692 1655 718 1696 5
752 1653 949 1707 (cent-rem
977 1655 1150 1708 placare
1183 1653 1370 1707 iratmn).
1420 1655 1530 1696 Nam
1554 1655 1645 1708 ipse

57 1724 204 1766 Cicero
238 1728 280 1766 et
311 1725 477 1767 Hirtius
515 1727 559 1767 in
598 1726 661 1775 iis,
710 1739 817 1778 quos
859 1725 1072 1774 indicabo,
1120 1725 1223 1766 locis
1267 1738 1378 1766 nove
1421 1728 1463 1766 et
1504 1726 1645 1766 iocose

56 1808 217 1848 ponere
262 1809 349 1837 non
395 1799 649 1849 potuerunt,
697 1809 844 1837 severe
893 1796 1006 1837 enim
1053 1797 1298 1848 loquuntur.
1361 1795 1514 1848 Attigit
1552 1808 1642 1836 rem

57 1866 314 1908 Garatonius
346 1867 402 1908 ad
435 1870 542 1908 orat.
576 1868 629 1908 de
661 1881 780 1920 prov.
816 1880 930 1908 cons.
969 1868 1005 1916 1,
1039 1867 1078 1915 2,
1112 1867 1189 1908 sed
1221 1866 1347 1908 huius
1380 1866 1460 1907 loci
1492 1866 1643 1906 imme-

56 1950 151 1978 mor
181 1950 261 1978 nec
293 1938 653 1987 animadvertens,
704 1940 970 1990 quantopere
1013 1938 1056 1978 in
1098 1938 1275 1991 singulis
1317 1937 1419 1978 locis
1458 1938 1550 1977 haec
1582 1937 1644 1978 lo-

59 2008 171 2049 cutio
215 2008 320 2049 alias
365 2009 598 2061 scripturas
645 2009 972 2049 auctoritatibus
1005 2011 1242 2061 superaret.
1305 2008 1417 2048 Nam
1449 2007 1519 2048 illo
1551 2007 1644 2048 loco

58 2078 150 2119 cod.
184 2078 226 2120 S.
258 2079 365 2120 Vict.
401 2078 486 2131 (cui
519 2079 685 2120 accedit
715 2092 829 2120 nunc
861 2078 977 2131 Par.)
1019 2081 1060 2119 et
1092 2079 1179 2120 Erf.
1212 2079 1394 2119 habent:
1445 2078 1501 2118 ad
1534 2079 1644 2131 επρέ-

59 2149 194 2190 (mulces
225 2163 324 2190 suas
357 2146 661 2204 cupiditateffi),
710 2153 753 2191 et
794 2151 896 2191 item
939 2163 1088 2191 omnes
1126 2149 1277 2199 Palat.,
1328 2162 1413 2190 uno
1452 2151 1643 2201 excepto.

57 2219 100 2260 in
147 2233 231 2272 quo
277 2223 426 2261 tamen
471 2234 558 2262 non
605 2223 670 2262 est
709 2221 944 2274 explendas,
994 2223 1035 2262 et
1074 2221 1118 2261 in
1148 2220 1333 2272 Philipp.
1365 2219 1472 2269 XIV,
1506 2219 1545 2269 4,
1592 2220 1645 2260 10

59 2289 211 2331 eadem
243 2290 332 2331 fere
366 2294 431 2332 est
462 2292 570 2333 ratio
605 2290 680 2343 (ad
712 2291 945 2345 expiandas
977 2295 1170 2345 &estates
1210 2291 1422 2330 latrocinii
1457 2288 1555 2342 sui),
1604 2292 1646 2330 et

95 2464 123 2508 1)
149 2464 270 2509 [Quod
296 2466 450 2501 Orellius
482 2471 517 2502 et
542 2468 707 2501 Halmius
732 2472 860 2510 partes
891 2465 1040 2509 intelligi
1072 2465 1199 2499 volunt
1231 2476 1302 2505 eas,
1340 2476 1430 2509 quas
1463 2464 1555 2498 Galli
1589 2476 1646 2498 ac-

153 2527 257 2566 tions,
291 2536 356 2559 nos
390 2528 515 2560 Actien
548 2527 783 2570 appellamus.
823 2525 926 2559 valde
953 2525 1089 2565 dubito,
1127 2524 1333 2568 potueritne
1359 2524 1409 2557 sic
1434 2523 1645 2567 simpliciter

152 2584 220 2618 hoc
238 2585 455 2619 vocabulum
473 2585 510 2618 in
536 2585 603 2619 hoc
623 2585 824 2629 praesertim
850 2583 1021 2617 orationis
1048 2586 1218 2617 contextu
1240 2583 1343 2627 poni;
1371 2582 1500 2616 deinde
1521 2582 1644 2615 huius-

153 2644 251 2678 modi
288 2647 447 2688 quaestus
482 2644 724 2687 suspicionem
762 2654 782 2676 a
820 2643 991 2677 Cicerone
1029 2642 1065 2675 in
1105 2642 1284 2676 Caesarem
1322 2641 1445 2676 coniici
1486 2640 1645 2685 potuisse

152 2713 298 2746 prorsus
323 2714 414 2747 nego
423 2716 430 2743 ;
469 2707 651 2747 postremo
678 2701 744 2736 etsi
770 2702 899 2735 harum
926 2712 1044 2735 rerum
1071 2711 1202 2744 parum
1228 2711 1309 2734 sum
1335 2700 1482 2744 peritus,
1522 2703 1645 2733 tamen

153 2761 225 2795 scio
251 2772 324 2795 non
349 2761 489 2795 laudari
522 2761 557 2794 in
584 2761 639 2794 his
672 2760 823 2804 negotiis
849 2771 901 2801 ea,
934 2770 1014 2803 quae
1040 2763 1147 2793 antea
1172 2759 1366 2803 aliquando
1393 2769 1475 2792 cara
1500 2757 1645 2797 fuerint,

153 2820 215 2854 sed
254 2831 344 2864 quae,
383 2823 491 2854 antea
527 2819 679 2853 fortasse
716 2819 777 2853 vili
816 2818 929 2862 pretio
968 2821 1186 2862 comparata,
1224 2829 1321 2852 nunc
1358 2818 1477 2862 ipsum
1514 2826 1645 2859 magno

155 2877 346 2921 constent]

98 2934 126 2977 ²)
152 2935 246 2979 [Par.
273 2949 295 2971 a
321 2948 432 2971 manu
459 2937 477 2969 1
505 2938 709 2980 expiendas,
736 2946 756 2969 a
782 2946 893 2969 manu
919 2934 940 2967 2
966 2933 1192 2979 expiandas]

1301 2993 1366 3025 οὔ*

1665 1454 1716 1479 520
