1915 3235
957 172 1043 213 600

199 302 392 354 potestas
426 300 558 342 fuisse
591 300 790 342 videatur
821 303 864 342 et
886 301 1111 343 ambitioni
1144 303 1187 342 et
1218 301 1367 361 gratiae
1390 314 1505 354 saepe
1527 301 1646 343 locus
1670 301 1796 344 datus

201 384 294 412 esse
337 374 412 412 aut
457 371 513 412 ad
556 371 754 413 homines
796 372 1067 425 recipiendos
1101 374 1177 413 aut
1209 371 1266 413 ad
1299 385 1371 413 eos
1403 371 1585 414 molesto
1619 385 1798 414 munere

129 439 512 495 2461iberandos.¹)
590 442 740 495 Itaque
794 442 860 483 his
915 443 1185 496 temporibus
1233 442 1423 484 iudicum
1471 455 1698 485 consessus
1746 456 1799 485 ex

199 513 338 554 tribus
370 513 450 554 illis
490 512 719 566 generibus
761 514 985 567 aequaliter
1025 515 1274 556 coniunctos
1314 513 1523 564 videmus,
1572 516 1621 556 ut
1660 514 1705 556 in
1741 514 1797 556 M.

200 583 352 625 Scauri
384 597 528 634 0311ε3,
577 597 675 637 quae
714 597 828 626 anno
869 585 1066 638 proximo
1105 587 1205 638 post
1245 584 1430 625 alterum
1468 584 1664 638 Pompeii
1697 599 1798 627 con-

200 655 389 697 sulatum
424 657 521 696 acta
554 657 632 705 est,
681 655 798 708 apud
830 656 1064 698 Asconium
1105 658 1300 697 extremo
1340 657 1650 698 commentario
1684 658 1726 697 et
1757 657 1800 697 in

200 726 263 777 iis,
298 739 405 779 quas
429 726 578 768 Cicero
602 729 915 767 commemorat
936 728 980 768 in
1003 727 1127 780 epist.
1151 727 1208 768 ad
1230 726 1280 777 Q.
1303 727 1371 767 Fr.
1395 726 1444 776 ΙΙ,
1469 726 1494 767 6
1518 725 1599 780 [4],
1630 727 1669 777 6,
1704 740 1800 779 quae

200 798 360 850 scripta
383 799 448 838 est
469 810 583 838 anno
606 799 707 838 ante
729 797 925 850 Pompeii
948 797 1101 851 legem,
1126 800 1168 839 et
1189 798 1238 848 II,
1266 797 1318 838 16
1343 795 1452 850 [15],
1487 797 1526 847 3,
1561 811 1658 850 quae
1688 810 1801 840 anno

200 870 299 921 post
330 868 469 921 legem
502 869 663 922 scripta
696 871 774 909 est.
837 869 981 921 Atque
1020 869 1114 910 haec
1153 871 1218 910 est
1256 868 1325 909 lex
1356 868 1564 921 Pompeia
1606 868 1659 909 de
1690 868 1800 910 iudi-

202 939 336 989 cibus,
386 952 483 992 quae
524 953 549 980 a
590 939 795 981 Cicerone
833 940 1083 981 nominatur
1121 939 1306 992 Philipp.
1340 939 1369 989 I,
1411 939 1457 988 8,
1502 939 1558 980 20
1597 937 1690 992 (cfr.
1731 939 1800 980 Ps.

203 1010 377 1051 Sallust.
412 1010 465 1051 de
497 1023 543 1052 re
575 1024 617 1063 p.
652 1011 742 1052 ord.
777 1011 825 1061 II,
861 1009 918 1064 3).
975 1011 1064 1052 Nec
1097 1011 1330 1064 quicquam
1363 1010 1416 1051 de
1448 1009 1639 1050 iudicum
1672 1022 1801 1063 gene-

202 1080 321 1122 ribus
354 1083 571 1122 mutatum
606 1087 670 1123 est
703 1083 753 1123 iis
786 1082 964 1135 legibus,
999 1095 1107 1135 quas
1139 1082 1374 1135 Pompeius
1407 1081 1582 1122 tertium
1616 1082 1658 1121 et
1685 1081 1801 1122 solus

202 1152 351 1194 consul
391 1153 488 1193 tulit
527 1151 583 1206 (a.
618 1150 706 1205 52),
755 1166 1005 1206 quanquam
1045 1153 1183 1194 multa
1221 1156 1314 1194 tum
1354 1153 1398 1193 in
1437 1151 1602 1193 iudiciis
1643 1154 1803 1193 novata

202 1226 314 1265 sunt.
378 1224 548 1277 Negant
594 1227 743 1265 tamen
790 1224 997 1277 plerique,
1046 1226 1095 1265 ut
1141 1237 1280 1277 nuper
1327 1223 1524 1265 Baiterus
1573 1222 1677 1276 (ind.
1722 1223 1801 1277 leg.

202 1309 244 1348 p.
278 1293 381 1347 247)
415 1308 440 1336 3
472 1295 648 1337 Klenzio
682 1294 940 1348 (Prolegom.
975 1295 1031 1336 ad
1063 1295 1144 1348 leg.
1168 1294 1287 1336 Serv,
1311 1308 1353 1347 p.
1377 1294 1431 1334 IV
1452 1296 1541 1335 not.
1565 1294 1604 1344 5,
1638 1308 1680 1347 p.
1709 1294 1805 1335 XVI

200 1367 289 1407 not.
314 1364 386 1417 77)
421 1366 691 1415 dissentiens,
725 1366 982 1419 Pompeium
1014 1367 1107 1406 tum
1141 1365 1194 1407 de
1227 1365 1392 1406 iudiciis
1415 1365 1615 1417 universe
1640 1365 1802 1415 tulisse,

239 1528 266 1574 ¹.)
293 1531 363 1566 Cic.
397 1542 462 1575 pro
494 1531 635 1565 Cluent.
668 1530 725 1573 43,
760 1530 837 1565 1⁴21.
896 1531 980 1565 Erat
1012 1534 1136 1565 tamen
1168 1530 1308 1575 legibus
1341 1533 1552 1574 exceptum,
1595 1530 1639 1564 de
1674 1529 1805 1574 quibus

297 1590 413 1625 causis
452 1590 608 1624 iudicem
647 1590 715 1635 legi
748 1601 821 1624 non
855 1590 979 1624 liceret
1011 1588 1097 1632 (ibd.
1130 1587 1277 1632 §120)‚
1316 1589 1418 1623 cuius
1456 1588 1599 1633 generis
1639 1588 1807 1633 exempla

297 1652 382 1683 sunt
420 1649 456 1683 in
494 1649 572 1693 lege
610 1650 762 1684 Servilia
794 1661 822 1684 0.
851 1649 871 1682 6
904 1652 940 1683 et
967 1648 997 1683 7.
1061 1649 1131 1684 Sed
1170 1647 1435 1683 dubitationem
1474 1651 1510 1682 et
1548 1647 1806 1682 difficultatem

297 1708 403 1742 affert
428 1708 494 1742 Dio
527 1709 682 1747 Cassius,
717 1709 779 1753 qui
805 1709 885 1743 libr.
913 1709 1071 1750 XXXIX,
1106 1708 1125 1741 7
1159 1708 1301 1742 duobus
1335 1710 1420 1741 ante
1451 1707 1610 1741 alterum
1643 1707 1807 1752 Pompeii

297 1768 528 1802 consulatum
565 1768 670 1802 annis
706 1768 877 1803 Milonem
912 1772 1037 1802 narrat
1063 1767 1187 1802 Clodio
1213 1766 1483 1801 accusationem
1510 1766 1691 1801 minatum
1717 1777 1805 1808 esse,

297 1827 461 1861 nondum
493 1838 697 1861 accusasse:
737 1824 815 1865 οὔτε
841 1825 914 1872 γάρ
947 1827 981 1858 οἵ
1011 1830 1145 1871 ταμίαι,
1187 1823 1240 1858 δι’
1273 1817 1325 1857 ὧν
1358 1822 1420 1865 τήν
1451 1821 1703 1870 ἅποκλήρωσιν
1733 1828 1807 1857 τῶν

298 1886 476 1918 δικαστῶν
519 1889 692 1930 γενέσθαι
736 1885 865 1931 ἐχρῆν,
911 1884 1041 1930 ᾕρηντο
1080 1884 1139 1916 καὶ
1176 1882 1194 1916 ὁ
1234 1886 1364 1921 Νέπως
1401 1882 1555 1927 (consul)
1594 1881 1720 1916 οἷπεῖνῑε
1758 1885 1808 1928 τῷ

298 1948 481 1990 στρατηγῷ
505 1946 693 1990 μηδεμίαν
718 1942 785 1989 πρὸ
812 1948 874 1985 τῆς
899 1942 1103 1988 κληρώσεως
1130 1940 1245 1975 αὐτῶν
1271 1942 1373 1982 δίκην
1399 1945 1603 1987 προσέσθαι.
1651 1943 1736 1978 Haec
1762 1944 1808 1977 ad

298 2005 527 2040 sortitionem
553 2005 725 2047 iudicum,
765 2004 827 2049 qui
859 2004 895 2038 in
930 2005 998 2038 hac
1031 2014 1140 2037 causa
1173 2003 1351 2044 sederent,
1391 2002 1517 2036 referri
1543 2013 1617 2037 non
1644 2005 1807 2047 possunt,

299 2065 365 2099 etsi
392 2064 540 2099 nomine
566 2076 609 2098 ea
635 2064 828 2108 significari
854 2063 1008 2097 videtur.
1058 2063 1161 2103 Nam,
1201 2073 1247 2095 ne
1281 2061 1399 2095 dicam
1431 2072 1452 2095 a
1478 2062 1706 2105 praetoribus,
1746 2062 1809 2106 qui

299 2124 561 2168 quaestionibus
586 2127 794 2167 praeessent,
833 2124 928 2157 hanc
961 2122 1007 2156 ad
1040 2125 1237 2166 quaestores
1270 2121 1458 2155 transferri
1484 2121 1585 2155 nullo
1613 2121 1721 2155 modo
1748 2132 1808 2165 po-

299 2183 423 2225 tuisse,
450 2182 512 2227 qui
538 2186 680 2227 poterat
706 2182 851 2226 praetori
876 2181 1053 2223 interdici,
1088 2192 1134 2215 ne
1160 2191 1264 2215 reum
1291 2179 1477 2224 reciperet,
1510 2182 1709 2224 antequam
1736 2191 1808 2214 sor-

300 2242 378 2276 titio
406 2242 501 2276 facta
527 2245 621 2276 esset
646 2242 819 2283 iudicum,
858 2253 972 2286 quum
1006 2244 1085 2275 tum
1120 2240 1269 2274 demum
1301 2238 1441 2272 sortitio
1474 2238 1551 2272 fieri
1581 2240 1739 2281 deberet,
1778 2239 1808 2273 si

300 2312 382 2335 reus
409 2305 575 2345 receptus
602 2304 706 2342 esset,
735 2301 778 2335 de
805 2311 876 2344 quo
902 2298 1147 2334 iudicaretur?
1185 2298 1255 2332 Sed
1287 2308 1400 2342 quum
1434 2296 1471 2330 in
1505 2299 1666 2342 singulos
1692 2309 1806 2332 annos

300 2359 461 2394 iudicum
494 2360 711 2394 selectorum
743 2360 868 2393 album
901 2359 1149 2399 conficeretur,
1187 2357 1224 2391 id
1255 2359 1379 2391 autem
1411 2356 1479 2390 1100
1515 2369 1611 2392 311110
1644 2358 1809 2392 nondum

300 2419 438 2453 factum
472 2422 577 2459 esset,
616 2418 802 2462 prohibuit
833 2419 964 2462 Nepos,
1003 2429 1048 2452 ne
1081 2420 1214 2461 praetor
1247 2416 1383 2450 iudices
1416 2427 1459 2449 ex
1493 2414 1688 2459 superioris
1723 2414 1809 2448 anni

302 2478 386 2511 albo
412 2478 601 2512 sortiretur
627 2481 662 2512 et
689 2489 773 2511 cum
799 2477 841 2511 iis
867 2478 1053 2518 iudicaret,
1092 2477 1155 2510 sed
1189 2478 1415 2520 exspectaret
1440 2485 1577 2508 novam
1603 2473 1807 2508 lectionem.

301 2537 429 2581 Itaque
462 2537 530 2571 nisi
563 2537 678 2570 multo
713 2537 819 2580 plura
851 2537 918 2570 Dio
951 2547 1061 2580 quam
1094 2532 1370 2578 ἅποκληρώσεως
1401 2544 1537 2568 nomen
1570 2532 1807 2577 perturbavit,

302 2596 363 2630 illo
401 2599 565 2639 tempore
603 2599 826 2639 quaestorum
870 2598 991 2639 partes
1036 2597 1140 2628 erant
1178 2594 1214 2628 in
1252 2594 1335 2627 albo
1374 2593 1535 2627 iudicum
1574 2590 1807 2625 conficiendo.

302 2654 426 2698 Neque
452 2654 487 2688 id
513 2665 661 2698 prorsus
695 2654 904 2688 incredibile
937 2656 1002 2696 est,
1042 2652 1216 2697 quoniam
1248 2652 1362 2687 videri
1394 2654 1547 2696 possunt
1579 2651 1647 2685 sub
1682 2661 1808 2684 eorum

303 2713 467 2747 custodia
492 2713 529 2746 in
555 2712 680 2747 aerario
707 2713 840 2747 tabulae
873 2715 1025 2747 servatae
1052 2723 1146 2750 esse;
1188 2712 1251 2746 sed
1283 2723 1344 2746 eos
1376 2711 1470 2745 solos
1502 2713 1643 2745 tantam
1668 2720 1747 2743 rem
1773 2712 1809 2743 et

302 2783 387 2806 cum
412 2774 610 2816 praetorum
636 2771 850 2815 magistratu
876 2775 952 2805 tam
978 2771 1209 2805 coniunctam
1228 2773 1413 2811 tractasse,
1440 2780 1630 2813 nunquam
1651 2769 1807 2802 credam.

302 2831 411 2865 Miror
445 2831 542 2864 1111110
578 2830 701 2864 Dionis
736 2831 857 2864 locum
891 2841 1040 2874 prorsus
1072 2829 1214 2864 silentio
1246 2827 1474 2873 praetermitti
1507 2839 1528 2862 a
1559 2839 1599 2862 re
1632 2827 1808 2862 iudicialis

304 2889 549 2934 scriptoribus.
600 2889 689 2932 Quae
727 2889 911 2923 Fabricius
949 2890 993 2923 de
1032 2888 1271 2933 quaestoribus
1310 2886 1555 2921 centumviros
1595 2885 1806 2930 cogentibus

304 2948 485 2989 adscribit,
523 2948 745 2983 alienissima
781 2951 882 2986 sunt;
921 2959 988 2983 nec
1027 2950 1222 2991 quaestores
1260 2946 1296 2980 id
1329 2946 1456 2980 fecisse
1489 2945 1686 2980 Suetonius
1724 2943 1808 2978 dicit

304 3006 506 3050 (Octavian.
533 3005 604 3049 36),
632 3007 695 3040 sed
721 3011 906 3051 quaestura
929 3007 1084 3049 functos.
