1915 3235
842 115 898 156 IX

83 245 324 285 accessione
357 244 499 296 aliqua
531 244 704 284 alterius
736 244 901 296 generis
935 244 1143 284 mederer.
1193 243 1505 286 Grammaticas
1538 260 1654 299 quae-

81 328 241 368 stiones
273 327 350 368 etsi
383 339 497 379 saepe
529 326 797 378 multumque
828 325 871 367 in
910 325 1002 367 aliis
1040 325 1159 367 libris
1199 326 1332 379 attigi,
1371 329 1518 368 tamen
1555 332 1655 370 ante

82 423 179 450 eam
211 409 629 458 commentationem,
663 421 758 461 quae
790 408 833 448 in
864 408 945 449 hoc
977 407 1191 449 volumine
1219 408 1407 449 secunda
1430 411 1506 459 est,
1539 411 1656 452 nulla

81 505 178 532 mea
211 492 410 532 exstabat
442 491 660 543 amplioris
693 490 772 531 loci
806 490 1006 531 continua
1027 490 1319 543 pertractatio,
1352 491 1395 531 in
1418 504 1501 543 qua
1528 493 1655 545 plane

80 574 263 626 perspici
284 576 441 626 posset,
473 572 851 626 quemadmodum,
885 572 1000 624 quod
1021 573 1178 625 saepius
1200 573 1387 614 breviter
1408 574 1653 627 significavi,

80 655 288 696 universae
321 656 528 696 sermonis
559 658 725 696 naturae
759 655 1144 696 considerationem
1183 668 1280 696 cum
1320 655 1454 696 Graeci
1493 657 1654 699 Latini-

80 751 162 790 que
195 738 401 779 sermonis
433 738 707 790 proprietatis
739 737 1064 790 investigatione
1104 737 1300 790 coniungi
1338 738 1490 779 Vellem
1532 742 1574 781 et
1604 741 1654 781 li-

79 821 230 861 berum
273 821 546 872 antiquarum
595 833 764 873 quoque
810 820 1051 872 linguarum
1099 822 1263 861 motum
1309 821 1510 862 historica
1556 823 1653 873 fide,

79 903 273 944 adhibita
303 902 644 944 testimoniorum
679 901 975 951 aestimatione,
1017 903 1192 955 exquiri.
1256 903 1315 944 Ea
1349 903 1580 957 disputatio
1613 909 1654 947 et

79 985 205 1025 simul
238 985 386 1033 altera,
435 998 520 1037 qua
559 985 702 1037 plures
740 984 1011 1036 minoresque
1050 985 1128 1026 loci
1162 985 1439 1038 explicantur,
1488 988 1522 1028 si
1557 1001 1653 1030 cum

78 1068 412 1109 institutionibus
445 1068 599 1120 linguae
632 1067 807 1109 Latinae.
850 1080 945 1119 quae
986 1080 1011 1107 a
1050 1081 1119 1108 me
1151 1068 1306 1109 scholis
1339 1069 1509 1121 scriptae
1541 1070 1653 1113 intra

79 1163 238 1202 paucos
270 1162 440 1190 menses
473 1150 514 1190 in
548 1149 778 1191 Germania
812 1149 1003 1190 edentur.
1049 1152 1309 1202 comparatae
1342 1151 1497 1193 fuerint
1530 1154 1652 1194 adhi-

78 1232 277 1284 bitusque
310 1231 489 1281 libellus,
524 1245 651 1284 quem
685 1232 737 1272 de
771 1232 1061 1284 compluribus
1091 1232 1220 1273 rebus
1251 1233 1303 1273 ad
1327 1236 1652 1286 grammaticam

80 1314 275 1355 Latinam
306 1313 617 1367 pertinentibus
650 1314 731 1354 arti
764 1314 820 1354 illi
853 1313 917 1367 (ut
939 1316 1104 1355 veteres
1128 1314 1430 1369 loquebantur)
1453 1319 1651 1360 comitem

79 1396 204 1442 dabo,
238 1397 506 1449 intelligetur,
551 1399 592 1437 et
624 1409 754 1449 quam
787 1397 917 1437 totius
950 1396 1184 1448 disciplinae
1215 1397 1436 1439 tradendae
1468 1400 1650 1442 formam

79 1491 222 1519 verani
264 1482 409 1531 putem
451 1482 491 1519 et
531 1478 895 1531 quemadmodum
935 1479 1019 1519 late
1058 1479 1273 1531 dispersas
1314 1483 1571 1531 quaestiones
1610 1485 1652 1524 in

78 1573 269 1601 summas
308 1563 350 1601 et
389 1562 530 1614 capita
570 1561 782 1613 cogendas
823 1563 865 1601 et
904 1561 1269 1613 quemadmodum
1308 1575 1499 1605 summas
1540 1579 1651 1618 prae-

78 1643 293 1695 parandas
327 1644 740 1697 confirmandasque.
803 1643 942 1684 Altius
981 1644 1251 1696 quorundam
1290 1645 1495 1699 principia
1528 1661 1651 1701 repe-

79 1728 221 1766 tentur
252 1726 293 1766 in
326 1726 375 1766 iis
409 1726 841 1767 commentationibus
875 1726 927 1767 de
959 1727 1098 1767 omnis
1130 1727 1338 1768 sermonis
1361 1729 1399 1769 vi
1433 1733 1475 1770 et
1496 1733 1652 1773 natura

79 1811 206 1860 atque
245 1805 387 1858 motu,
421 1822 601 1861 quarum
641 1809 779 1861 patrio
819 1821 1015 1850 sermone
1055 1809 1308 1861 scriptarum
1352 1813 1451 1851 ante
1492 1826 1651 1865 paucos

78 1903 246 1931 menses
294 1891 502 1943 particula
550 1891 692 1943 aliqua
741 1892 1031 1941 festinantius,
1080 1904 1208 1944 quam
1258 1891 1428 1942 vellem,
1485 1895 1651 1937 edenda

78 1972 168 2013 fuit.
186 1970 218 2024 ยน)
281 1973 326 2013 In
359 1973 502 2014 critico
534 1986 701 2026 genere,
745 1973 859 2025 quod
900 1987 996 2014 cum
1036 1974 1316 2026 grammatico
1358 1976 1651 2018 coniunctissi-

77 2068 195 2095 mum
229 2058 304 2102 est,
345 2068 474 2107 quam
513 2056 722 2096 rationem
754 2056 998 2108 probarem,
1040 2069 1171 2109 quum
1203 2056 1245 2096 in
1277 2057 1529 2109 praefatione
1562 2059 1651 2100 edi-

78 2137 202 2178 tionis
233 2137 438 2178 librorum
471 2137 685 2179 Ciceronis
724 2139 776 2179 de
816 2138 972 2180 finibus
1013 2139 1200 2191 exposui,
1240 2144 1330 2179 tum
1371 2140 1413 2180 in
1452 2153 1514 2190 ea,
1555 2155 1652 2193 quae

78 2219 144 2260 hic
176 2222 325 2260 octavo
359 2220 450 2261 loco
481 2220 620 2273 posita
652 2223 729 2261 est.
791 2221 1053 2262 Pravitatem
1087 2222 1355 2274 quorundam
1387 2223 1567 2263 mixtam
1600 2236 1651 2263 ex

78 2302 376 2355 superstitione
420 2305 462 2343 et
501 2303 700 2344 inanibus
745 2304 972 2344 enarrandi
1015 2304 1409 2357 interpretandique
1449 2305 1650 2356 artificiis,

78 2398 174 2425 cum
206 2385 509 2437 grammaticae,
543 2399 685 2426 rerum
718 2387 1112 2439 sententiarumque
1135 2386 1469 2439 perturbatione,
1504 2390 1652 2440 aperte

77 2480 127 2508 ac
158 2467 248 2508 sine
280 2467 365 2508 ulla
398 2468 735 2509 dissimulatione
767 2469 1034 2521 reprehendi,
1068 2470 1307 2522 praesertim
1338 2468 1571 2510 iactantem
1602 2483 1648 2511 se

75 2550 324 2591 insolentius
356 2551 399 2591 in
429 2552 611 2604 negotio,
651 2552 685 2591 si
718 2551 890 2603 quidem
922 2551 992 2593 illo
1024 2551 1152 2592 modo
1184 2551 1355 2604 geritur,
1396 2551 1513 2592 haud
1544 2565 1648 2593 sane

77 2632 236 2673 difficili
268 2637 310 2673 et
340 2633 426 2673 iam
458 2634 707 2673 manantem
749 2633 890 2673 latius.
952 2633 1060 2674 Nam
1102 2633 1266 2674 Livium
1306 2646 1476 2686 quoque
1514 2647 1652 2687 nuper

76 2714 169 2754 haec
200 2715 308 2755 ratio
340 2714 491 2767 attigit,
533 2714 839 2767 industriaeque
879 2717 920 2755 et
958 2715 1099 2756 studio
1132 2716 1403 2756 instrumenti
1437 2716 1566 2757 critici
1600 2730 1650 2757 ex

113 2887 141 2931 ยน)
168 2887 259 2931 [Vid.
288 2890 410 2924 Kleine
436 2890 689 2934 philologische
715 2890 894 2924 Schriften
920 2903 952 2935 p.
974 2890 1019 2923 48
1046 2890 1138 2934 sqq]
