1915 3235
819 126 900 166 511

67 257 182 298 tione
213 256 413 308 negativa
445 255 649 296 distinxit.
664 251 696 306 1)
744 254 854 295 Vera
886 254 1013 307 igitur
1044 255 1255 307 scriptura
1278 256 1400 296 exiis
1424 256 1654 306 codicibus,

68 327 121 368 de
152 326 308 379 quibus
344 326 448 367 certi
481 325 643 378 aliquid
675 327 855 375 constat,
895 325 939 365 in
976 338 1062 366 uno
1094 328 1269 378 reperta
1301 328 1365 367 est
1396 326 1654 376 Hauniensi;

67 411 119 439 ea
160 410 293 449 quum
335 398 450 437 esset
495 395 538 436 in
585 395 799 448 plerisque
847 395 1066 436 codicibus
1115 399 1330 449 corrupta,
1380 397 1538 438 omisso
1585 403 1653 447 est,

68 470 260 509 extremo
306 467 400 507 loco
443 465 589 506 infelix
629 466 882 506 emendator
928 466 1129 507 vitiosum
1175 467 1280 507 illud
1328 482 1436 508 (mne
1481 469 1654 518 invexit,

67 538 182 592 quod
213 551 345 591 quum
379 539 466 577 tres
500 536 710 577 Goerenzii
744 536 910 577 codices
943 536 1152 587 obsideat,
1201 551 1309 590 quos
1348 538 1418 579 ille
1456 538 1654 580 meliores

66 609 286 662 appellare
319 607 552 655 consuevit,
585 606 670 647 iam
706 620 757 647 ex
790 608 870 647 hoc
902 606 1135 659 specimine
1160 608 1213 649 de
1239 608 1311 649 illa
1335 608 1528 650 bonitate
1554 622 1654 651 con—

64 680 227 721 iectura
258 677 352 719 fieri
385 679 540 730 potest.

181 749 292 790 Puto
340 761 392 789 ex
437 748 504 789 his
553 748 759 800 exemplis
808 747 1103 800 praeiudicium
1144 749 1319 801 aliquod
1357 749 1521 791 factum
1561 763 1654 791 esse

63 821 162 870 tale,
211 819 338 873 quale
378 818 504 868 volui,
554 818 607 858 de
646 818 800 859 horum
834 818 1027 860 codicum
1061 820 1330 870 auctoritate,
1379 821 1534 873 quibus
1567 818 1654 862 non

62 893 232 932 tantum
264 889 420 940 tribuo,
469 891 517 930 ut
554 891 765 941 tanquam
809 891 946 930 certos
987 889 1117 930 duces
1149 903 1319 943 sequar,
1369 891 1446 932 sed
1477 894 1525 932 ut
1555 893 1652 932 tan-

63 974 195 1015 quam
227 960 358 1013 paulo
390 959 645 1012 plerumque
679 959 830 1000 ceteris
864 956 1125 1012 certiores.‘-')
1174 960 1376 1002 Ceterum
1408 961 1653 1003 Victoriano

63 1031 358 1073 Hauniensem
396 1032 605 1083 praestare
644 1029 791 1079 videri,
841 1043 893 1070 ex
939 1031 988 1070 iis
1036 1031 1160 1083 ipsis,
1209 1044 1317 1083 quos
1356 1032 1651 1082 tractavimus,

63 1103 165 1144 locis
197 1104 330 1155 patet,
379 1102 413 1142 si
452 1101 581 1142 modo
614 1100 845 1142 Victoriani
877 1100 1102 1153 scripturae
1135 1115 1258 1154 aeque
1292 1102 1517 1156 diligenter
1549 1117 1652 1144 eno-

61 1175 165 1214 tatae
197 1175 241 1214 et
273 1172 398 1213 editae
431 1174 543 1212 stult.
606 1171 713 1212 Illud
746 1171 871 1212 simul
904 1171 1170 1224 patefactum
1204 1174 1280 1222 est,
1322 1176 1490 1215 veteres
1523 1187 1652 1227 quos-

62 1243 162 1285 dam
203 1243 403 1293 editores,
451 1243 634 1291 Iuntam,
684 1242 917 1283 Victorium
961 1243 1116 1294 ipsum,
1166 1243 1436 1296 Stephanum
1486 1245 1652 1286 codices

60 1313 265 1355 habuisse
311 1313 468 1354 horum
516 1313 689 1354 similes.
752 1312 815 1353 De
862 1313 1032 1354 Gruteri
1079 1313 1299 1355 codicibus
1339 1315 1383 1355 in
1420 1315 1486 1356 his
1518 1315 1650 1365 libris,

60 1385 134 1426 ubi
165 1397 252 1426 non
284 1397 443 1437 magna
475 1384 620 1436 aliqua
661 1386 703 1424 et
745 1386 957 1437 perpetua
999 1384 1203 1425 diiunctio
1248 1386 1325 1434 est,
1375 1385 1545 1427 difficile
1588 1389 1652 1427 est

61 1455 263 1496 iudicare.
327 1455 389 1496 Ex
422 1455 582 1496 Davisii
613 1454 866 1496 Parisiensis
900 1457 941 1496 et
973 1455 1113 1508 regius
1154 1455 1270 1508 digni
1311 1458 1434 1497 erant
1473 1456 1650 1510 diligen-

60 1526 167 1567 tiore
205 1539 300 1576 usu,
349 1539 600 1579 quanquam
639 1525 814 1566 minime
854 1525 909 1567 ab
948 1526 1351 1578 interpolationibus
1390 1526 1512 1567 liberi
1551 1529 1649 1568 sunt

61 1595 126 1650 (ut
156 1597 200 1637 in
231 1597 260 1648 I,
293 1597 334 1647 4,
372 1596 456 1650 14).
505 1596 771 1639 Oxonienses
803 1599 890 1637 tres
923 1597 1123 1649 pessimae
1155 1599 1270 1637 notae
1302 1599 1415 1638 sunt.
1472 1597 1650 1638 Goeren—

60 1667 148 1708 zius
181 1681 280 1709 suos
321 1669 365 1709 in
404 1668 511 1710 duas
551 1668 737 1709 familias
777 1666 1014 1720 descripsit,
1066 1680 1249 1720 quorum
1298 1680 1405 1720 quos
1451 1668 1650 1710 meliores

60 1739 250 1788 credidit,
285 1742 500 1791 quantum
534 1752 586 1780 ex
618 1739 681 1789 iis,
716 1752 813 1792 quae
845 1751 999 1791 parum
1031 1737 1157 1790 plene
1190 1739 1415 1791 excerpsit,
1459 1739 1650 1781 iudicare

15 1843 18 1845 .
58 1811 213 1862 potest,
248 1823 497 1862 quanquam
528 1823 616 1851 non
646 1812 737 1851 tam
769 1809 1034 1862 negligenter
1067 1810 1108 1849 et
1130 1808 1337 1850 mendose
1365 1822 1497 1862 quam
1521 1811 1650 1851 ceteri

59 1880 149 1922 eius
182 1881 328 1934 scripti
362 1884 497 1931 erant,
537 1883 686 1922 tamen
717 1893 857 1933 neque
889 1882 1098 1932 perpetuo
1131 1879 1377 1921 discrimine
1410 1880 1465 1921 ab
1501 1880 1551 1921 iis
1585 1881 1649 1921 di-

58 1951 389 2004 stinguebantur
421 1954 476 2001 et,
509 1954 558 1993 ut
579 1952 702 1993 exiis
724 1951 840 2001 locis,
875 1951 928 1991 de
950 1951 1106 2002 quibus
1129 1949 1228 2000 dixi,
1262 1955 1457 2003 apparet,
1491 1951 1649 1993 multas

58 2021 144 2063 iam
176 2021 528 2076 interpolationes
561 2025 604 2064 et
636 2022 921 2064 correctiones
953 2023 1246 2074 susceperant.
1295 2021 1358 2062 Ex
1389 2022 1545 2063 Moseri
1578 2035 1649 2063 co-

59 2092 224 2134 dicibus
271 2093 562 2144 Monacensis,
619 2093 743 2146 longe
797 2091 1124 2133 mendosissime
1171 2092 1376 2144 scriptus,
1431 2093 1648 2134 interdum

58 2162 237 2216 vestigia
267 2164 359 2204 veri
393 2164 494 2205 alibi
527 2165 760 2205 obscurata
792 2162 993 2204 servavit.

96 2301 123 2346 1)
150 2303 366 2346 Goerenzius,
392 2309 433 2339 ut
458 2305 559 2345 solet,
587 2315 699 2348 quum
725 2303 982 2338 incredibiliter
1007 2302 1043 2336 in
1069 2301 1266 2336 notissimis
1283 2303 1392 2337 rebus
1410 2306 1516 2344 errat,
1543 2303 1648 2338 valde

153 2365 290 2406 σεμνῶς
315 2363 430 2397 addit:
473 2364 585 2405 „Cum
610 2363 757 2407 vulgata
781 2362 977 2406 saepissime
1004 2360 1157 2396 Cicero.“
1210 2361 1289 2395 Non
1315 2361 1423 2395 nimis
1449 2362 1526 2403 scit,
1561 2362 1645 2406 quid

152 2421 258 2464 dicat,
297 2433 409 2466 quum
447 2422 594 2456 oracula
630 2422 766 2463 fundit,
805 2432 886 2466 quae
923 2424 1047 2455 tamen
1083 2431 1147 2464 per
1179 2419 1318 2464 aliquot
1349 2431 1464 2454 annos
1496 2421 1647 2455 auctori-

154 2484 266 2515 tatem
298 2481 516 2515 habuerunt.
574 2481 700 2525 Itaque
731 2490 805 2514 non
837 2479 1066 2521 contendam,
1104 2479 1172 2513 hoc
1205 2490 1289 2513 eum
1323 2479 1491 2521 censisse,
1529 2479 1647 2523 saepis-

152 2538 241 2573 sime
275 2539 485 2574 Ciceronem
522 2540 559 2574 in
597 2538 878 2583 interrogatione
914 2537 1067 2582 simplici
1104 2549 1178 2572 non
1216 2549 1359 2572 annexa
1397 2550 1445 2572 an
1482 2541 1517 2572 et
1555 2550 1648 2572 anne

151 2608 295 2641 ponere.
358 2598 452 2632 Nihil
489 2599 644 2633 sensisse
681 2598 800 2642 potius
838 2596 967 2631 dicam.
1029 2596 1072 2630 Et
1108 2599 1232 2630 tamen
1269 2597 1367 2630 idem
1404 2596 1532 2631 vitium
1570 2607 1646 2630 ora-

151 2655 259 2690 tionis
291 2668 418 2692 omnes
451 2658 606 2692 editores
638 2657 728 2701 fugit
759 2655 828 2690 alio
868 2655 999 2689 horum
1030 2655 1204 2690 librorum
1237 2655 1334 2698 loco,
1373 2656 1417 2690 de
1455 2667 1526 2699 quo
1565 2659 1646 2699 post

153 2714 280 2749 dicam.

94 2769 123 2814 ²)
150 2773 229 2807 Uno
247 2773 325 2807 loco
349 2773 391 2815 (I,
417 2774 474 2816 23,
501 2773 559 2817 61)
586 2774 833 2808 additamento
859 2772 1045 2816 depravati
1070 2776 1165 2814 sunt,
1192 2772 1254 2807 ubi
1280 2772 1341 2807 alii
1366 2772 1532 2807 nonnulli
1557 2772 1644 2806 inte-

152 2843 253 2876 gram
278 2832 495 2876 scripturam
520 2836 676 2867 servant.
726 2832 797 2866 Sed
822 2831 858 2865 id
882 2831 1172 2866 additamentum
1197 2842 1271 2866 non
1297 2843 1341 2866 ex
1366 2831 1645 2876 interpolatione

153 2893 272 2924 ortum
299 2894 363 2933 est,
395 2891 458 2925 sed
484 2902 527 2925 ex
553 2890 787 2925 annotatione
812 2889 1002 2934 marginali
1027 2901 1112 2925 casu
1146 2890 1185 2924 in
1210 2890 1412 2925 orationem
1438 2893 1644 2924 contextam

151 2952 305 2993 recepta.

1676 480 1728 505 139
