1915 3235
948 117 1033 157 742

185 248 293 297 vitis,
342 247 395 287 12
428 260 512 288 orn.
547 245 661 299 non).
725 246 832 287 Haec
879 246 1008 299 igitur
1055 260 1190 299 quum
1238 247 1293 288 sit
1340 247 1536 288 codicum
1586 248 1792 298 condicio,

186 317 445 360 auctoritate
479 317 704 370 scripturae
747 317 962 370 exquisita
1006 320 1048 359 et
1087 318 1147 358 sic
1191 318 1447 371 ponderata,
1496 320 1544 358 ut
1586 317 1795 370 praecipui

186 388 349 441 aliquid
381 388 601 430 tribuatur
634 390 672 430 ei
706 389 902 430 codicum
937 391 1081 438 sectae,
1116 390 1158 429 in
1193 403 1280 442 qua
1313 388 1357 430 bs
1388 391 1501 439 sunt,
1536 401 1616 429 nec
1645 390 1795 429 tamen

186 473 237 501 eo
282 459 425 510 modO,
476 473 561 512 quo
606 460 709 501 alibi
752 460 917 502 familia
956 462 1123 513 integra
1157 460 1353 501 codicum
1386 460 1658 512 interpolatae
1692 472 1795 500 con-

186 533 354 572 stanter
385 531 629 583 praefertur,
663 531 706 572 in
741 531 894 572 ceteris
927 532 1145 573 rationum
1175 531 1407 572 momentis
1433 529 1669 584 pensandis
1694 531 1795 571 ante

187 601 333 644 omnia
366 603 553 654 spectari
587 601 730 652 debet,
766 603 868 655 quid
901 603 1245 656 interpolationis
1279 602 1490 643 eiusmodi
1514 603 1664 643 notam
1693 614 1794 642 con-

187 673 336 721 tineat,
387 672 558 725 qualem
602 673 644 713 in
684 674 750 714 his
792 673 1061 715 orationibus
1100 676 1319 714 versatam
1360 685 1454 714 esse
1487 674 1685 726 apparet.
1749 672 1797 712 In

187 744 269 785 hoc
303 744 527 796 scripturae
562 744 745 793 delectu,
780 745 821 785 in
857 758 941 797 quo
974 758 1101 793 nunc,
1136 746 1260 785 tanta
1291 744 1408 785 facta
1441 748 1681 796 apparatus
1716 742 1796 784 cri-

187 814 259 855 tici
292 814 546 864 mutatione,
592 827 679 856 non
712 828 854 867 pauca
887 816 1019 856 alium
1052 815 1153 856 fidei
1187 817 1229 856 et
1260 814 1580 868 probabilitatis
1613 814 1796 867 gradum

187 888 338 927 tenent
370 899 501 938 quam
536 887 650 934 ante,
701 899 753 926 ex
792 887 930 928 multo
968 887 1133 928 maiore
1174 888 1298 939 parte
1338 885 1444 926 mihi
1484 898 1582 926 cum
1621 883 1797 926 Halmio

189 957 418 998 convenire
452 956 588 997 laetor.
653 955 716 1009 (ln
750 957 990 998 minoribus
1024 958 1168 1008 rebus,
1209 959 1257 998 ut
1288 957 1332 998 in
1365 957 1515 998 ordine
1548 956 1796 1006 verborum,

188 1028 266 1069 sed
299 1027 429 1068 etiam
463 1027 507 1067 in
539 1027 755 1068 nonnullis
790 1028 1027 1070 maioribus
1061 1041 1299 1070 consensus
1333 1041 1420 1068 non
1454 1026 1685 1080 apparebit
1716 1026 1799 1067 nisi

189 1099 385 1140 adhibita
420 1099 608 1139 editione
640 1099 769 1139 tertia
808 1099 975 1140 minore
1014 1097 1210 1152 Halmii.)
1281 1099 1343 1139 Ex
1383 1099 1433 1140 iis
1473 1099 1590 1149 locis,
1640 1098 1797 1151 quibus

188 1171 245 1211 ab
280 1183 330 1211 eo
364 1170 584 1219 dissentio,
628 1169 869 1220 subiiciam,
911 1184 1019 1223 quos
1054 1183 1398 1212 commemorare
1431 1183 1577 1222 operae
1610 1168 1798 1222 pretium

189 1243 315 1294 puto2
358 1241 502 1281 ordiar
535 1242 683 1281 autem
716 1254 742 1281 a
774 1254 820 1281 re
852 1255 1001 1294 parva,
1043 1243 1258 1294 scriptura
1291 1241 1488 1282 codicum
1522 1240 1565 1281 in
1597 1240 1690 1281 loco
1724 1240 1798 1281 ali-

191 1325 276 1365 quo
311 1314 460 1353 contra
499 1325 644 1352 meam
689 1312 995 1362 coniecturam,
1047 1326 1144 1365 quae
1187 1313 1244 1353 ad
1287 1312 1425 1353 solam
1467 1310 1798 1364 grammaticam

191 1383 397 1424 orationis
431 1383 618 1424 formam
650 1383 852 1436 pertinet,
887 1383 1029 1424 minus
1064 1387 1189 1424 caute
1222 1397 1248 1424 a
1280 1383 1370 1424 viro
1405 1382 1575 1435 egregio
1605 1381 1797 1431 defensa,

191 1467 246 1494 ne
279 1467 377 1494 eam
411 1454 704 1496 coniecturam
738 1455 889 1496 videar
912 1454 1173 1508 negligentia
1196 1456 1271 1495 aut
1294 1453 1533 1507 pertinacia
1556 1452 1797 1494 retinuisse.

193 1525 303 1566 Nam
337 1525 373 1574 l,
415 1525 491 1575 ΒΞ,
542 1539 675 1578 quum
714 1527 774 1567 sic
817 1526 1026 1579 scriptum
1068 1527 1181 1566 esset
1221 1525 1264 1566 in
1304 1524 1544 1566 codicibus:
1603 1523 1653 1565 Ut
1691 1537 1800 1578 sempe

193 1596 378 1637 homines
418 1597 523 1649 seqre?
562 1597 703 1637 morbo
745 1599 891 1651 gyrari,
941 1611 1067 1652 quum
1111 1601 1213 1638 cestu
1250 1596 1442 1650 febrique
1481 1596 1715 1647 metamur,
1763 1594 1801 1635 si

193 1681 347 1722 aquam
378 1667 564 1721 yelidam
597 1668 839 1721 biberint,
868 1670 1010 1722 primo
1042 1669 1224 1708 relevari
1256 1667 1464 1718 ridentur,
1498 1665 1648 1706 deinde
1673 1665 1800 1706 multo

190 1739 366 1793 ymnius
400 1763 454 1766 ——
488 1739 768 1792 afflictantur,
802 1741 861 1780 sic
894 1741 988 1790 cet.,
1023 1739 1137 1780 idem
1161 1738 1230 1779 hic
1254 1738 1461 1779 accidisse
1484 1737 1648 1790 putavi,
1682 1736 1800 1789 quod

193 1808 369 1850 infinitis
411 1823 547 1862 prope
590 1810 693 1852 locis
738 1811 900 1852 factum
943 1824 1037 1851 esse
1080 1811 1123 1851 in
1162 1811 1244 1851 hoc
1285 1823 1441 1863 genere
1482 1808 1799 1849 sententiarum

194 1881 500 1932 temporalium
535 1882 995 1935 condicionaliulnque,
1031 1895 1166 1934 quum
1190 1881 1417 1929 diceretur,
1453 1880 1557 1932 quid
1581 1891 1801 1932 quamque

194 1964 284 1992 rem
320 1951 439 2003 sequi
473 1952 643 2002 soleret,
685 1953 854 1994 ostendi
887 1953 988 1994 olim
1023 1952 1077 1993 ad
1112 1952 1198 1993 Cic.
1233 1952 1287 1992 de
1318 1951 1392 1992 fin.
1425 1951 1461 1991 V
1494 1949 1516 2002 ἓ
1549 1950 1602 1991 41
1639 1964 1681 2003 p.
1715 1950 1801 1991 679

195 2035 288 2074 sqq.
330 2022 396 2062 ed.
431 2022 456 2062 3
497 2020 590 2075 (cfr.
634 2023 794 2076 Opusc.
835 2024 912 2065 Ac..
946 2024 982 2064 ΙΙ
1021 2038 1063 2076 p.
1100 2023 1183 2063 112
1233 2024 1275 2063 et
1316 2036 1358 2075 p.
1393 2023 1499 2071 281,
1549 2021 1802 2074 monitaque

195 2105 378 2145 gramm.
412 2092 577 2134 Latinae
610 2094 711 2135 edit.
745 2094 898 2147 primae
931 2094 1137 2136 adiuncta
1168 2108 1211 2146 p.
1245 2093 1302 2134 65
1335 2093 1402 2134 ed.
1431 2091 1608 2145 Germ),
1643 2097 1690 2133 ut
1722 2105 1802 2145 pro

196 2162 397 2213 biberunt,
447 2165 564 2215 quod
597 2165 744 2206 Cicero
783 2165 1012 2218 posuisset,
1062 2165 1399 2206 substitueretur
1440 2163 1629 2204 biberint.
1693 2162 1802 2203 Hal-

196 2235 308 2275 mius
340 2235 622 2276 indicativum
653 2236 946 2277 necessarium
980 2236 1175 2276 futurum
1209 2236 1342 2277 fuisse
1366 2235 1541 2285 iudicat,
1576 2235 1612 2275 si
1645 2233 1803 2275 soleret

196 2306 278 2347 hoc
310 2306 415 2355 fieri,
464 2309 512 2347 ut
552 2307 750 2349 homines
791 2320 952 2360 aquam
994 2306 1179 2359 gelidam
1221 2307 1442 2355 biberent;
1491 2318 1606 2346 nunc
1647 2304 1716 2358 agi
1749 2305 1802 2346 de

197 2390 256 2426 re,
291 2390 388 2429 quae
421 2378 554 2418 semel
587 2378 820 2431 aliquando
853 2378 945 2418 fieri
978 2377 1127 2430 possit.
1176 2377 1223 2418 In
1257 2391 1341 2430 quo
1374 2376 1563 2430 primum
1589 2375 1653 2416 vir
1680 2388 1802 2428 egre-

197 2447 291 2501 gius
324 2461 411 2489 non
442 2449 639 2499 attendit,
681 2449 932 2490 Ciceronem
973 2448 1245 2501 apertissime
1285 2460 1628 2489 commemorare
1660 2459 1801 2487 reme-

200 2519 319 2560 dium
351 2519 407 2559 ab
441 2519 565 2571 aegris
598 2521 756 2561 tentari
788 2519 963 2561 solitum
996 2518 1074 2573 (Ut
1105 2533 1230 2573 saepe
1269 2542 1324 2546 —-
1364 2515 1595 2570 videntur);
1645 2516 1801 2558 deinde

198 2590 305 2631 nihil
338 2589 393 2630 ad
425 2603 515 2630 rem
551 2590 749 2642 pertinet,
800 2603 932 2642 quam
971 2603 1087 2643 saepe
1127 2590 1231 2642 quid
1269 2589 1361 2630 fieri
1401 2589 1623 2642 cogitetur,
1672 2587 1802 2629 modo

200 2660 450 2715 simpli-citer
490 2660 658 2701 dicatur
696 2661 749 2702 de
791 2663 947 2702 eventu
990 2674 1080 2701 rem
1127 2660 1318 2713 aliquam
1361 2659 1570 2712 sequenti,
1619 2671 1706 2699 non
1749 2658 1802 2698 de

201 2731 497 2784 experimento
545 2731 676 2771 futuri
721 2731 944 2784 temporis.
1021 2731 1171 2784 Neque
1222 2730 1336 2771 enim
1378 2730 1578 2771 Latinum
1621 2730 1706 2770 est:
1754 2727 1802 2769 Si

200 2803 293 2857 quis
322 2801 483 2855 fecerit,
517 2803 650 2851 sentit,
690 2802 766 2842 sed
800 2805 896 2843 aut:
945 2803 982 2843 si
1014 2803 1106 2857 quis
1136 2801 1237 2854 fecit
1271 2799 1422 2853 (facit),
1463 2801 1586 2841 sentit
1620 2801 1714 2840 aut:
1764 2799 1802 2840 si

201 2873 294 2927 quis
337 2872 498 2925 fecerit,
545 2872 709 2920 sentiet3
757 2872 884 2913 tertia
933 2875 997 2913 est
1045 2872 1186 2913 forma
1234 2872 1370 2912 mixta
1419 2884 1470 2912 ex
1517 2884 1563 2912 re
1609 2870 1711 2911 ficta
1759 2873 1801 2910 et

201 2945 377 2996 sumpta
410 2945 449 2983 et
485 2956 536 2984 ex
570 2942 793 2984 enuntiato
826 2943 1016 2995 generali
1051 2941 1115 2995 (ut
1147 2943 1215 2993 III,
1261 2943 1334 2983 15:
1368 2942 1406 2983 si
1445 2965 1499 2970 —-
1539 2940 1799 2994 conferatur,
