1915 3235
151 1954 183 1979 26

987 109 1042 149 20

215 241 360 283 saeculi
393 240 530 294 quinti
563 238 717 281 decimi
750 241 793 280 et
825 237 1017 279 Tortellii
1050 237 1159 284 libri,
1193 239 1241 277 ut
1273 236 1454 287 videtur,
1488 250 1608 288 usus,
1641 240 1690 280 ut
1714 241 1812 292 post

214 312 341 354 huius
381 315 552 364 tempus
592 311 706 352 hunc
748 309 967 350 hominem
1010 308 1168 349 vixisse
1210 309 1426 360 putemus,
1476 307 1599 358 facit3
1646 309 1811 362 primus

214 386 361 425 autem
385 383 451 423 his
475 380 727 434 fragmentis
752 393 855 421 usus
887 381 952 420 est
977 378 1132 420 Caelius
1158 378 1441 431 Rhodiginus,
1476 379 1596 420 cuius
1622 380 1811 433 antiquae

214 454 417 495 lectiones
457 467 496 494 a.
534 453 645 493 1516
687 451 875 504 primum
915 449 1041 490 editae
1081 454 1195 490 sunt.
1258 449 1321 490 Ex
1359 463 1443 502 quo
1484 450 1649 491 fraudis
1693 463 1810 492 com-

211 524 355 565 missae
410 527 581 576 tempus
636 521 919 574 cognoscitur.
996 520 1125 570 Illud⁷
1183 522 1417 573 antequam
1472 521 1811 574 disputationem

212 595 426 642 finiamus.
460 607 547 635 non
579 592 867 635 omittendum
901 594 979 641 est,
1022 594 1064 632 et
1096 591 1250 632 Lilium
1283 591 1534 645 Gyraldum,
1584 605 1717 645 quum
1758 592 1812 634 de

210 666 276 707 his
317 665 568 718 fragmentis
608 663 771 716 aliquid
816 663 1073 716 accepisset,
1124 663 1373 704 dubitanter
1420 663 1473 704 de
1521 663 1570 704 iis
1618 663 1811 705 locutum

212 733 372 788 esse1),
423 739 465 777 et
504 735 622 788 apud
663 734 824 775 Maium
865 734 1009 775 nescio
1052 734 1155 787 quid
1194 734 1448 787 suspicionis
1490 734 1628 775 simile
1668 738 1810 776 ortum

210 804 366 859 esse.²)

327 877 454 928 Quod
486 877 521 918 si
554 877 648 930 quis
682 876 856 918 brevius
890 879 1001 918 hanc
1035 890 1060 917 a
1092 876 1216 918 nobis
1243 889 1420 917 causam
1445 876 1593 928 peragi
1618 876 1811 928 potuisse

210 948 451 998 crediderit,
484 948 742 998 meminerit,
776 947 1025 989 huiusmodi
1051 960 1215 988 errores
1242 946 1435 988 funditus
1462 959 1556 988 esse
1581 947 1809 993 tollendos,

208 1031 262 1060 ne
295 1019 351 1060 ad
383 1019 501 1060 illam
533 1019 760 1060 hominum
783 1019 888 1060 nihil
912 1018 1092 1059 firmiter
1116 1018 1355 1059 tenentium
1380 1031 1535 1071 vagam
1563 1018 1809 1071 opinionem

208 1090 484 1140 delabamur,
535 1103 630 1131 esse
678 1089 853 1142 quidem
899 1090 1037 1130 multa
1083 1089 1126 1130 in
1165 1089 1309 1142 aliqua
1349 1102 1394 1130 re
1441 1091 1484 1130 et
1524 1092 1728 1143 suspecta
1768 1092 1811 1131 et

208 1161 330 1211 falsa,
372 1161 449 1202 sed
482 1164 631 1202 tamen
662 1174 749 1202 non
783 1174 877 1202 esse
910 1160 999 1201 Veri
1032 1160 1251 1211 dissimile,
1293 1161 1384 1202 fieri
1416 1174 1558 1214 posse,
1593 1163 1640 1202 ut
1671 1161 1809 1202 multa

206 1232 386 1285 antiqua
419 1236 461 1274 et
492 1246 595 1273 vera
628 1232 812 1281 lateant3
854 1232 1009 1273 deinde
1049 1232 1217 1285 cogitet⁷
1259 1232 1294 1273 si
1335 1231 1437 1284 quid
1476 1232 1683 1285 temporis
1715 1232 1809 1273 haec

207 1303 333 1344 lectio
365 1303 606 1353 abstulerit,
656 1304 792 1345 multo
832 1304 927 1356 plus
970 1303 1242 1356 perdendum
1283 1303 1414 1344 fuisse
1455 1303 1497 1343 in
1530 1303 1579 1344 iis
1613 1302 1808 1355 disputa—

206 1374 396 1415 tionibus
430 1375 634 1428 legendis,
685 1388 782 1427 quae
823 1374 879 1416 ad
919 1375 999 1416 has
1043 1387 1180 1427 nugas
1221 1374 1498 1427 explicandas
1540 1376 1582 1415 et
1614 1387 1711 1415 cum
1744 1372 1808 1423 iis,

208 1458 305 1498 quae
338 1459 437 1486 vere
469 1446 623 1487 iisdem
657 1446 710 1487 de
743 1446 873 1487 rebus
906 1445 1067 1487 tradita
1100 1448 1213 1495 sunt.
1250 1445 1542 1487 conciliandas
1575 1444 1809 1498 aliquando

206 1517 542 1570 susciperentur.

705 1926 1310 1981 Additamentum.³)

322 2026 449 2078 AEgre
488 2025 587 2066 tulit
626 2025 866 2067 Fridericus
907 2025 1123 2075 Osannus,
1173 2025 1245 2077 qui
1284 2025 1575 2077 Apuleianum
1615 2025 1810 2066 libellum

205 2098 415 2149 tanquam
455 2096 674 2150 egregium
718 2100 868 2146 ἕρμαιον
910 2096 967 2137 ad
1006 2096 1320 2138 Germanorum
1366 2096 1565 2137 notitiam
1609 2098 1809 2149 protrax-

205 2169 310 2217 erat,
350 2167 559 2209 nebulam
599 2181 645 2209 se
683 2181 761 2221 pro
801 2168 963 2209 Iunone
1003 2167 1253 2220 amplexum
1292 2167 1440 2208 videri.
1503 2167 1655 2220 Itaque
1687 2167 1809 2220 Apu-

204 2239 335 2280 leium
378 2252 506 2280 suum
558 2239 669 2280 tueri
720 2241 899 2280 conatus
943 2241 1009 2280 est
1050 2238 1092 2279 in
1142 2238 1278 2279 Iahnii
1319 2238 1476 2279 Annal.
1519 2238 1671 2279 Philol.
1714 2238 1806 2280 Vol.

205 2310 313 2360 XIII,
357 2310 382 2350 3
415 2324 456 2362 p.
492 2310 574 2351 307
610 2323 718 2362 sqq,
759 2310 820 2351 ita
852 2312 900 2351 ut
931 2310 1139 2363 pleraque
1171 2309 1225 2350 in.
1245 2308 1421 2350 misellis
1454 2309 1520 2350 his
1554 2309 1808 2362 fragmentis

204 2380 420 2422 mirabilia
468 2393 562 2421 esse
612 2381 900 2431 confiteretur,
956 2394 1054 2422 mea
1102 2385 1249 2422 autem
1296 2382 1553 2433 argumenta
1600 2382 1676 2421 aut
1721 2393 1809 2421 non

204 2451 459 2504 intelligeret
493 2453 570 2493 aut
602 2451 685 2493 alio
719 2451 997 2504 detorqueret
1029 2454 1105 2493 aut
1136 2452 1277 2504 plane,
1326 2451 1362 2492 si
1400 2451 1527 2492 nimis
1567 2451 1705 2492 ardua
1736 2464 1805 2492 res

204 2524 330 2572 esset,
364 2524 551 2572 taceret3
584 2523 702 2564 velut
735 2522 794 2576 (p.
822 2522 924 2575 329)
957 2523 1085 2576 plane
1118 2522 1274 2564 nullius
1307 2523 1516 2564 momenti
1547 2535 1641 2564 esse
1666 2524 1803 2575 putat,

240 2707 268 2753 ¹)
295 2710 411 2744 Locus
438 2711 642 2756 descriptus
669 2714 723 2745 est
749 2710 845 2754 apud
873 2710 1007 2745 Osann.
1035 2710 1071 2745 in
1098 2714 1171 2745 not.
1199 2711 1244 2745 ad
1271 2710 1354 2744 Maii
1380 2710 1479 2754 praef.
1508 2723 1542 2755 p.
1569 2710 1692 2744 XXIV.

241 2767 271 2812 ²)
296 2770 337 2804 In
363 2773 451 2804 nota
476 2770 608 2804 ultima
633 2781 667 2814 p.
695 2769 758 2803 81:
801 2770 865 2811 „de
898 2781 1054 2813 quorum
1087 2773 1212 2804 tamen
1245 2767 1562 2813 (fragmentorum)
1595 2768 1803 2803 sinceritate

298 2829 430 2863 idcirco
471 2829 531 2863 vix
572 2828 716 2868 dubito,
756 2828 842 2872 quia
873 2828 1001 2863 Caelius
1034 2829 1149 2863 Statio
1191 2828 1373 2872 antiquior
1411 2829 1456 2862 ad
1498 2839 1540 2862 ea
1579 2827 1685 2862 toties
1723 2838 1801 2871 pro-

299 2886 434 2922 vocat.“

240 2944 271 2988 ³)
297 2947 383 2980 Haec
409 2958 453 2980 ex
480 2946 602 2981 libello
629 2947 791 2980 academ.
818 2957 849 2980 a.
877 2945 966 2979 1831
995 2946 1091 2981 edito
1117 2947 1187 2981 huc
1214 2946 1389 2980 translata
1414 2950 1509 2980 sunt.

1908 1458 1914 1474 r«
1907 1390 1913 1412 μι
1910 1316 1915 1338 ,.-
1906 1117 1915 1279 ,Ἃρ-ὠμμλδ
1907 1071 1915 1107 a*
1904 1011 1915 1063 §.sar-
1907 894 1915 1004 amue—z*
1908 850 1915 887 ...-
