1915 3235
829 98 912 139 431

80 229 173 268 rate
205 229 457 279 persecutus
490 214 553 268 est
586 239 727 280 neque
759 227 1003 269 accusando
1036 241 1175 281 neque
1208 228 1501 279 defendendo;
1549 230 1585 272 si
1626 230 1668 271 id

81 297 222 338 minus
254 296 399 338 licebit
430 297 485 338 ob
526 310 622 338 eam
656 311 846 348 causam,
896 311 1027 351 quam
1060 301 1189 340 antea
1221 297 1282 352 [p.
1308 299 1391 341 417
1418 301 1545 342 huius
1579 301 1668 342 edi-

80 367 226 420 tionis]
261 367 393 420 attigi,
428 380 610 420 quaeque
642 369 712 409 hic
743 370 811 410 Vel
842 369 1030 411 maxime
1062 369 1251 422 patefiet,
1285 383 1371 411 non
1397 371 1669 412 mirabuntur

79 438 166 478 iam
198 437 335 490 periti,
368 438 612 491 partimque
645 439 885 491 graviorem
919 439 1183 481 curationem
1215 440 1476 493 probabunt,
1510 442 1667 494 partim

80 508 350 550 satisfactum
382 509 463 549 sibi
495 509 723 562 putabunt,
758 510 792 550 si
824 510 1003 551 vulnera
1034 511 1234 551 nudarim
1266 511 1560 564 falsorumque
1592 512 1667 553 de-

79 578 316 620 fensionem
335 579 595 621 sustulerim.
643 581 836 621 Primum
854 582 993 634 igitur,
1018 582 1093 622 ubi
1111 581 1265 622 edunt:
1302 581 1419 632 Quod
1436 583 1473 622 325
1491 584 1668 636 exceptio

76 649 196 702 facit,
214 663 264 690 ne
281 650 416 703 liceat,
436 650 492 690 ibi
509 664 665 691 necesse
683 656 739 691 est
756 652 890 704 licere,
912 652 980 692 uhi
996 665 1075 692 non
1093 656 1149 692 est
1166 656 1386 706 exceptum,
1405 653 1448 693 in
1464 653 1581 694 nullo
1601 666 1667 694 co-

79 720 184 770 dice,
211 721 282 772 qui
301 721 475 772 quidem
493 721 619 762 ullius
639 723 754 763 esset
770 723 990 771 momenti,
1017 736 1067 764 ac
1092 723 1273 764 fortasse
1298 724 1341 764 in
1358 723 1474 764 nullo
1493 723 1666 765 omnino

77 793 248 843 reperta
280 793 385 832 sunt
415 793 508 832 haec
540 792 693 833 verba:
727 793 798 833 ubi
831 807 910 834 non
934 799 989 835 est
1012 799 1240 847 exeeptum;
1273 793 1530 835 omittuntur
1553 795 1665 835 enim

77 862 119 902 in
152 861 411 903 editionibus
445 864 545 904 ante
577 863 853 916 Naugerium,
887 865 929 905 in
961 865 1058 915 PE,
1093 864 1200 905 Oxx.
1234 865 1261 905 4
1294 863 1365 917 (de
1405 876 1444 915 ψ,
1494 867 1542 906 ut
1579 865 1665 906 iam

77 932 234 985 saepius
268 933 486 983 admonui,
527 935 571 974 in
612 935 753 976 verbis
795 935 963 976 omissis
996 936 1163 976 silentio
1198 935 1312 976 credi
1344 949 1559 988 nusquam
1591 950 1665 989 po-

76 1001 198 1055 test);
231 1003 347 1044 solus
380 1006 494 1045 tacet
527 1003 747 1046 Gruterus.
809 1005 975 1058 (ltaque
1008 1006 1280 1056 Garatonius,
1315 1006 1387 1058 qui
1419 1009 1515 1047 octo
1541 1006 1665 1048 editis

77 1074 365 1115 voluminibus
397 1075 589 1115 nondum
622 1079 915 1128 perspexerat,
965 1077 1120 1129 quibus
1153 1077 1335 1118 testibus
1369 1079 1573 1127 uteretur,
1622 1078 1665 1118 in

77 1144 248 1197 optimis
281 1145 399 1186 libris
433 1145 606 1186 inventa
638 1147 732 1187 haec
763 1146 945 1199 narrat.)
1008 1149 1097 1189 lam
1130 1148 1172 1188 in
1204 1149 1286 1198 PE,
1321 1148 1399 1189 Ox.
1435 1148 1470 1188 T
1505 1151 1569 1188 est
1599 1148 1667 1188 ιιῦι·

75 1229 152 1268 pro
187 1215 243 1262 ibi
281 1214 341 1268 (in
374 1215 453 1257 Ox.
475 1233 503 1264 χ
534 1216 606 1256 ube?
638 1215 749 1269 non).
803 1218 1010 1270 Apparet,
1044 1219 1087 1260 in
1120 1219 1264 1260 codiee
1297 1219 1500 1271 primario
1533 1218 1664 1260 libra-

75 1285 124 1326 rii
157 1286 328 1327 oculum
361 1287 588 1328 aberrasse
620 1287 663 1328 in
695 1288 972 1329 similitudine
1005 1289 1258 1339 litterarum,
1308 1292 1350 1330 et
1388 1289 1499 1329 hane
1532 1289 1662 1330 fuisse

74 1369 223 1397 veram
255 1356 459 1398 orationis
500 1357 707 1399 formam:
756 1359 889 1412 liceat,
937 1359 1008 1399 ubi
1055 1358 1157 1412 [non
1202 1361 1268 1401 3ἰὺ
1315 1364 1536 1413 exceptum,
1587 1360 1662 1412 ibi]

76 1440 230 1468 necesse
263 1432 319 1468 est
351 1428 485 1469 licere.
549 1427 763 1481 (Membra
794 1431 1019 1471 sententiae
1059 1431 1213 1472 eodem
1253 1430 1401 1471 ordine
1442 1430 1585 1483 posuit
1617 1430 1661 1471 C.

75 1497 319 1550 Stephanus
352 1498 463 1539 inter
494 1500 560 1540 sui
601 1500 756 1541 codicis
796 1499 1062 1553 scripturas.)
1125 1501 1172 1541 In
1204 1500 1431 1553 proximis:
1485 1500 1568 1541 Ubi
1607 1506 1663 1542 est

75 1569 204 1623 zffyitur
243 1574 451 1623 exceptum
480 1570 640 1623 foedere
674 1570 888 1611 Gaditano
922 1574 1001 1612 cet.
1035 1571 1218 1612 verbum
1252 1577 1461 1625 exceptum
1495 1572 1661 1613 coniec—

72 1642 171 1681 tura
203 1640 397 1681 additum
431 1654 537 1691 esse,
570 1654 657 1682 non
690 1655 712 1682 e
746 1642 890 1683 codiee
924 1631 1158 1696 archetypo
1181 1645 1481 1695 propagatum,
1516 1645 1661 1684 osten—

74 1710 135 1751 dit
182 1698 415 1752 consensUs
461 1712 686 1764 utriusque
734 1713 928 1754 codicum
977 1713 1150 1755 familiae
1198 1711 1283 1766 (PE
1324 1711 1548 1766 Guelf.)¹);
1598 1716 1662 1755 est

73 1782 220 1822 tamen
251 1794 401 1822 verum
434 1783 797 1835 supplementum.
844 1785 1046 1826 Proxima
1068 1786 1303 1836 antequam
1326 1783 1501 1837 attingo,
1530 1784 1661 1825 totius

73 1851 363 1893 Ciceronianae
411 1853 712 1905 disputationis
767 1868 916 1896 cursus
971 1854 1308 1897 considerandus
1362 1857 1439 1895 est.
1523 1855 1662 1907 Negat

72 1923 258 1975 primum
292 1924 452 1973 Cicero,
500 1924 543 1964 in
588 1924 749 1966 foedere
793 1925 1006 1967 Gaditano
1049 1925 1279 1979 quicquam
1312 1925 1519 1977 scriptum
1552 1938 1659 1974 esse,

73 2007 156 2047 quo
188 1996 500 2048 prohibeantur
537 1995 724 2036 Romani
757 1996 992 2037 Gaditanos
1040 1997 1083 2037 in
1131 2009 1256 2037 suam
1297 1995 1512 2036 civitatem
1553 1995 1659 2036 reci-

71 2077 186 2117 pere.
249 2065 296 2105 Id
327 2065 395 2106 hic
428 2066 616 2107 breviter
647 2066 836 2118 positum
868 2067 997 2119 paulo
1036 2069 1134 2119 post
1172 2066 1328 2119 repetit
1360 2068 1402 2107 et
1434 2066 1660 2107 confirmat

73 2148 106 2176 c.
143 2136 209 2176 16.
271 2136 447 2186 Deinde,
488 2137 523 2177 si
556 2139 669 2178 esset
700 2136 744 2177 id
775 2137 818 2177 in
850 2137 1013 2178 foedere
1045 2137 1266 2190 scriptum,
1310 2137 1531 2178 sublatum
1565 2151 1659 2179 esse

72 2206 131 2247 ait
161 2206 252 2259 lege
287 2206 422 2248 Gellia
454 2207 664 2249 Cornelia.
713 2207 869 2249 Obiicit
901 2210 1139 2258 accusator,
1173 2208 1311 2260 legem
1345 2207 1525 2249 Gelliam
1559 2207 1659 2249 Cor-

70 2276 227 2318 neliam
260 2277 411 2319 foederi
442 2291 528 2320 non
561 2278 781 2331 derogare,
815 2291 948 2331 quum
980 2278 1024 2319 in
1057 2291 1108 2319 ea
1141 2280 1368 2330 exceptum
1396 2279 1463 2327 sit,
1497 2279 1531 2319 si
1557 2278 1659 2331 quid

71 2352 394 2389 sacrosanctum
442 2349 509 2399 sit,
558 2351 880 2390 sacrosanctum
928 2351 1074 2390 autem
1113 2350 1168 2390 sit
1206 2349 1347 2390 foedus
1381 2348 1657 2390 Gaditanum.

72 2417 329 2472 (Exceptum,
374 2420 520 2474 inquit,
569 2424 625 2459 est
667 2419 812 2460 PABE
844 2433 922 2472 pro
956 2425 1025 2473 est,
1075 2418 1239 2474 inquit.)
1301 2419 1395 2461 Hoc
1426 2422 1557 2472 negat
1589 2420 1657 2461 Ci-

72 2501 180 2539 cero,
229 2489 333 2530 illud
372 2494 521 2542 aperte
562 2489 807 2539 confitetur3
855 2491 950 2543 ipsa
984 2490 1097 2531 enim
1130 2490 1233 2543 legis
1266 2491 1401 2531 verba
1433 2491 1574 2543 ponit:
1621 2492 1658 2532 se?

71 2560 171 2614 quid
202 2565 512 2601 sacroscmctmn
545 2565 602 2601 est
640 2559 718 2613 (sie
761 2562 875 2601 reete
917 2561 1053 2601 Aldus
1097 2574 1174 2614 pro
1218 2559 1347 2613 esset),
1398 2573 1657 2613 omnemque

71 2631 155 2671 vim
188 2630 572 2684 argumentationis
606 2644 655 2672 eo
689 2631 910 2680 convertit,
961 2634 1007 2672 ut
1043 2631 1087 2672 id
1129 2631 1171 2673 in
1213 2631 1354 2672 foedus
1395 2631 1655 2672 Gaditanum

71 2713 156 2741 non
189 2702 340 2742 cadere
375 2701 549 2750 doceat3
581 2714 683 2742 nam
718 2704 759 2742 et
790 2715 917 2754 posse
951 2702 1002 2742 de
1026 2702 1189 2743 foedere
1212 2702 1268 2743 ad
1289 2702 1498 2755 populum
1520 2703 1655 2743 latum

72 2783 164 2812 esse
203 2774 245 2812 et
283 2775 430 2813 tamen
476 2772 519 2813 id
565 2784 651 2813 non
699 2784 792 2812 esse
839 2775 1176 2823 sacrosanctum,
1225 2773 1260 2814 si
1309 2775 1425 2814 certa
1472 2772 1656 2813 formula

108 2920 135 2964 ¹)
162 2921 323 2965 [Accedit
349 2935 445 2958 nune
469 2924 575 2958 Bern.
603 2923 794 2967 antiquior.
846 2922 963 2966 1842]

1689 384 1722 408 32

1680 2084 1713 2108 33
