1915 3235
128 1961 179 1986 393

943 111 1027 152 318

306 246 351 287 C.
387 246 425 295 7,
462 244 514 285 16
549 242 732 284 Orellius
765 241 1006 282 VVeiskium
1038 242 1211 281 secutus
1245 240 1397 281 edidit:
1431 244 1569 280 tamen
1602 245 1658 281 est
1683 242 1787 282 eius-

186 316 314 369 modi,
349 314 545 369 cupidius
575 318 621 354 ut
652 313 788 367 maqis
819 312 1019 353 insectari
1051 311 1227 352 alterius
1252 312 1546 363 innocentiam,
1581 325 1705 366 quain
1738 310 1789 352 de

186 402 227 429 se
274 386 419 428 timide
465 385 648 439 coqitare
695 383 908 432 videatnr3
956 383 999 423 in
1041 381 1164 423 codd.
1207 385 1272 424 est
1303 381 1493 436 cupidus,
1543 382 1624 423 nisi
1673 383 1789 436 quod

188 455 512 499 Gemblacensis
560 455 695 496 habet
742 454 973 508 cupidinis,
1022 453 1311 504 Francianus,
1360 453 1555 495 omnium
1602 453 1788 503 infimus,

188 530 276 570 eins
308 528 475 569 omnino
513 526 703 580 cupidus.
767 525 854 566 Sed
902 525 1149 566 coniectura
1196 524 1267 565 illa
1307 537 1514 577 perversa
1553 527 1640 574 est,
1688 538 1791 566 nam

187 602 236 641 ut
268 599 482 648 omittam,
531 597 696 638 nullam
735 596 805 637 hic
844 609 937 637 esse
979 609 1156 637 causam
1189 595 1503 648 transponendi
1536 595 1792 637 adverbium

189 673 290 712 ante
339 668 685 711 coniunctionem
733 672 775 708 et
825 667 1089 717 Ciceronem,
1138 667 1171 707 si
1221 665 1478 716 addidisset,
1527 667 1792 720 scripturum

189 742 322 783 fuisse
355 740 516 794 cupide,
557 741 605 780 ut
637 738 693 780 ad
727 738 770 779 id
802 738 1037 779 referretur
1068 737 1224 788 timide,
1267 750 1347 778 nec
1379 750 1556 790 urgeam
1590 737 1793 779 vitiosum

189 825 267 865 per
315 824 361 852 se
407 811 803 863 comparativorum
854 809 1023 850 diverso
1071 808 1200 850 modo
1248 807 1487 861 positorum
1537 821 1793 851 concursum

191 882 405 936 (cupidius
436 886 481 922 nt
512 879 680 935 mayis),
731 883 859 931 certe,
909 879 1114 932 quoniam
1148 879 1344 933 cupidius
1376 879 1433 920 ad
1464 880 1665 921 insectari
1696 892 1794 933 per-

190 954 328 994 tinere
362 953 506 1002 debet,
554 965 641 993 non
674 954 817 1005 potest
855 951 915 992 ita
948 950 1003 991 ab
1037 963 1088 991 eo
1121 950 1276 1000 divelli,
1326 952 1373 991 ut
1405 950 1448 991 id
1480 950 1793 1004 interponatur,

191 1038 269 1077 per
316 1023 433 1076 quod
481 1036 578 1064 cum
627 1023 763 1064 altero
811 1022 1009 1063 membro
1063 1024 1340 1074 comparetur
1397 1021 1550 1077 (mayis
1603 1022 1796 1076 cupidius

190 1097 391 1137 insectari
438 1109 566 1151 quani
612 1094 756 1135 timide
803 1091 1015 1148 coyitare).
1094 1093 1204 1133 Vere
1244 1093 1449 1134 iudicavit
1489 1093 1542 1134 de
1582 1092 1664 1135 hoc
1703 1093 1796 1135 loco

193 1167 428 1208 Ernestius.
478 1166 589 1207 Nam
623 1165 728 1206 illud
759 1164 936 1219 cupidus
969 1177 1021 1204 ex
1054 1163 1279 1216 marginali
1306 1166 1381 1205 aut
1406 1164 1670 1206 interlineari
1694 1166 1797 1206 nota

193 1239 237 1279 in
271 1240 521 1279 contextum
554 1238 780 1289 receptum
814 1238 891 1285 est,
941 1235 1207 1287 adscriptum
1250 1235 1306 1276 ad
1349 1235 1641 1277 definiendum
1681 1238 1797 1277 certo

193 1310 381 1358 nomine,
431 1308 543 1362 quod
594 1308 742 1349 Cicero
789 1308 957 1359 integra
1004 1306 1219 1346 sententia
1259 1306 1508 1358 complexus
1548 1306 1797 1355 videbatur;

195 1380 272 1421 sed
305 1379 377 1433 qui
410 1378 651 1432 adscripsit,
700 1378 771 1419 illa
810 1383 950 1419 tamen
990 1382 1046 1418 est
1088 1376 1291 1417 eiusmodi
1322 1390 1408 1418 non
1442 1377 1495 1418 de
1528 1391 1586 1427 re,
1636 1378 1712 1419 sed
1744 1378 1798 1418 de

195 1451 327 1493 Caelio
360 1451 453 1503 ipso
493 1451 672 1503 accepit,
723 1462 867 1490 errore
914 1451 1008 1490 orto
1049 1461 1100 1489 ex
1140 1461 1203 1497 eo,
1256 1448 1370 1501 quod
1410 1449 1630 1501 praecedit,
1676 1449 1797 1502 facit.

195 1521 459 1563 Huiusmodi
493 1522 656 1573 aliquot
689 1520 1001 1569 additamenta,
1036 1520 1341 1560 annotationes
1374 1519 1518 1572 potius
1544 1533 1675 1572 quam
1700 1533 1797 1560 ver-

196 1594 351 1635 borum
380 1594 769 1646 interpretamenta
800 1591 1022 1640 habentia,
1057 1590 1357 1643 antiquissima
1386 1593 1486 1631 sunt
1518 1591 1561 1631 in
1584 1590 1799 1632 Ciceronis

197 1666 328 1706 etiam
362 1664 486 1705 bonis
521 1663 740 1704 codicibus
782 1662 875 1715 (cfr.
910 1661 1069 1714 disput.
1103 1661 1157 1701 de
1190 1661 1360 1702 emend.
1394 1662 1472 1703 loc.
1507 1661 1637 1714 aliqu.
1671 1663 1798 1703 oratt.

198 1736 283 1777 Cic.
325 1749 366 1788 p.
404 1735 485 1775 148
530 1748 622 1787 sqq.
670 1737 712 1775 et
755 1734 807 1774 de
851 1733 953 1774 locis
996 1733 1212 1773 Verrinar.
1253 1746 1294 1785 p.
1330 1733 1411 1773 341
1459 1731 1593 1785 sqq.);
1642 1745 1800 1773 nomen

198 1806 419 1858 proprium
455 1805 515 1846 ita
549 1805 742 1846 additum
788 1805 831 1845 in
872 1804 1073 1845 omnibus
1115 1803 1334 1844 codicibus
1376 1804 1695 1856 deprehensum
1737 1805 1801 1844 est

199 1878 241 1917 in
274 1877 401 1917 huius
435 1876 568 1930 ipsius
601 1876 807 1918 orationis
839 1875 959 1916 initio
993 1873 1235 1928 (Atratini).
1253 1871 1285 1926 ¹)

320 1948 365 1989 C.
394 1948 460 1997 10,
494 1948 563 1998 24,
598 1948 671 1988 ubi
704 1950 849 1988 orator
873 1946 1019 1987 Dionis
1043 1945 1325 1986 Alexandrini
1351 1945 1586 1987 familiares
1611 1957 1800 1986 comme-

200 2021 353 2069 morat,
396 2031 558 2067 Vereor,
601 2032 656 2059 ne
690 2019 827 2059 frusta
860 2017 1099 2070 corrigendi
1133 2029 1267 2069 opera
1299 2016 1555 2066 insumatur,
1598 2017 1802 2069 quoniam

200 2090 242 2130 in
277 2103 326 2131 eo
361 2090 520 2139 codice,
555 2103 607 2130 ex
640 2102 724 2142 quo
757 2089 891 2130 nostri
925 2088 1107 2129 derivati
1132 2087 1229 2137 sint,
1263 2088 1470 2128 nonnulla
1502 2087 1570 2128 hic
1603 2086 1684 2139 legi
1716 2099 1803 2128 non

201 2162 394 2214 potuisse
428 2164 629 2214 apertum
663 2163 728 2200 est
761 2174 812 2200 ex
845 2160 1001 2201 codicis
1034 2158 1288 2200 Parisiensis
1313 2158 1464 2211 primae
1487 2171 1644 2198 manus
1667 2158 1802 2210 scrip-

201 2235 321 2281 tura,
371 2231 432 2285 (in
472 2245 556 2285 quo
597 2244 783 2272 vacuum
823 2230 1011 2283 spatium
1045 2229 1202 2271 indicio
1237 2232 1313 2279 est,
1363 2243 1450 2270 non
1483 2241 1627 2269 errore
1661 2228 1803 2269 media

202 2304 245 2343 in
279 2303 516 2356 archetypo
549 2302 710 2343 omissa
743 2299 909 2353 fuisse).
958 2301 1065 2341 Eam
1098 2301 1299 2341 lacunam
1334 2299 1407 2352 qui
1439 2299 1640 2352 supplere
1673 2311 1803 2340 cona-

202 2376 271 2414 tus
306 2376 383 2423 est,
434 2374 549 2426 quod
593 2373 945 2426 supplementum
989 2372 1047 2412 illi
1090 2385 1261 2424 quoque
1306 2371 1440 2412 codici
1480 2371 1618 2412 altera
1649 2383 1803 2411 manus

203 2444 389 2494 addidit,
445 2444 615 2485 videtur
661 2444 841 2496 vestigia
888 2443 1073 2484 obscura
1119 2442 1321 2495 persequi
1362 2442 1546 2483 Voluisse
1595 2440 1801 2495 (alioquin

204 2516 318 2556 onim
368 2528 419 2555 ea
467 2515 774 2568 supplevisset,
824 2527 920 2566 quae¹
968 2513 1144 2566 intelligi
1191 2512 1408 2566 possent),
1458 2511 1536 2554 sed
1584 2525 1636 2553 ex
1683 2510 1803 2552 initio

243 2655 270 2699 ¹)
299 2656 334 2690 C.
363 2656 395 2697 9,
428 2656 471 2688 21
506 2656 708 2690 cedendum
742 2655 884 2689 videtur
918 2655 1082 2689 codicum
1109 2655 1291 2688 bonorum
1317 2653 1524 2688 auctoritati
1556 2656 1592 2687 et
1625 2651 1803 2686 rhetorico

302 2715 453 2749 artificio
480 2715 516 2748 in
543 2715 615 2748 his:
652 2716 720 2748 Sed
745 2720 869 2748 irestroe
894 2715 1080 2757 sapientise
1106 2719 1224 2747 tamen
1250 2719 1310 2757 est,
1338 2715 1483 2756 iudices,
1511 2723 1582 2746 non
1609 2713 1684 2745 ideo
1709 2711 1805 2744 vobis

300 2786 437 2818 quoque
462 2785 522 2808 τος
548 2786 695 2808 causam
716 2780 850 2817 putare
877 2776 943 2807 cet.
994 2772 1189 2806 Sciendum
1222 2775 1346 2806 tamen
1374 2775 1439 2813 est,
1473 2774 1554 2815 post
1581 2770 1682 2804 illum
1710 2769 1804 2813 geni-

302 2834 417 2868 tivum
444 2844 626 2876 nusquam
653 2833 738 2866 alibi
765 2833 976 2867 Ciceronem
1009 2832 1187 2866 infinitivo
1214 2831 1465 2865 accusativum
1491 2838 1804 2873 supervacaneum
1839 2865 1842 2869 ,

301 2893 452 2933 addere;
491 2903 557 2925 nec
590 2893 685 2935 apud
720 2892 809 2925 alios
843 2891 993 2925 memini
1026 2902 1084 2925 me
1111 2891 1146 2924 id
1173 2890 1301 2934 legere.
1350 2887 1435 2932 [Cfr.
1464 2889 1509 2923 ad
1536 2889 1607 2922 Cic.
1633 2888 1676 2922 de
1701 2887 1802 2920 Finn.

302 2952 360 2993 ΙΙΙ,
388 2950 420 2992 3,
449 2950 493 2984 10
518 2962 552 2995 p.
579 2950 648 2984 355
674 2951 728 2984 ed.
756 2949 805 2992 3.]
