1915 3235
891 90 975 132 669

137 234 224 262 non
257 220 450 261 dubitavi
481 221 525 261 in
557 222 665 261 orat.
691 220 746 260 IV
777 217 800 271 ξ
832 220 884 260 12
918 219 1114 261 codicum
1147 220 1339 260 omnium
1371 219 1578 260 mendum
1609 221 1728 272 post-

138 290 301 332 habere
332 303 446 331 verae
485 292 710 344 scripturae
755 290 871 343 apud
910 290 1185 331 Lactantium
1227 292 1424 340 servatae,
1473 290 1591 342 quod
1631 292 1730 343 post

139 361 398 402 Lambinum
432 363 474 402 et
506 362 612 402 alios
652 361 782 402 etiam
822 360 1006 402 Orellius
1044 361 1088 402 in
1128 360 1270 414 priore
1310 360 1508 413 exemplo
1548 360 1728 409 fecerat;

138 444 254 472 nunc
291 432 339 480 is,
389 431 606 473 codicibus
646 432 902 484 obsequens,
952 431 1067 483 quod
1114 443 1168 471 ne
1216 430 1406 472 Klotzius
1446 431 1622 483 quidem
1662 431 1730 472 hic

140 501 252 552 fecit,
286 502 346 542 sic
377 502 564 555 scripsit:
613 502 780 543 Etenim
811 515 963 556 quaero,
1002 502 1040 542 si
1070 502 1163 556 qais
1188 501 1509 554 paterfamilias
1542 524 1595 529 —-
1629 515 1729 555 sup-

131 572 309 626 plicium
341 572 391 612 de
421 586 536 614 servo
567 587 693 627 quam
725 572 1036 614 acerbissimam
1067 572 1301 625 sumpserit,
1334 576 1475 612 utrum
1499 573 1536 612 is
1559 572 1732 613 clemens

141 656 190 684 ae
219 643 455 684 misericors
486 657 542 684 an
573 643 948 684 inhumanissimus
986 647 1022 682 et
1053 642 1365 682 crudelissimas
1397 656 1479 683 esse
1511 643 1734 683 videatur?

141 712 254 754 Mihi
283 727 377 754 vero
409 715 670 768 importunas
703 728 751 754 ac
779 713 946 766 ferreas
978 718 1057 754 cet.
1105 712 1265 753 Verum
1298 712 1350 753 de
1374 726 1437 763 eo⁷
1471 713 1543 765 qui
1569 714 1729 754 iustum

141 783 398 836 supplicium
430 798 513 824 non
543 784 788 837 sumpserit,
829 783 976 836 quaeri,
1017 784 1204 836 primum
1245 783 1432 824 ostendit
1470 784 1563 836 ipsa
1596 785 1729 825 inter-

140 854 372 907 rogationis
406 854 557 904 forma,
605 855 649 895 in
688 868 774 907 qua
813 854 1044 895 affirmatio
1084 856 1231 906 aperte
1263 853 1440 894 inclinat
1471 853 1514 894 in
1547 854 1731 895 alterum

141 924 386 964 membrum
420 923 494 977 (an
518 924 689 978 potius),
739 925 894 966 deinde
934 924 1205 977 apertissime
1244 924 1532 977 superlativus
1573 924 1617 965 in
1648 925 1729 965 hoc

143 994 278 1036 altero
309 995 506 1036 membro
539 996 595 1036 ad
628 996 872 1048 augendam
905 995 1272 1036 asseverationem
1314 995 1480 1048 positus
1523 993 1734 1047 (inhuma-

142 1065 340 1106 nissimus
371 1070 407 1106 et
437 1065 779 1118 crudelissimus),
812 1068 1032 1118 postremo
1065 1065 1280 1106 adiectum
1313 1078 1590 1117 responsum:
1625 1065 1736 1106 Mihi

142 1149 237 1176 vero
269 1138 363 1185 cet.‚
411 1136 455 1176 in
497 1150 580 1189 quo
625 1137 659 1177 si
701 1137 754 1177 de
798 1137 1011 1178 contraria
1053 1149 1238 1188 persona
1281 1149 1330 1176 ac
1369 1149 1455 1177 non
1494 1136 1546 1177 cle
1581 1136 1733 1177 eadem

143 1206 490 1259 responderetur,
524 1207 679 1247 saltem
711 1221 951 1259 pronomen
983 1207 1234 1248 adderetur:
1276 1206 1380 1246 mihi
1411 1220 1505 1247 vero
1539 1208 1574 1247 is
1606 1203 1735 1259 cet.¹)

261 1276 356 1317 Hac
387 1276 514 1329 igitur
545 1280 774 1330 perspecta
807 1278 1002 1319 codicum
1034 1280 1204 1326 natura,
1251 1278 1551 1318 auctoritatem
1587 1290 1735 1319 eorum

145 1359 276 1399 quam
307 1347 427 1399 potui
458 1347 776 1401 religiosissime
808 1351 981 1389 secutus
1015 1361 1124 1397 sum,
1158 1347 1233 1388 sed
1264 1348 1325 1388 ita
1356 1349 1404 1387 ut
1428 1349 1734 1397 meminissem,

144 1416 375 1458 manifesta
407 1418 565 1459 menda
606 1421 755 1460 contra
792 1418 879 1459 vim
919 1418 1135 1459 rationum
1178 1420 1220 1458 et
1261 1418 1453 1459 veritatis
1497 1420 1735 1460 convicium

145 1486 264 1528 nulla
295 1488 550 1529 auctoritate
591 1490 696 1530 satis
730 1489 915 1530 defendi.
979 1489 1128 1541 Itaque
1168 1487 1233 1541 (ut
1271 1501 1325 1528 ex
1363 1488 1483 1529 brevi
1524 1489 1737 1542 particula

147 1557 351 1598 orationis
385 1561 551 1610 quartae
590 1560 787 1612 exempla
828 1572 1012 1608 sumam,
1061 1572 1156 1611 quae
1196 1558 1255 1598 ibi
1294 1558 1420 1610 plura
1460 1559 1736 1612 concurrunt)

145 1625 171 1679 ἓ
194 1627 216 1668 7
250 1641 337 1668 non
369 1629 518 1682 scripsi
551 1628 666 1682 (cum
697 1629 854 1670 Orellio
882 1632 929 1670 et
951 1627 1133 1682 Klotzio)
1158 1642 1241 1682 pro
1272 1630 1338 1669 sai
1370 1629 1573 1683 diynitate
1605 1629 1738 1684 (quod

148 1698 316 1740 codices
347 1712 452 1740 sane
484 1702 672 1750 tuentur,
722 1701 938 1742 Ciceronis
983 1702 1026 1741 et
1067 1700 1192 1740 huius
1235 1699 1376 1740 aetatis
1419 1713 1522 1740 usus
1560 1714 1737 1752 prorsus

147 1769 323 1822 respuit,
358 1769 433 1810 cfr.
466 1770 523 1811 ad
554 1771 645 1811 Fin.
678 1771 714 1811 Π
745 1770 768 1823 ἓ
803 1772 855 1812 76
889 1785 930 1823 p.
965 1771 1050 1811 270
1083 1770 1148 1811 ed.
1183 1768 1241 1822 3),
1275 1783 1415 1822 neque
1447 1770 1611 1822 aliquot
1645 1784 1738 1811 ver-

148 1839 268 1880 sibus
299 1842 397 1892 post
429 1841 715 1894 appetiverant
747 1841 812 1894 (ut
844 1842 944 1882 fecit
975 1841 1164 1882 Klotzius
1198 1854 1250 1882 ex
1282 1841 1401 1893 Teg„
1434 1841 1589 1890 Rhen.,
1630 1840 1737 1882 Oxx.

149 1911 192 1950 et
237 1909 420 1951 fortasse
467 1911 602 1952 multo
649 1911 875 1965 pluribus),
925 1912 1043 1965 quia,
1093 1911 1263 1952 etiamsi
1310 1911 1523 1952 diceretur
1569 1916 1739 1952 mortem

150 1984 352 2033 appetere,
400 1994 584 2033 pravum
622 1984 770 2023 tamen
811 1985 925 2024 esset
964 1982 1136 2023 libenter
1179 1986 1384 2035 appetere,
1432 1981 1739 2034 pravissimum

148 2062 251 2091 vero
282 2063 365 2091 non
395 2052 571 2092 invitum
612 2057 825 2106 appetere;
871 2065 1013 2105 neque
1045 2050 1068 2104 ξ
1102 2052 1126 2093 8
1165 2053 1423 2104 scripturam
1460 2051 1587 2093 unius
1620 2051 1740 2092 verbi

151 2118 345 2174 (dolores)
377 2124 554 2175 propter
585 2122 862 2164 manifestam
895 2136 1072 2164 causam
1106 2122 1338 2164 omissione
1364 2122 1547 2163 fractam
1574 2123 1616 2163 et
1640 2134 1738 2174 per-

149 2191 371 2233 turbatam
404 2193 521 2233 tenui
561 2192 675 2245 (cum
708 2192 910 2246 Klotzio):
959 2194 1112 2234 multas
1150 2206 1231 2233 imo
1270 2193 1410 2233 dolore
1448 2192 1581 2232 animi
1621 2196 1741 2246 atque

151 2262 336 2315 corporis
368 2267 404 2303 et
435 2276 572 2304 omnes
603 2265 799 2305 scelerum
825 2278 975 2318 poenas
1008 2263 1227 2304 ademisset
1265 2261 1326 2315 (in
1365 2275 1451 2315 qua
1482 2276 1567 2304 non
1601 2263 1737 2304 solum

149 2331 326 2373 ridicule
359 2333 674 2386 coniunguntur
705 2335 844 2375 multoe
884 2339 919 2375 et
958 2348 1095 2375 omnes
1120 2347 1267 2387 poenae,
1317 2333 1393 2374 sed
1433 2346 1566 2386 prave
1610 2334 1739 2374 etiam

151 2401 340 2444 ablativo
373 2401 471 2455 (uno
503 2404 658 2457 dolore)
692 2405 864 2445 additur
897 2405 1029 2445 (mimi
1051 2409 1087 2445 et
1108 2404 1304 2458 corporis,
1339 2417 1424 2456 quo
1453 2416 1522 2444 res
1545 2405 1738 2457 augetur,

153 2485 285 2525 quum
318 2472 465 2515 Cicero
497 2475 646 2515 mortis
680 2474 870 2515 dolorem
911 2475 1059 2523 elevet,
1108 2487 1219 2524 eam,
1269 2487 1400 2527 quam
1439 2474 1524 2515 vivi
1563 2487 1740 2527 perpes-

247 2613 460 2648 coalituram
484 2614 606 2656 fuisse,
643 2625 710 2648 nec
741 2614 926 2649 hominem
959 2625 1001 2648 ex
1029 2614 1169 2649 duabus
1195 2614 1344 2649 coloniis
1370 2625 1448 2649 esse
1474 2615 1542 2648 dici
1567 2613 1738 2658 potuisse.

246 2672 372 2716 Itaque
397 2673 493 2717 quod
519 2673 556 2707 in
582 2673 764 2707 codicibus
789 2673 972 2707 scribitur:
1010 2684 1053 2707 ew
1077 2675 1124 2707 iis
1148 2675 1304 2717 coloniis,
1337 2685 1438 2718 qaas,
1473 2676 1568 2707 recte
1594 2683 1740 2717 prorsus

248 2731 386 2765 factum
411 2736 481 2766 est:
508 2743 551 2766 ex
576 2734 622 2766 iis
647 2733 790 2775 colonis,
818 2743 915 2775 quos.

191 2786 221 2831 ¹)
244 2789 357 2824 Paulo
383 2794 466 2824 ante
493 2791 694 2825 necessario
720 2790 887 2824 scribitur
906 2791 1060 2834 proebeo,
1093 2792 1159 2826 etsi
1190 2792 1308 2826 omnis
1342 2790 1632 2825 testimoniorum
1659 2800 1739 2823 auc-

246 2848 372 2882 toritas
391 2850 556 2892 praebebo
582 2852 720 2890 tuetur3
745 2859 819 2883 non
845 2849 1005 2884 minatur
1025 2850 1157 2892 Cicero,
1184 2851 1245 2885 sed
1273 2861 1365 2891 eam,
1393 2860 1464 2893 qua
1490 2848 1613 2889 utitur,
1641 2858 1738 2881 seve·

247 2907 393 2941 ritatem
419 2908 589 2943 defendit.

1755 1147 1806 1173 336
