1915 3235
938 119 1026 160 400

187 263 227 289 se
271 262 361 288 eum
404 249 480 289 telo
518 248 667 302 fuisse,
715 253 884 289 mortem
927 248 1000 290 Cn.
1035 248 1241 302 Pompeio,
1289 261 1447 289 summo
1480 252 1516 288 et
1546 247 1779 288 cla›·tssio›20

188 321 279 372 civi,
313 320 400 360 suis
432 319 625 360 manibus
656 319 807 372 offerre
838 320 1025 372 voluisse,
1067 320 1113 360 in
1145 319 1370 359 contionem
1395 318 1665 372 produxeris,
1713 319 1779 359 ii?-

188 390 320 431 (licem
351 391 396 430 iri
428 391 588 442 rostris,
622 391 668 430 in
698 391 782 443 illo,
821 391 1008 445 inquam,
1049 394 1256 444 auyurato
1289 389 1435 443 templo
1469 403 1517 430 ac
1549 390 1631 430 loco
1663 389 1780 430 eollo-

188 462 313 513 caris,
362 475 439 516 quo
487 461 748 501 auctoritatis
795 461 1060 515 eoequirendoe
1107 475 1234 501 causa
1282 461 1405 501 ceteri
1450 460 1609 500 tribuni
1647 460 1782 514 plebis

181 532 397 585 principes
429 533 609 572 civitatis
632 532 866 585 producere
898 536 1146 572 consuerunt
1153 547 1170 584 ,·
1217 531 1276 571 ‘ibi
1308 536 1352 572 tu
1384 531 1563 571 indicem
1604 530 1779 572 Vettium

188 603 377 657 linquam
425 608 461 643 et
508 617 639 643 vocem
682 617 801 644 suam
844 603 988 643 sceleri
1031 607 1066 643 et
1104 603 1230 643 menti
1269 607 1351 642 tuce
1383 601 1573 655 praebere
1604 602 1782 643 voluisti.

190 673 412 714 Dixeritne
455 673 506 714 L.
551 674 707 715 Vettius
746 677 826 715 cet.
899 674 1037 715 Recta
1079 675 1272 715 oratione
1315 673 1512 714 dixisset:
1562 686 1686 727 quum
1730 695 1784 700 —

122 753 172 778 516
186 744 430 798 produxisti
464 768 515 772 -—
551 741 816 797 collocastil)
880 744 1103 785 Sententia
1147 758 1171 785 a
1214 744 1358 785 verbis
1402 744 1458 784 ibi
1497 748 1542 784 tu
1579 743 1785 796 incipiens

189 815 470 868 superaddita
510 818 552 856 et
591 829 760 856 annexa
805 818 883 865 est,
932 829 1019 857 non
1066 815 1287 868 implicata
1335 815 1544 868 superiori
1592 814 1784 867 periodo.

190 887 415 927 Postremo
448 887 670 927 verissime
704 887 963 928 Gulielmum
997 886 1211 928 iudicasse
1236 889 1354 939 puto,
1389 885 1664 927 scribendum
1692 898 1787 926 esse

189 958 333 997 sceleri
365 962 401 997 et
433 957 649 999 dememzssoe
682 962 784 1007 tuoe;
816 971 918 998 nam
951 971 1092 1010 neque
1125 960 1316 998 mentem
1339 970 1417 1010 pro
1441 956 1616 997 consilio
1640 955 1787 996 Cicero

191 1028 440 1080 simpliciter
472 1041 656 1081 usquam
692 1029 794 1069 dicit
824 1042 916 1079 nec,
966 1029 1000 1070 si
1041 1029 1214 1078 diceret,
1262 1031 1411 1069 tamen
1451 1027 1494 1068 id
1526 1026 1784 1068 Vocabulum

193 1102 280 1140 tam
313 1099 407 1139 lene
442 1099 811 1151 superaddidisset
843 1100 1098 1153 gravissimo
1131 1100 1302 1141 sceleris
1338 1099 1514 1141 nomini.

308 1170 472 1211 Eodem
505 1171 645 1223 capite
677 1169 700 1222 ξ
734 1171 789 1211 25
828 1171 953 1212 valde
993 1184 1144 1212 vereor
1185 1184 1238 1212 ne
1282 1171 1325 1211 in
1367 1170 1433 1211 his
1466 1169 1631 1210 Verbis:
1671 1169 1789 1209 euius

191 1242 378 1295 (liffliitcts
411 1246 445 1282 et
477 1241 678 1295 splendor
697 1242 1037 1296 proestringyebat,
1071 1242 1206 1295 credo,
1239 1243 1374 1282 ocutos
1416 1241 1590 1290 Vatinii,
1630 1252 1788 1281 nomen

192 1312 348 1353 Vatinii
381 1325 406 1353 a
439 1312 555 1353 mala
589 1326 723 1353 manu
755 1313 1079 1365 interpretantis
1113 1313 1330 1354 adiectum
1371 1313 1446 1362 sit3
1493 1323 1633 1364 neque
1675 1310 1788 1351 enim

191 1383 233 1423 in
265 1383 347 1423 hac
379 1383 537 1424 Vatinii
570 1384 827 1425 allocutione
861 1384 946 1425 ullo
987 1384 1116 1426 modo
1148 1384 1250 1437 poni
1282 1384 1473 1437 potuisse
1508 1382 1654 1430 cred03
1703 1379 1789 1433 (se-

192 1454 335 1507 quitur
368 1455 536 1495 statim:
580 1469 698 1509 quem
731 1479 786 1483 —
820 1453 1002 1507 oderas).
1065 1456 1177 1496 Nam
1210 1456 1245 1496 si
1279 1455 1373 1508 quis
1406 1455 1540 1507 fingat
1573 1465 1666 1494 esse
1708 1451 1789 1491 Va-

191 1526 288 1566 tinii
320 1526 511 1573 alicuius,
552 1526 596 1566 id
629 1529 705 1575 est,
740 1517 943 1567 eiusmodi
973 1526 1165 1576 hominis,
1210 1529 1252 1567 et
1285 1540 1309 1567 a
1343 1525 1557 1567 Ciceronis
1590 1537 1670 1564 usu
1703 1522 1790 1563 dis-

194 1596 318 1637 cedat
361 1599 404 1637 et
452 1597 507 1637 ab
556 1597 683 1638 huius
731 1598 861 1638 totius
910 1597 1255 1650 interrogationis
1304 1610 1474 1650 genere,
1525 1598 1567 1637 et
1614 1594 1789 1646 minime

194 1669 344 1720 aptum
377 1667 458 1708 hoc
491 1667 546 1708 sit
585 1667 641 1707 ad
680 1668 884 1709 orationis
928 1668 1126 1718 formam,
1176 1682 1272 1721 quae
1314 1670 1475 1718 narrat,
1524 1680 1610 1708 non
1653 1667 1790 1720 hypo-

194 1739 353 1779 thetica
386 1740 464 1779 est.
527 1738 730 1779 Eiusdem
764 1752 940 1791 prorsus
973 1740 1141 1792 generis
1175 1739 1521 1780 additamentum
1554 1737 1706 1778 sustuli
1740 1750 1791 1777 ex

194 1812 302 1851 orat.
336 1823 414 1862 pro
454 1809 496 1850 S.
529 1809 659 1850 Rosc.
700 1823 734 1850 c.
772 1811 838 1860 11,
883 1810 939 1851 32
982 1809 1084 1863 (vid.
1128 1810 1250 1863 praef.
1284 1810 1529 1865 XlIAoratt.
1574 1821 1705 1861 supra
1748 1821 1790 1860 p.

199 1879 311 1933 119),
353 1880 427 1921 ubi
459 1880 606 1933 ipsius,
648 1881 719 1932 qui
753 1881 932 1933 loquens
966 1881 1194 1931 inducitur,
1243 1894 1403 1922 nomen
1435 1880 1651 1921 adiectum
1684 1881 1790 1919 erat.

196 1952 482 2004 interpretum
526 1951 616 1991 iure
660 1952 827 1992 mireris
870 1952 1089 1993 neminem
1132 1952 1284 1993 saltem
1326 1951 1379 1992 de
1418 1951 1556 2004 figura
1588 1950 1792 2003 singulari

196 2023 486 2064 admonuisse.
530 2023 667 2064 Erunt
700 2024 896 2073 sortasse,
931 2023 1002 2076 qui
1035 2023 1279 2064 vocativum
1305 2021 1494 2075 (Vatini)
1529 2034 1622 2063 esse
1646 2021 1790 2063 velint.

196 2094 326 2135 nihilo
360 2090 565 2146 aptius.‘·')

234 2245 262 2290 1>
290 2248 551 2282 Adiunctivum
578 2248 676 2281 hunc
702 2247 888 2291 particulae
913 2258 1021 2281 usum
1054 2250 1232 2281 annotant
1258 2246 1332 2280 fere
1371 2249 1513 2280 tantum
1553 2245 1589 2279 in
1623 2245 1664 2280 iis
1697 2245 1794 2286 locis,

292 2307 353 2341 ubi
381 2307 567 2341 conversio
595 2310 648 2340 est
674 2307 796 2350 aliqua
822 2307 1011 2341 sententiae
1038 2309 1073 2340 et
1099 2306 1236 2350 aliquid
1269 2305 1388 2339 subito
1421 2305 1524 2349 quasi
1557 2304 1794 2339 intervenisse

293 2366 433 2400 dicitur.
473 2366 543 2400 Sed
569 2369 655 2400 sunt
681 2369 716 2399 et
742 2366 813 2399 alia
839 2366 955 2400 multa
981 2365 1067 2406 eius,
1095 2376 1166 2408 quo
1193 2365 1250 2398 hic
1276 2364 1393 2409 posita
1419 2367 1483 2408 est,
1510 2364 1608 2398 modi
1630 2364 1795 2408 exempla

294 2428 329 2458 et
355 2425 448 2459 haec:
488 2425 534 2458 ad
560 2425 686 2459 Famil.
714 2426 754 2464 V,
781 2424 813 2466 2,
839 2424 878 2458 3.
917 2426 1120 2459 Recordare
1146 2429 1278 2458 cetera:
1316 2436 1424 2467 quam
1456 2425 1522 2458 rito
1548 2429 1712 2458 senatum
1736 2425 1796 2457 illo

293 2486 359 2527 die,
390 2486 490 2526 farta
522 2486 715 2528 sortitione,
749 2486 929 2527 (emerim,
962 2495 1071 2527 quam
1096 2484 1209 2516 multa
1235 2484 1276 2516 de
1303 2488 1333 2516 te
1358 2484 1464 2516 verba
1488 2484 1651 2526 feeerim;
1688 2494 1797 2526 quum

294 2548 332 2576 tu
358 2544 432 2586 ipse
458 2544 547 2576 mihi
572 2545 699 2577 dixisti
724 2547 790 2577 cet.
818 2547 853 2577 et
878 2543 971 2584 XIII,
1000 2542 1060 2576 75:
1087 2544 1139 2576 De
1165 2553 1233 2586 quo
1260 2547 1290 2575 et
1309 2553 1474 2585 prceserzs
1500 2547 1611 2575 tecum
1638 2543 1693 2584 aqi
1717 2542 1798 2575 dili-

293 2607 425 2645 qenter,
453 2613 563 2645 quum
589 2608 627 2635 tu
653 2604 742 2636 mihi
766 2603 1023 2636 humanissime
1040 2602 1266 2645 respondisti,
1294 2606 1325 2634 et
1343 2603 1476 2644 scripsi
1496 2603 1562 2635 cet.
1602 2599 1669 2643 [De
1691 2600 1744 2634 Re
1764 2611 1796 2644 p.

296 2660 327 2694 II
353 2659 374 2702 ἓ
400 2659 472 2703 23]
523 2661 579 2694 Ad
606 2672 687 2694 eam
715 2662 870 2695 formam
897 2661 1019 2695 Cicero
1047 2660 1135 2694 dixit
1160 2660 1196 2694 in
1223 2660 1322 2694 Verr.
1350 2660 1390 2701 V,
1423 2659 1478 2701 29,
1514 2659 1575 2693 74:
1611 2660 1673 2693 Fit
1697 2661 1735 2693 in
1761 2671 1798 2693 eo

295 2722 446 2763 yemitus
472 2721 631 2753 onmium
656 2725 687 2753 et
713 2721 858 2764 elamor,
885 2732 995 2764 quum
1020 2725 1138 2753 tormen
1164 2731 1186 2753 a
1209 2721 1382 2762 proesenti
1405 2720 1580 2762 supplicio
1606 2724 1665 2754 tito
1692 2721 1800 2753 eonti-

297 2780 376 2812 mcit
396 2780 555 2822 populus
582 2780 682 2813 Rom.
711 2790 746 2813 se
772 2785 802 2813 et
827 2781 1009 2822 repressit,
1036 2789 1107 2822 quo
1134 2779 1211 2812 loco
1238 2777 1436 2821 multisque
1454 2777 1532 2812 aliis
1550 2777 1683 2821 partim
1701 2788 1799 2811 men-

299 2838 395 2872 dosis
432 2838 565 2882 partim
604 2838 699 2872 male
736 2838 927 2872 intellectis
965 2838 1100 2871 abusus
1139 2841 1194 2871 est
1231 2837 1496 2871 Ramshornius
1529 2836 1689 2871 Gramm.
1722 2836 1799 2870 Lat.

300 2895 320 2938 ἓ
348 2896 414 2930 183
441 2899 514 2930 not.
541 2895 562 2928 ἶ.)
590 2908 622 2940 p.
652 2895 729 2930 768.
759 2896 835 2930 769.
887 2897 949 2931 Est
975 2897 1089 2931 enim:
1116 2899 1177 2931 sed
1203 2902 1320 2931 tamen
1348 2902 1432 2931 tum».

243 2953 272 2997 ²)
298 2956 433 2989 Eadem
461 2955 620 2989 sectione
646 2955 755 2999 paulo
781 2959 873 2999 post,
906 2967 951 2990 ne
978 2956 1058 2999 quis
1084 2955 1190 2990 scribi
1216 2955 1321 2989 velit:
1360 2956 1403 2989 L.
1432 2956 1599 2998 Paulum,
1639 2956 1702 2999 qui
1726 2960 1801 2988 tum

301 3020 455 3058 qucestor
482 3015 730 3048 Macedoniam
756 3015 942 3057 obtinebat,
979 3019 1016 3048 at
1042 3026 1143 3058 quem
1168 3016 1297 3055 virum,
1338 3025 1418 3058 quae
1444 3024 1531 3048 sane
1556 3013 1723 3048 usitatior
1749 3016 1802 3047 est
