1915 3235
87 1686 138 1711 -it3

917 131 1001 172 366

164 256 267 297 chus
301 256 350 305 Q.
386 256 578 298 Ciceroni
611 259 804 300 effecisse
837 259 1017 310 videtur,
1060 259 1136 301 sed
1175 259 1256 300 hoc
1289 272 1436 309 unum,
1477 260 1756 312 perturbasse

164 330 368 367 veterem.

280 397 327 437 In
360 409 394 437 c.
428 397 497 447 35,
533 398 588 439 75
621 399 881 442 Garatonius
915 401 1120 451 defendit,
1161 401 1277 453 quod
1315 400 1358 441 in
1390 401 1605 454 plerisque
1639 401 1755 442 codi-

162 467 282 508 cibus
327 471 403 517 est,
452 470 617 510 concilia·
659 470 708 511 cle
746 485 808 512 me
847 472 1000 526 ayemll
1032 472 1140 521 (lles3
1189 485 1323 524 quum
1354 474 1503 513 tamen
1535 471 1638 513 alibi
1669 485 1756 513 non

162 539 328 580 dicatur
360 541 578 581 concilium
612 555 746 596 (essere,
780 555 859 583 nec
891 543 1058 583 comitia
1090 556 1225 597 ayere,
1270 546 1498 595 certusque
1530 543 1573 583 in
1605 543 1755 584 huius-

161 610 276 650 modi
309 611 439 652 rebus
483 614 524 652 et
564 612 687 664 quasi
719 613 917 666 publicus
960 627 1063 654 usus
1107 613 1301 654 obtinere
1345 613 1494 662 soleat,
1544 612 1671 654 credo
1713 613 1757 653 in

162 680 306 722 codice
340 682 574 735 archetypo
607 683 752 733 fuisse,
795 685 910 736 quod
949 684 993 725 in
1023 684 1159 725 Paris.
1194 686 1259 725 est
1291 683 1362 736 (de
1396 683 1595 724 Gulielmi
1628 683 1752 724 codd.

160 751 309 792 siletur
340 752 381 793 h.
416 752 474 805 1.),
508 754 690 803 concillo,
725 767 777 795 ex
809 768 894 808 quo
927 755 1172 796 faciendum
1204 757 1309 807 puto
1341 755 1387 794 in
1419 755 1589 795 concilio
1621 754 1671 794 de
1694 768 1757 794 me

161 822 314 875 oyemlc'
346 823 453 872 (Ζίεες
493 825 843 877 praepositionem
877 827 1019 867 littera
1050 840 1091 866 m
1123 825 1373 878 praecedens
1406 825 1604 866 hausisse
1637 825 1755 866 vide-

159 896 242 933 tur.
305 894 441 935 Paulo
474 898 572 947 post
605 896 711 936 nihil
735 897 1013 951 proyredilm·
1046 896 1229 938 Orellius
1262 896 1353 936 vult
1386 908 1499 936 esse:
1534 896 1653 935 domo
1676 910 1754 937 sua

162 978 241 1004 mm
270 966 555 1019 proyreslit‘zff,
590 967 705 1019 quod
736 980 816 1008 nec
848 968 1090 1020 significant
1122 967 1269 1017 Verba,
1309 966 1468 1008 omisso
1501 966 1646 1007 domus
1677 980 1755 1007 no-

161 1036 287 1084 mine,
338 1041 379 1076 et
419 1037 526 1077 mire
566 1038 621 1078 ad
658 1039 740 1079 hoc
772 1039 958 1079 refertur
990 1038 1045 1088 id,
1095 1039 1210 1090 quod
1242 1038 1434 1079 additur:
1483 1039 1658 1078 consilia
1690 1052 1755 1078 ew-

159 1111 313 1159 fflectat
346 1108 611 1148 inimicorum
643 1123 841 1150 meorum.
905 1109 990 1150 Sed
1024 1111 1114 1150 tota
1155 1108 1369 1150 sententia
1410 1108 1657 1161 exsequitur
1698 1109 1754 1158 id,

161 1177 275 1229 quod
308 1177 480 1219 brevius
514 1179 700 1221 dixerat:
738 1180 908 1231 Quietus
940 1194 982 1220 eo
1015 1180 1082 1220 (lle
1115 1179 1283 1221 Sestius.
1332 1180 1389 1220 At
1420 1182 1550 1232 negat
1574 1179 1756 1220 Orellius

160 1260 254 1288 esse
287 1262 434 1301 posse:
477 1250 582 1291 mssln'l
614 1252 796 1292 molitur.
860 1253 1019 1293 Verum
1058 1254 1206 1292 tamen
1238 1251 1385 1291 Cicero
1417 1251 1460 1290 in
1492 1250 1587 1291 Vat.
1621 1250 1660 1300 9,
1701 1251 1753 1291 21

160 1319 361 1360 Bibulum
395 1322 585 1373 appellat
617 1322 822 1363 hominem
860 1336 1066 1377 rnusquam
1090 1321 1440 1376 proyreclientem,
1480 1321 1587 1362 nihil
1627 1322 1674 1362 in
1712 1335 1756 1361 re

152 1389 325 1443 publico
356 1392 602 1434 molientem.
666 1392 772 1445 [Cfr.
807 1394 980 1434 Sallust.
1014 1394 1057 1433 in
1089 1393 1283 1434 oratione
1314 1392 1501 1444 Philippi
1526 1391 1548 1443 ἓ
1574 1391 1635 1444 6.]
1683 1391 1755 1432 Ad

161 1460 266 1501 nihil
290 1462 508 1516 proyresli,
543 1464 659 1516 quod
684 1464 866 1505 Orellius
901 1463 1131 1504 dicendum
1165 1464 1295 1505 fuisse
1323 1465 1461 1516 putat,
1495 1463 1645 1504 Latine
1669 1476 1756 1504 non

160 1531 325 1582 dicitur,
368 1533 424 1573 ad
455 1534 635 1574 nihilum
668 1537 838 1575 tantum
872 1537 987 1576 certo
1020 1534 1164 1576 modo.
1228 1534 1328 1575 Ideo
1372 1534 1477 1575 dixit
1516 1534 1624 1575 m‘hz'l
1654 1548 1755 1588 pro-

156 1604 291 1657 qredl,
332 1604 375 1645 id
408 1607 485 1655 est,
528 1606 572 1645 ln
614 1606 731 1646 nulla
774 1620 838 1655 re3
887 1607 947 1647 sic
980 1606 1093 1647 enim
1128 1606 1217 1646 fere
1249 1604 1334 1658 (Vel
1368 1605 1425 1646 ad
1458 1607 1618 1647 nullam
1649 1605 1753 1658 νεηι)

158 1674 333 1728 intelligi
368 1676 473 1715 nihil
504 1679 659 1729 potest,
694 1676 767 1717 ubi
800 1690 878 1730 pro
911 1691 993 1717 non
1021 1678 1214 1730 ponitur;
1246 1676 1354 1717 nihil
1385 1678 1447 1717 ire
1479 1691 1557 1730 pro
1581 1690 1663 1718 non
1694 1678 1755 1718 ire

159 1745 368 1787 similiave
401 1747 549 1788 Cicero
581 1760 812 1799 nusquam,
846 1747 1010 1800 opinor,
1046 1748 1164 1788 dixit.

276 1817 323 1857 In
348 1830 382 1857 c.
407 1818 476 1867 36,
512 1818 563 1859 57
599 1818 715 1859 bona
748 1821 812 1858 est
845 1819 981 1859 altera
1014 1818 1159 1859 Orellii
1192 1818 1437 1860 coniectura
1470 1818 1756 1872 (concitatione

159 1888 396 1928 (ιηῑῗηιονωη
428 1902 506 1940 pro
539 1890 837 1929 concertatione
870 1888 970 1941 an),
1021 1890 1156 1931 altera
1198 1890 1499 1943 improbanda,
1548 1902 1633 1942 qua
1671 1890 1755 1930 olis-

157 1960 342 2000 sensmne
388 1973 466 2012 pro
513 1960 759 2001 discessione
805 1961 933 2001 scribi
972 1961 1075 2001 vult.
1139 1961 1449 2002 Describuntur
1488 1961 1603 2002 enim
1642 1960 1754 2001 sedi-

158 2030 284 2071 tionis
331 2031 512 2083 gradus;
560 2031 647 2071 iam
686 2031 887 2072 dissensio
925 2045 1029 2072 sane
1068 2033 1208 2084 prima
1247 2035 1312 2073 est
1351 2033 1480 2084 origo,
1529 2045 1615 2072 non
1654 2045 1754 2084 pro-

158 2114 328 2153 gressus
363 2102 530 2154 aliquis,
564 2115 643 2142 nec
677 2102 910 2143 clamorem
933 2103 1147 2155 sequitur;
1182 2105 1330 2144 contra
1353 2102 1540 2155 primum
1565 2102 1754 2143 clamant

159 2174 202 2212 et
234 2172 375 2212 Verbis
409 2173 697 2226 conviciisque
731 2175 876 2226 agunt,
911 2173 1067 2214 deinde
1100 2175 1308 2215 secedunt
1340 2177 1383 2214 et
1416 2187 1513 2214 cum
1537 2173 1623 2214 suis
1657 2173 1751 2226 qui-

159 2255 242 2295 que
276 2246 600 2296 congregantur,
637 2246 730 2284 tum
764 2247 957 2286 extremo
990 2245 1082 2286 loco
1115 2245 1171 2286 ad
1203 2258 1359 2285 manus
1392 2245 1574 2286 venitur.
1618 2249 1620 2251 ’

278 2314 439 2354 Eodem
474 2316 614 2367 capite
647 2313 670 2366 ξ
705 2315 757 2356 78
791 2316 992 2367 primum,
1027 2316 1100 2356 ubi
1134 2318 1218 2357 est:
1252 2320 1370 2368 certe,
1404 2320 1509 2356 certe
1540 2328 1623 2356 non
1651 2314 1750 2368 fuit,

159 2384 342 2424 alterum
376 2390 480 2425 certe
513 2385 745 2426 delendum
786 2389 862 2436 est,
906 2400 993 2427 non
1035 2387 1175 2428 solum
1218 2387 1273 2427 ob
1317 2387 1619 2427 auctoritatem
1651 2386 1750 2426 Par.

159 2454 266 2503 cod,
316 2456 393 2495 sed
425 2456 539 2507 quod
580 2457 827 2497 huiusmodi
867 2457 1115 2498 affirmandi
1153 2457 1365 2498 vocabula
1404 2458 1498 2510 ipsa
1529 2469 1753 2509 nunquam

159 2523 493 2577 duplicantur.¹)
572 2527 657 2567 Sed
704 2528 875 2579 gravius
925 2531 1136 2581 corrupta·
1174 2530 1292 2577 sunt,
1349 2541 1445 2580 quae
1492 2529 1752 2580 sequuntur:

160 2595 269 2635 Nom
305 2597 341 2635 si
373 2596 652 2638 obnuntiasset
688 2597 883 2639 Fabricio
918 2599 952 2638 253
976 2603 1151 2651 praetor,
1185 2599 1256 2653 (secl
1287 2612 1327 2639 se
1359 2612 1543 2639 servasse
1575 2598 1624 2637 (le
1656 2597 1753 2638 ccelo

159 2666 340 2718 ‹laam-at,
390 2668 607 2719 accepisset
651 2682 715 2708 res·
745 2668 919 2721 publiea
951 2669 1141 2723 playam,
1190 2684 1314 2723 (lencm
1355 2673 1563 2722 acceptam
1592 2681 1753 2723 [femere

196 2828 224 2871 ¹)
251 2830 322 2864 Nec
347 2842 444 2873 sane,
470 2843 556 2864 sane
582 2842 647 2864 nec
667 2834 839 2875 proferto,
859 2835 1020 2876 profecto
1047 2833 1241 2877 quisquam
1268 2833 1415 2866 audivit.
1460 2832 1529 2866 Sed
1556 2831 1750 2876 duplicatio

255 2889 407 2923 aliorum
436 2890 628 2924 verborum
656 2890 729 2923 vini
756 2891 872 2925 addit:
901 2893 981 2926 Non
1004 2893 1087 2935 fuit,
1115 2897 1203 2925 verte
1229 2902 1299 2925 non
1322 2893 1404 2933 fult.
