1915 3235
841 97 923 137 361

89 227 295 275 Graevius,
329 225 486 267 Orellio
518 225 982 278 probante,-explicat,
1022 227 1071 265 ut
1102 225 1175 264 sit:
1223 236 1301 276 per
1333 223 1451 271 alios,
1496 221 1568 274 qui
1600 221 1680 261 sub

89 298 231 350 specie
264 296 545 338 conservandi
577 296 763 349 plurima
797 298 920 337 erant
964 294 1202 347 correpturi
1245 298 1287 334 et
1330 293 1374 333 in
1416 305 1516 333 suas
1559 304 1682 333 arcas

90 367 323 408 derivaturi
356 367 469 408 malo
501 367 562 407 rei
594 367 798 420 publicae;
836 367 892 407 ita
929 366 1168 407 conservari
1199 365 1279 405 erit
1310 377 1393 404 non
1423 363 1663 404 conservari
1673 377 1682 410 ;

90 451 168 479 nec
199 439 243 478 in
274 438 393 490 gravi
425 437 638 478 sententia
670 437 780 478 ullus
814 439 880 478 est
912 437 1059 478 ironiae
1100 438 1176 476 aut
1206 435 1319 475 lusui
1351 435 1483 475 locus.
1546 433 1681 474 Recte
1702 442 1754 467 466

90 508 213 549 multi
261 506 410 561 (etiam
457 508 681 560 Zumptius
729 508 785 548 ad
831 508 950 548 Verr.
984 521 1026 559 p.
1060 505 1163 558 286)
1210 505 1423 546 iudicasse
1469 504 1682 552 videntur,

92 579 298 620 excidisse
332 578 515 619 alterum
547 577 805 619 infinitivum
838 579 881 618 in
914 578 1059 618 codice
1093 577 1342 629 archetypo.
1404 574 1541 615 Paulo
1573 576 1683 626 post,

93 649 167 689 ubi
200 649 359 689 editur:
402 647 487 688 Ille
519 661 613 688 vero
646 648 777 688 eidem
808 649 996 702 tempori,
1030 649 1097 688 cui
1130 661 1214 699 nos,
1248 646 1379 687 eidem
1409 645 1566 698 furori,
1608 645 1686 684 eis-

92 719 184 760 dem
224 718 469 770 consulibus,
518 718 671 759 eisdem
712 720 851 771 minis,
901 718 1081 771 insidiis,
1122 717 1326 771 periculis
1367 717 1497 765 cessit,
1545 715 1687 755 minus

94 792 194 842 apte
227 792 544 841 componuntur
577 789 707 830 eidem
738 790 894 842 furori,
929 789 1045 841 quod
1067 790 1209 841 potest
1231 788 1287 828 ad
1309 787 1452 840 plures
1476 787 1686 839 spectare,

94 863 136 901 et
168 859 321 901 eisdem
353 859 607 908 consulebam
640 860 797 900 rectius
830 860 957 913 igitur
990 860 1125 901 codex
1146 859 1244 900 Par.
1269 855 1442 911 (Naug.)
1467 859 1509 897 et
1531 857 1687 896 Berlin.

95 930 277 971 eiusdem
307 930 450 982 furori
483 934 518 970 et
551 930 703 970 eisdem
735 944 848 980 coss„
883 944 967 984 quo
1001 930 1190 983 apertius
1216 929 1389 971 Clodius
1421 929 1620 974 notatum
1655 930 1691 966 et

95 1001 201 1042 Oxx.
237 1013 406 1053 quoque
438 1003 525 1041 tres
557 1001 742 1049 habent3
787 1001 1102 1053 coniunguntur
1135 1001 1220 1041 duo
1254 999 1458 1041 orationis
1491 997 1690 1038 membra

94 1073 292 1113 homines
326 1071 631 1124 significantia;
681 1072 835 1112 deinde
875 1072 1040 1124 reliqua
1080 1071 1290 1124 asyndeto
1324 1070 1580 1111 coacervata
1613 1067 1690 1108 ad-

94 1143 343 1195 iunguntur.

214 1213 259 1254 C.
293 1213 362 1261 30,
397 1213 451 1253 66
486 1212 639 1253 edunt:
684 1212 784 1263 Quae
822 1226 915 1252 vero
940 1213 1214 1266 promulyatct
1249 1212 1317 1251 illo
1351 1224 1460 1251 αηιιο
1490 1208 1696 1262 fuerunt?

96 1297 186 1338 <seue
210 1284 425 1337 promissa
458 1283 627 1323 multis?
668 1297 758 1335 quse
790 1284 1053 1336 conscripta?
1098 1297 1188 1338 qua>
1220 1282 1421 1336 sperata?
1465 1295 1555 1335 (suae
1588 1280 1693 1333 coyt?-

96 1354 215 1394 tata?
251 1353 352 1408 quid
391 1353 561 1394 eliaam?
605 1354 691 1394 Sed
733 1354 805 1406 qui
845 1354 1103 1394 exercitatus
1137 1353 1352 1395 Ciceronis
1385 1352 1567 1392 lectione
1600 1351 1692 1398 erit,

97 1425 220 1465 facile
252 1424 419 1473 sentiet,
460 1437 600 1477 neque
634 1426 734 1476 apte
767 1424 921 1464 cadere
954 1436 1094 1476 neque
1128 1424 1402 1465 commodam
1435 1421 1693 1463 sententiani

96 1497 177 1537 hoc
210 1496 302 1536 loco
338 1495 502 1536 habere
534 1495 699 1535 nudum
733 1494 837 1535 illud
870 1498 911 1535 et
943 1495 1143 1547 generale
1182 1494 1283 1549 quid
1315 1493 1484 1534 dicam?
1520 1492 1694 1544 reliquis

97 1565 504 1619 interrogationibus
553 1561 830 1616 adiectum.¹)
915 1565 1063 1617 Itaque
1119 1579 1253 1618 quum
1302 1566 1343 1605 in
1392 1563 1515 1605 codd.
1564 1561 1694 1615 (Pan,

97 1637 238 1686 Rern,
273 1636 442 1677 duobus
476 1635 603 1689 Oxx.)
636 1636 843 1677 mendose
871 1636 1077 1689 scriptum
1100 1637 1155 1678 sit
1184 1636 1371 1688 fuerant,
1406 1647 1492 1675 non
1522 1633 1698 1687 ficerunt

99 1707 376 1749 scribendum
416 1709 493 1756 est,
528 1707 603 1747 sed
634 1707 808 1759 facerint,
850 1711 896 1747 ut
930 1708 1148 1759 pendeant
1181 1708 1326 1748 omnia
1359 1707 1414 1747 ab
1448 1705 1548 1745 illis:
1597 1703 1698 1758 quid

99 1778 197 1831 (hoc
230 1780 308 1827 est,
344 1776 436 1829 cur)
470 1777 638 1817 diem?

217 1848 350 1889 Venio
383 1848 440 1888 ad
472 1848 613 1889 locum
646 1861 671 1888 a
704 1848 926 1890 Wundero
958 1863 1045 1890 non
1077 1851 1192 1889 recte
1225 1850 1460 1889 tractatum
1493 1848 1536 1887 in
1564 1859 1598 1886 c.
1626 1846 1694 1894 32,

100 1920 168 1968 (139,
203 1919 275 1959 ubi
310 1918 438 1959 scribi
470 1918 625 1959 voluit:
660 1920 731 1972 qm?
763 1918 1009 1971 (consules),
1044 1934 1169 1974 quum
1203 1920 1246 1959 εἴη
1271 1923 1431 1969 senatu„
1458 1917 1624 1971 private?
1656 1921 1699 1956 ut

102 1990 151 2030 de
191 2004 251 2030 mc
289 1990 514 2030 sententias
553 1989 748 2041 dicerent,
786 1990 1106 2044 flayitabsmtur,
1155 1991 1281 2044 leyem-
1325 1990 1387 2029 ille?
1425 2003 1466 2029 sc
1508 1988 1700 2028 Clodiam.

101 2062 244 2101 timere
276 2060 479 2102 dicebant.
514 2060 643 2112 idque
676 2060 735 2100 sic
768 2060 1076 2114 interpretatus
1109 2064 1195 2101 est:
1246 2062 1328 2109 „ut,
1370 2060 1405 2100 si
1437 2060 1600 2100 nollent
1632 2071 1699 2099 re-

101 2131 211 2172 ferre
246 2131 302 2171 ad
326 2133 542 2171 senatum
585 2134 794 2183 tanquam
838 2132 1046 2182 consules,
1095 2132 1248 2172 saltem
1293 2134 1503 2183 tanquam
1545 2130 1701 2182 privati
1721 2147 1772 2171 467

104 2202 321 2254 aperirent
363 2203 598 2243 sententias
639 2215 739 2243 suas
783 2202 836 2243 de
880 2216 948 2243 me
992 2216 1175 2256 meaque
1218 2201 1530 2243 restitutione“.
1594 2200 1701 2250 Quae

105 2272 213 2313 adeo
246 2272 530 2324 multiplicem
564 2272 944 2325 reprehensionem
977 2264 1153 2323 habent,
1202 2276 1249 2314 ut
1288 2272 1452 2313 homini
1493 2273 1620 2312 acuto
1660 2273 1703 2311 et

105 2343 230 2384 docto
263 2343 394 2383 mirer
428 2356 479 2384 ea
511 2343 696 2396 probata
729 2356 836 2384 esse.
891 2343 1084 2384 Primum
1119 2344 1223 2385 ordo
1256 2343 1566 2384 vocabulorum
1600 2355 1701 2382 con-

105 2414 364 2454 tortissimus
414 2416 479 2454 est
527 2413 709 2467 (privati
754 2413 816 2464 ut)
866 2416 907 2454 et
946 2414 1239 2467 ambiguitatis
1279 2414 1596 2455 molestissimae
1636 2412 1701 2452 vel

106 2483 248 2537 potius
296 2497 383 2525 non
426 2484 668 2537 ambiguus,
717 2485 793 2525 sed
841 2484 1100 2525 contrariam
1149 2485 1407 2526 sententiam
1458 2484 1701 2531 continens;

107 2568 234 2596 nemo
258 2555 371 2595 enim
393 2555 619 2596 Romanus
651 2568 738 2596 non
771 2555 827 2596 ad
858 2569 1009 2597 vocem
1034 2556 1199 2609 privati
1219 2558 1429 2609 tanquam
1460 2555 1702 2596 subiectum

149 2741 176 2785 ¹)
202 2743 344 2777 Addam
371 2743 480 2785 aliud,
507 2744 604 2787 quod
631 2742 832 2787 pauciores,
865 2754 976 2786 quam
1003 2743 1047 2777 sit
1073 2754 1212 2784 verum,
1245 2743 1413 2783 sentient,
1446 2742 1475 2776 si
1502 2742 1571 2775 illae
1596 2741 1703 2774 inter-

204 2803 407 2846 rogationes
433 2802 577 2836 directae
605 2800 660 2843 (ut
685 2800 883 2845 loquimur)
909 2805 1040 2843 essent,
1073 2802 1294 2843 Ciceronem,
1334 2812 1448 2845 quum
1480 2801 1525 2835 ad
1551 2801 1703 2834 alteram

205 2864 346 2904 partem
373 2861 558 2895 divisionis
584 2872 694 2904 supra
720 2860 789 2903 (25,
817 2858 875 2901 55)
901 2859 1075 2894 institutae
1101 2861 1300 2901 accederet,
1339 2861 1407 2895 hoc
1442 2859 1568 2894 ordine
1593 2859 1705 2892 verba

206 2919 409 2963 positurum
438 2920 566 2954 fuisse:
594 2920 832 2962 Promulyata
857 2930 938 2953 vero
965 2920 1023 2954 illo
1049 2931 1144 2954 armo
1169 2931 1249 2963 quoe
1271 2921 1448 2962 fuerunt?
