1915 3235
139 1581 190 1607 340

970 94 1056 136 672

213 222 426 264 incertum
458 223 732 275 relinqueret,
767 225 841 264 aut
874 223 1056 265 alteram
1090 237 1112 264 e
1147 224 1316 265 duabus
1340 223 1492 265 mediis
1517 237 1609 265 esse
1635 224 1808 266 diceret.

213 294 358 346 Atque
399 294 481 335 hoc
522 296 673 336 tenens
715 294 890 336 Cludius
924 293 980 347 (a.
1017 293 1147 347 1826)
1190 295 1420 348 VVolfiique
1463 308 1508 336 se
1551 296 1809 337 sententiam

213 365 415 417 persequi
447 364 640 413 credens,
673 365 911 406 secundam
943 366 1136 418 spuriam
1170 379 1263 407 esse
1296 366 1376 407 sibi
1401 365 1517 406 visus
1543 368 1607 407 est
1631 367 1810 408 demon-

212 437 364 484 strare,
412 434 529 476 visus
573 435 705 476 etiam
747 436 821 476 uni
865 438 907 477 et
948 436 1072 477 alteri
1113 439 1339 489 praeterea.
1415 436 1500 478 Sed
1541 437 1672 490 paulo
1713 439 1812 490 post

212 505 270 559 (a.
307 504 437 559 1827)
470 506 708 547 Beneckius
749 507 949 558 ostendit,
998 507 1143 549 Wolfii
1182 508 1316 561 ipsius
1356 508 1498 549 verbis
1539 521 1591 549 ex
1631 508 1810 561 epistola

213 577 405 630 quadarn
452 577 644 630 prolatis,
694 577 865 619 tertiam
915 578 970 619 ab
1019 579 1090 620 illo
1138 579 1423 632 significatam
1471 592 1578 620 esse.
1641 579 1810 620 Interea

213 647 477 701 quibusdam
500 651 656 700 quarta
679 648 969 702 displicuerat,
1004 650 1367 696 Zimmermanno,
1402 649 1590 699 Blochio,
1626 663 1810 702 eamque

212 719 418 760 miseram
457 719 696 761 Ahrensius
730 719 787 772 (a.
824 719 953 773 1832)
994 721 1145 774 capitis
1187 720 1422 770 damnavit,
1471 720 1645 762 tertiam
1685 720 1811 761 simul

213 789 492 832 damnatione
539 791 583 831 in
630 794 882 832 transcursu
931 791 1195 844 complexus.
1258 792 1483 833 Postremo
1531 791 1714 833 Orellius
1754 790 1809 845 (a.

215 859 359 913 1836),
394 861 557 914 opinor,
591 875 646 902 ne
679 862 796 903 foeda
827 862 1093 915 ridiculaque
1127 865 1239 904 esset
1271 862 1344 904 illa
1376 862 1632 903 iudiciorum
1664 863 1810 904 incon-

212 933 386 982 stantia,
435 946 586 974 ornnes
626 936 713 974 tres
753 935 922 986 spurias
955 947 1050 975 esse
1085 934 1302 975 iudicavit.
1367 933 1584 975 Obstabat
1615 933 1714 974 huic
1745 933 1811 974 iu-

212 1003 322 1045 dicio
362 1006 522 1056 praeter
561 1004 646 1045 alia
687 1007 835 1046 vetera
873 1005 1143 1054 testimonia,
1194 1019 1290 1058 quae
1329 1004 1454 1046 facile
1493 1004 1809 1051 reficiebantur,

211 1072 345 1127 ipsius
386 1074 603 1116 Ciceronis
641 1076 895 1126 auctoritas,
945 1075 1018 1129 qui
1057 1076 1101 1117 in
1141 1076 1263 1129 epist.
1304 1075 1360 1117 ad
1397 1076 1527 1117 Attic.
1568 1075 1662 1116 libr.
1696 1075 1744 1116 ΙΙ.
1788 1076 1809 1115 1

212 1148 380 1198 septem
428 1159 529 1187 suas
574 1147 823 1189 consulares
872 1147 1088 1189 orationes
1131 1148 1444 1188 commemorat
1483 1146 1628 1188 multis
1667 1146 1810 1188 verbis

212 1218 503 1269 quattuorque
552 1217 825 1259 Catilinarias
879 1218 1127 1271 singulatim
1185 1220 1424 1259 enumerat.
1503 1218 1652 1271 Itaque
1706 1217 1811 1258 nihil

211 1286 328 1328 aliud
359 1287 543 1341 relinqui
582 1288 823 1339 ridebatur,
872 1289 953 1330 nisi
994 1291 1042 1331 ut
1080 1290 1124 1330 id
1170 1290 1424 1338 statuerent,
1473 1288 1590 1342 quod
1637 1287 1811 1329 credere

209 1370 339 1400 nemo
370 1361 530 1412 posset,
579 1373 705 1401 veras
749 1360 965 1402 Ciceronis
1009 1360 1225 1402 orationes
1267 1361 1311 1401 in
1353 1360 1636 1401 celeberrima
1681 1372 1811 1400 causa

210 1429 384 1471 habitas
417 1429 503 1471 iam
537 1430 722 1483 Augusti
765 1433 961 1484 tempore
1004 1431 1132 1483 (adeo
1178 1433 1291 1473 enim
1335 1431 1537 1484 antiquas
1581 1443 1674 1471 esse
1716 1431 1810 1479 has,

211 1513 319 1553 quas
359 1500 592 1550 habemus,
641 1501 881 1542 Ahrensius
923 1501 1167 1555 confitetur)
1208 1504 1268 1543 ita
1308 1502 1554 1551 evanuisse,
1603 1504 1652 1542 ut
1690 1501 1810 1542 falsae

210 1571 362 1613 subiici
394 1575 438 1613 et
469 1572 658 1625 probari,
699 1573 816 1614 nullo
850 1575 1123 1626 coarguente,
1163 1579 1353 1626 possent,
1405 1586 1537 1626 quum
1570 1572 1809 1625 praesertim

210 1655 300 1684 una
332 1656 382 1684 ex
417 1646 621 1696 quattuor
653 1657 757 1685 vera
787 1646 986 1685 maneret
1029 1646 1071 1685 et
1116 1657 1213 1685 cum
1258 1644 1375 1685 falsis
1420 1640 1810 1696 coniungeretur.¹)

210 1713 297 1755 Sed
345 1714 445 1755 forti
492 1715 684 1757 remedio
732 1714 916 1757 Orellius
963 1729 1055 1756 rem
1105 1714 1298 1768 expedit;
1354 1727 1457 1755 nam
1505 1716 1644 1755 totum
1691 1714 1811 1755 illum

209 1784 351 1826 locum
385 1798 437 1826 ex
468 1785 612 1826 media
647 1786 827 1839 epistola
861 1789 1049 1837 exsecat,
1082 1789 1131 1827 ut
1162 1786 1249 1827 iam
1282 1785 1387 1826 nihil
1409 1787 1577 1826 constet
1599 1785 1652 1826 de
1676 1785 1810 1838 pluri-

209 1855 291 1897 bus
324 1856 591 1898 orationibus
624 1857 680 1898 ab
714 1857 807 1910 ipso
840 1857 1045 1899 Cicerone
1079 1857 1132 1898 de
1163 1871 1210 1898 re
1233 1856 1482 1899 Catilinaria
1505 1855 1650 1905 editis;
1683 1855 1810 1897 fabu-

209 1926 383 1979 lamque
430 1927 619 1980 lepidam
669 1929 901 1982 excogitat,
951 1928 1175 1970 falsarium
1222 1928 1410 1980 primum
1456 1929 1546 1968 tres
1594 1927 1809 1968 orationes

211 1996 405 2039 Ciceroni
438 1999 686 2050 subiecisse,
737 2000 905 2049 deinde,
954 2002 1001 2040 ut
1034 2000 1083 2040 iis
1116 1999 1256 2040 locum
1292 2001 1334 2039 et
1366 1997 1496 2039 fidem
1530 2000 1718 2050 pararet,
1767 1997 1811 2038 in

211 2068 440 2120 epistolam
473 2069 690 2112 Ciceronis
732 2071 1026 2112 narrationem
1062 2084 1088 2111 a
1121 2083 1167 2111 se
1199 2070 1345 2111 fictam
1379 2068 1431 2109 de
1464 2068 1617 2110 iisdem
1650 2069 1809 2110 oratio-

209 2139 337 2181 nibus
370 2140 606 2182 inclusisse.
620 2137 654 2193 2)
717 2142 890 2193 Verum,
924 2143 1090 2194 inquiet
1122 2141 1289 2194 aliquis,
1331 2152 1465 2194 quum
1500 2140 1583 2181 illae
1617 2139 1809 2193 epistolae

247 2337 275 2382 ¹)
301 2340 502 2375 Ahrensius
529 2344 644 2375 totam
671 2342 765 2376 hanc
791 2341 1056 2383 difficultatem,
1084 2344 1124 2376 ut
1151 2341 1284 2376 Orellio
1312 2339 1360 2385 (p.
1388 2338 1470 2381 177)
1496 2339 1650 2377 videtur,
1688 2350 1809 2381 „accu-

304 2400 417 2434 ratius
444 2403 666 2444 pertractare
692 2400 842 2435 noluit“.
893 2401 1020 2445 Itaque
1058 2401 1093 2435 in
1120 2401 1227 2444 longa
1253 2399 1497 2443 disputatione
1523 2399 1567 2433 de
1592 2398 1808 2433 testimoniis

305 2458 484 2492 historicis
510 2459 605 2493 hanc
632 2460 823 2503 epistolam
848 2460 997 2494 omnino
1031 2471 1105 2494 non
1137 2459 1256 2503 attigit
1287 2458 1371 2500 (nisi
1396 2470 1430 2502 p.
1458 2458 1502 2491 6ss
1528 2458 1565 2492 in
1591 2457 1661 2492 alia
1686 2468 1735 2500 re,
1770 2461 1809 2491 ut

304 2520 488 2561 appareat,
528 2529 612 2552 eum
650 2519 753 2552 illurn
786 2519 907 2553 locum
939 2529 1013 2552 non
1038 2519 1234 2562 ignorasse,
1274 2529 1354 2562 quae
1392 2517 1567 2561 ignoratio
1607 2516 1809 2551 excusatior

305 2579 400 2609 esset
426 2587 537 2620 quam
564 2577 640 2610 haec
667 2576 949 2621 praetermissio).

247 2632 275 2677 ²)
301 2634 390 2677 Quae
416 2634 571 2669 Orellius
604 2636 669 2669 sibi
702 2636 845 2670 videtur
877 2636 914 2670 in
946 2637 1013 2670 hoc
1046 2637 1124 2670 loco
1158 2636 1439 2680 deprehendisse
1470 2634 1604 2669 indicia
1635 2633 1807 2668 orationis

305 2704 378 2727 non
405 2693 659 2733 Ciceronianae,
687 2695 863 2729 eiusmodi
889 2698 985 2739 sunt,
1013 2698 1053 2730 ut
1079 2695 1229 2729 refutari
1255 2695 1314 2729 vix
1341 2694 1506 2735 debeant,
1534 2693 1633 2727 velut
1652 2693 1750 2737 quod
1771 2693 1806 2726 in

305 2752 531 2787 deminutiva
556 2752 673 2787 forma
698 2756 974 2796 refractariolus
1000 2755 1113 2789 semel
1139 2754 1197 2788 hic
1228 2754 1265 2788 in
1297 2753 1467 2787 familiari
1497 2763 1666 2787 sermone
1690 2751 1807 2796 posita
1860 2762 1862 2764 ’
1907 2754 1915 2779 -2

305 2811 428 2852 haeret,
456 2811 559 2855 quasi
585 2823 658 2845 non
686 2816 816 2855 quarta
833 2813 963 2847 saltem
980 2824 1064 2858 pars
1083 2813 1249 2848 omnium
1267 2811 1577 2846 deminutivorum
1594 2811 1807 2845 Latinorum

306 2880 379 2904 uno
404 2873 549 2904 tantum
574 2870 652 2904 loco
678 2871 830 2915 legatur,
869 2872 953 2915 quia
985 2872 1022 2906 in
1054 2872 1243 2906 scribendo
1275 2874 1376 2906 extra
1407 2870 1578 2915 epistolas
1610 2870 1806 2904 familiares

306 2939 387 2962 rara
414 2939 539 2963 eorum
566 2929 817 2973 ponendorum
843 2930 982 2965 occasio
1016 2934 1105 2973 erat,
1140 2933 1203 2966 aut
1235 2930 1332 2974 quod
1365 2929 1459 2964 hanc
1485 2929 1723 2964 locutionem:
1762 2929 1805 2962 ab
