1915 3235
962 144 1047 185 486

209 288 337 327 quem
369 275 526 327 poterit
558 286 744 322 movere,
793 286 924 326 quum
965 273 1111 314 videat
1143 273 1214 314 illa
1246 274 1442 326 curasses,
1491 274 1664 315 excessis
1697 276 1791 325 cet.,

209 359 304 399 quae
336 345 529 398 perfecta
561 357 783 396 nunquam
822 342 976 398 fiunt?)
1027 367 1079 371 -—
1128 343 1204 384 sed
1244 346 1390 385 tamen
1429 357 1483 385 ne
1524 345 1617 398 quis
1659 345 1798 386 admi-

207 419 325 458 retur
356 417 524 466 saltem,
572 414 808 456 tenendum
849 416 926 464 est,
975 427 1110 467 genus
1150 415 1231 456 hoc
1262 414 1467 468 loquendi
1498 417 1592 456 tum
1626 415 1802 460 demum.

208 489 350 529 ortum
383 500 490 537 esse,
540 499 673 540 quum
711 485 883 539 fecerim
924 485 1010 526 iam
1045 484 1175 526 etiam
1208 499 1286 538 pro
1319 485 1511 538 perfecto
1544 486 1802 527 coniunctivi

206 558 324 599 haud
357 557 487 599 dubie
521 559 647 607 esset,
697 557 763 597 cui
807 569 940 609 quum
983 569 1035 597 ex
1079 556 1161 596 hac
1204 558 1329 608 parte
1367 556 1648 609 responderet
1681 556 1802 598 verbi

208 642 337 670 causa
369 629 550 669 miratus
581 629 673 678 sim,
723 641 818 668 eam
862 627 1106 679 analogiam
1151 626 1397 668 traductam
1432 639 1527 668 esse
1561 628 1705 678 etiam,
1753 629 1802 669 ut

206 700 265 749 fit,
315 699 368 740 ad
413 712 512 740 eum
553 712 680 740 usum
724 698 874 739 formae
914 697 1100 750 fecerim,
1151 696 1218 737 cui
1259 710 1339 738 nec
1376 697 1448 738 illa
1486 711 1565 739 nec
1596 698 1684 740 ulla
1717 698 1800 740 alia

206 770 367 823 passivi
408 770 548 811 forma
595 769 878 823 responderet
924 767 1043 820 (nam
1089 767 1221 808 etiam
1262 767 1400 820 fueris
1444 782 1636 810 assensus
1674 768 1801 810 nimis

207 854 456 894 expressam
489 841 684 882 habebat
715 839 921 893 praeteriti
954 837 1342 892 significationem),
1376 839 1505 892 idque
1538 852 1588 881 eo
1621 839 1801 889 facilius,

206 911 322 964 quod
355 914 397 952 et
428 925 506 965 pro
540 912 684 953 futuro
718 912 868 952 exacto
903 908 1161 951 coniunctivi
1200 910 1360 963 passivi
1400 910 1471 951 illo
1511 910 1703 963 perfecto
1742 911 1803 951 uti

135 995 185 1020 108
207 984 473 1035 cogerentur,
513 984 561 1023 ut
600 995 731 1035 supra
772 982 934 1022 dictum
967 983 1045 1031 est,
1086 993 1166 1020 nec
1198 983 1289 1022 tam
1323 983 1436 1022 esset
1469 983 1586 1022 certa
1619 982 1661 1022 et
1691 994 1804 1034 prae-

207 1053 295 1094 cisa
326 1053 534 1106 praeteriti
568 1053 822 1106 significatio
855 1053 898 1093 in
930 1053 1111 1092 miratus·
1151 1065 1241 1092 sum
1283 1064 1413 1104 quam
1454 1052 1497 1092 in
1534 1051 1631 1105 feci.
1694 1051 1803 1093 Illud

207 1125 321 1165 enim
355 1123 641 1177 compositum
675 1126 739 1164 est
772 1137 824 1164 ex
856 1123 1096 1176 participio,
1147 1122 1262 1175 quod
1300 1122 1420 1164 initio
1459 1123 1571 1163 inter
1613 1135 1804 1175 praesens

208 1198 249 1236 et
281 1196 550 1248 praeteritum
582 1195 773 1236 medium
815 1194 960 1244 fuisse,
1010 1193 1140 1246 liquet
1190 1206 1243 1234 ex
1290 1198 1484 1247 operatas
1530 1195 1573 1234 et
1608 1193 1805 1246 feriatas,

207 1280 303 1319 quae
336 1267 617 1319 praesentium
651 1266 792 1307 locum
827 1265 1037 1306 obtinent.
1087 1263 1213 1314 Quod
1246 1266 1392 1305 autem
1427 1263 1526 1315 dixi,
1560 1266 1641 1305 hoc
1669 1277 1804 1317 genus

206 1340 359 1390 postea
391 1340 546 1387 ortum,
591 1337 718 1378 velim
753 1336 931 1385 attendi,
972 1348 1107 1376 unum
1142 1347 1237 1376 esse
1271 1335 1389 1388 apud
1420 1334 1624 1376 Plautum
1658 1347 1805 1376 exem—

206 1409 338 1462 plum,
372 1408 457 1449 Mil.
493 1408 557 1449 Gl.
591 1408 639 1458 ΙΙ,
674 1408 713 1457 2,
754 1408 823 1458 62,
862 1407 993 1460 idque
1026 1406 1072 1447 in
1103 1405 1185 1447 hoc
1216 1405 1310 1459 ipso
1343 1406 1583 1458 participio,
1622 1405 1807 1458 feriatus

204 1494 254 1521 we
285 1481 355 1530 sis,
390 1478 465 1531 [et‚
508 1480 624 1532 quod
656 1479 828 1532 gravius
862 1479 938 1528 est,
983 1476 1229 1518 coniectura
1269 1477 1433 1518 incerta
1465 1475 1652 1529 natum}
1714 1476 1806 1530 Ap-

205 1553 341 1604 paret,
375 1553 515 1592 totum
548 1551 629 1592 hoc
662 1563 796 1603 genus
829 1550 1018 1603 positum
1052 1561 1146 1589 esse
1178 1549 1222 1589 in
1255 1548 1454 1601 analogia
1479 1547 1659 1600 paulum
1684 1560 1710 1588 a
1736 1548 1805 1588 via

206 1621 464 1663 deflectenti.
479 1618 513 1674 1)

323 1693 390 1734 IV.
442 1691 645 1745 Sequitur
676 1692 770 1744 ipso
802 1690 889 1732 iam
923 1690 1072 1732 ordine
1106 1694 1149 1731 et
1180 1690 1274 1732 1000
1306 1690 1410 1731 satis
1444 1688 1683 1742 explicatus
1717 1688 1804 1730 fre-

206 1763 512 1817 quentissimus
545 1776 648 1804 usus
691 1763 818 1803 huius
861 1761 1012 1803 formae
1055 1760 1323 1802 dubitativus
1367 1762 1410 1801 et
1452 1759 1715 1813 potentialis,
1763 1760 1807 1801 in

205 1849 289 1888 quo
337 1848 487 1877 omnes
535 1834 714 1887 perfecti
762 1832 1019 1874 coniunctivi
1066 1832 1241 1874 nomine
1288 1833 1483 1873 utuntur.
1547 1831 1652 1882 Quis
1692 1831 1805 1872 enim

204 1920 290 1948 non
322 1906 452 1955 videt,
501 1919 634 1959 quum
680 1907 756 1946 aut
796 1903 889 1946 fieri
930 1903 1091 1956 aliquid
1124 1915 1252 1956 posse
1286 1902 1480 1943 dicamus
1515 1901 1580 1955 (ut
1612 1902 1701 1944 Liv.
1735 1902 1804 1953 IX,

205 1977 281 2018 ⁶24:
316 1976 407 2018 Hoc
439 1976 601 2031 quidem
638 1975 839 2016 adscensu
871 1975 933 2015 vel
957 1979 1040 2015 tres
1064 1974 1223 2014 armati
1250 1973 1474 2028 quamlibet
1497 1974 1803 2015 multitudinem

206 2046 451 2100 arcuerim),
485 2049 560 2088 aut
593 2046 645 2087 de
677 2048 825 2087 nostro
857 2046 1050 2098 ipsorum
1083 2044 1239 2086 iudicio
1272 2044 1482 2097 agendive
1517 2044 1692 2086 consilio
1726 2045 1805 2086 du-

207 2119 396 2160 bitanter
427 2118 668 2171 loquamur,
717 2117 796 2158 has
844 2130 989 2157 rerum
1030 2115 1362 2169 significationes
1411 2115 1472 2156 ita
1519 2116 1562 2156 in
1610 2116 1803 2157 futurum

204 2189 405 2238 incidere,
453 2190 501 2229 ut
532 2190 693 2238 tamen,
741 2200 874 2241 quum
916 2189 992 2229 aut
1024 2187 1114 2228 eius
1146 2187 1208 2228 rei
1240 2188 1412 2237 natura,
1462 2199 1559 2238 quae
1591 2199 1704 2228 nunc
1737 2187 1804 2236 sit,

206 2262 282 2301 aut
313 2259 515 2300 iudicium
557 2261 753 2300 nostrum
794 2258 1037 2299 declaretur
1077 2259 1152 2298 aut
1192 2257 1417 2298 consilium
1464 2257 1508 2298 in
1556 2257 1804 2299 condicione

205 2330 392 2383 positum
427 2331 493 2380 sit,
527 2329 655 2371 simul
688 2330 731 2370 in
762 2341 955 2382 praesens
988 2331 1160 2381 tempus
1193 2328 1330 2369 oratio
1355 2328 1560 2370 inclinet?
1603 2328 1801 2370 Ceterum

208 2414 259 2442 ex
298 2401 516 2442 veteribus
555 2400 635 2441 illis
676 2400 830 2441 futuris
878 2400 921 2441 in
968 2413 1011 2440 so
1060 2399 1316 2440 exeuntibus
1364 2398 1446 2439 hac
1494 2398 1803 2452 significatione

206 2474 363 2525 praeter
410 2484 560 2513 vocem
608 2470 935 2512 usitatissimam
984 2471 1100 2524 apud
1139 2472 1304 2523 poetas,
1354 2469 1535 2520 Livium,
1586 2469 1801 2519 Tacitum,

208 2543 357 2592 ausim,
405 2541 617 2595 reperitur
653 2541 793 2595 sasaim
836 2540 995 2593 (Plaut.
1028 2542 1149 2583 Poen.
1181 2542 1229 2591 V,
1274 2542 1313 2592 2,
1361 2541 1464 2582 131:
1513 2541 1621 2581 male
1660 2540 1798 2593 faxim

207 2613 360 2662 lubens,
410 2613 502 2654 coll.
536 2612 621 2653 Cic.
656 2613 785 2654 Tusc.
817 2613 853 2653 V
892 2611 915 2665 ξ
949 2613 1023 2654 82;
1073 2626 1099 2653 a
1137 2617 1174 2653 te
1210 2613 1476 2666 impetrarim
1514 2611 1712 2661 lubenter,
1761 2612 1803 2652 et

140 2695 189 2720 109
210 2684 384 2725 Terent.
417 2682 602 2735 Adelph.
635 2683 683 2732 V,
718 2683 744 2724 3
777 2681 853 2735 (5),
888 2684 933 2725 6:
970 2683 1136 2724 Lubens
1167 2683 1243 2723 tibi
1275 2683 1371 2723 hene
1400 2680 1582 2735 faxim);
1623 2695 1676 2723 ex
1709 2681 1801 2722 aliis

208 2754 351 2795 verbis
384 2753 522 2795 solum
545 2753 687 2794 inveni
709 2754 826 2806 apud
847 2754 988 2795 Plaut.
1011 2754 1131 2794 Asin.
1154 2754 1203 2804 ΙΙ,
1236 2755 1276 2805 4,
1311 2754 1386 2795 96;
1421 2753 1557 2794 Haud
1578 2752 1800 2807 neyassim.

246 2916 276 2961 ¹)
300 2917 535 2962 Perspicuum
562 2927 638 2951 esse
665 2916 803 2960 opinor,
836 2928 900 2951 cur
932 2917 1140 2951 Graecorum
1172 2917 1400 2958 aoristorum,
1434 2916 1495 2961 qui
1527 2919 1613 2951 sunt
1637 2914 1799 2959 ἐγέλασα,

303 2973 463 3021 ἐπῄνεσα,
490 2979 568 3017 cet„
595 2975 903 3019 comparationem
930 2975 1019 3010 nihil
1045 2976 1090 3010 ad
1116 2986 1193 3010 rem
1220 2976 1401 3020 pertinere
1424 2975 1586 3010 arbitrer.
