1915 3235
814 140 896 180 113

64 272 156 324 quis
189 270 316 311 fuerit
346 269 534 319 nuntius,
582 268 659 310 sed
698 269 754 310 ad
792 282 919 322 quem
959 268 1128 311 missus.
1189 270 1340 323 Itaque
1371 272 1648 324 perspicuum

3 327 6 330 ⁴
61 342 242 391 videtur,
276 353 408 393 quum
431 339 577 381 Cicero
600 352 664 389 ea,
698 353 794 392 quae
815 339 917 392 fingi
938 343 1129 392 possent,
1161 340 1464 392 coniunxisset,
1495 341 1650 383 deinde

62 412 276 465 duplicem
308 410 690 463 interrogationem
722 410 987 460 subiecisset,
1020 411 1081 452 ita
1112 413 1160 452 ut
1191 425 1310 466 quem
1331 411 1569 464 pertineret
1588 412 1650 453 ’ἃᾶ

61 484 178 536 prius
217 481 322 534 (arc.
363 479 450 534 aa),
500 480 556 520 ad
594 494 712 535 quem
751 483 896 522 autem
935 481 991 522 ad
1031 482 1214 522 alterum
1254 480 1389 535 (nunt.
1430 480 1520 534 m.),
1567 483 1650 524 hoc

59 566 146 595 non
184 553 399 594 intellecto
439 552 625 605 aliquem
665 552 796 604 priori
836 552 950 604 parti
989 565 1114 593 suam
1151 552 1532 605 interrogationem
1571 552 1650 593 ad-

60 624 321 677 iungendam
352 625 543 676 putasse.
556 618 590 674 ¹)
638 621 684 663 C.
708 622 778 671 45,
816 622 898 662 132
930 622 1173 675 legebatur:
1207 637 1341 664 nonne
1366 624 1501 678 quivis
1516 628 1651 677 potest

61 694 300 749 intelliyere,
333 695 515 735 omnium
548 693 815 734 architectum
847 697 884 733 et
906 693 1232 739 machinatorem
1255 707 1385 734 anum
1409 707 1492 734 esse
1519 693 1650 749 Chry-

59 764 287 820 soyonum?
315 765 386 819 qui
416 763 509 805 Sex.
544 763 686 804 Roscii
718 777 864 804 nomen
894 763 1168 816 deferendum
1200 764 1396 805 curavit?
1433 764 1507 805 hoc
1538 764 1649 805 iadi-

60 837 181 888 ciam‚
221 836 339 876 cuius
368 835 536 876 honoris
568 848 697 875 causa
730 848 928 875 accusare
958 848 1000 875 se
1031 834 1140 875 dixit
1172 834 1389 876 Erucius?
1432 835 1546 876 Nihil
1585 838 1650 876 est

59 910 206 948 autem
245 907 448 960 apertius,
497 919 628 958 quam
670 906 787 946 cuius
826 905 978 946 eodem
1017 905 1146 946 modo
1184 906 1334 947 referri
1374 907 1430 947 ad
1472 906 1649 960 Chryso-

56 991 221 1033 yonum,
261 990 345 1030 quo
377 978 460 1031 qai,
504 976 833 1029 enumerarique
864 989 941 1028 per
971 976 1163 1017 relativae
1202 977 1429 1018 sententiae
1462 977 1648 1018 formam

59 1061 122 1098 ea,
163 1061 186 1089 e
219 1047 373 1101 quibus
404 1047 449 1088 id
479 1047 752 1099 intelligatur,
794 1046 910 1098 quod
941 1046 1116 1100 intelligi
1149 1047 1297 1088 Cicero
1330 1048 1436 1088 dixit
1476 1048 1649 1101 (seque-

58 1120 217 1160 bantur
249 1117 359 1159 enim
394 1118 538 1170 plures
572 1117 765 1158 eiusdem
792 1118 959 1171 generis
984 1119 1223 1167 sententiae,
1257 1119 1331 1158 ubi
1357 1131 1471 1159 nunc
1495 1119 1646 1160 lacuna

59 1187 252 1242 excipit);
292 1188 437 1241 itaque
468 1189 648 1229 turbant
679 1187 918 1229 orationem
952 1188 1141 1240 alioquin
1173 1188 1301 1240 plane
1332 1189 1545 1242 integram
1578 1189 1651 1230 illa

63 1260 198 1301 verba
228 1259 302 1300 hoc
331 1259 549 1309 iudicium,
584 1272 635 1300 ex
667 1258 823 1312 quibus
856 1258 1105 1307 Lambinus,
1140 1259 1211 1310 qui
1235 1261 1440 1301 orationis
1465 1260 1651 1301 formam
1671 1269 1722 1295 140

62 1331 241 1381 viderat,
288 1329 589 1382 interpolando
628 1329 769 1370 effecit
809 1329 1002 1370 inutilem
1042 1331 1273 1383 superioris
1313 1331 1540 1371 sententiae
1581 1343 1649 1372 re-

56 1402 308 1455 petitionem
347 1399 436 1455 (qui
473 1399 546 1440 hoc
584 1399 789 1440 iudicium
828 1399 1052 1453 conflavit).
1115 1401 1201 1442 Sed
1242 1401 1323 1442 illis
1362 1401 1505 1442 verbis
1546 1414 1648 1442 con-

55 1473 214 1513 tinetur
253 1470 474 1512 annotatio
515 1470 692 1512 alicuius
725 1471 952 1521 monentis,
992 1473 1178 1513 nominis
1219 1472 1351 1513 delati
1383 1473 1647 1513 mentionem

56 1543 112 1585 ad
142 1543 224 1584 hoc
255 1542 397 1594 ipsum
436 1542 640 1582 iudicium
679 1542 909 1594 pertinere.
972 1542 1201 1584 Extremus
1242 1542 1297 1583 sit
1337 1555 1389 1583 ex
1428 1544 1510 1584 hac
1548 1556 1647 1584 ora-

54 1615 170 1655 tione
201 1613 333 1662 locus,
367 1612 439 1664 qui
463 1625 497 1652 c.
523 1612 593 1662 47,
632 1612 711 1653 136
744 1612 805 1653 ita
836 1613 962 1666 vulgo
995 1613 1179 1666 scriptus
1214 1615 1375 1654 exstat:
1413 1613 1515 1664 Quis
1539 1614 1648 1653 enim

56 1688 158 1737 erat,
191 1684 262 1738 qui
293 1696 375 1723 non
405 1682 575 1735 videret,
614 1683 892 1724 hmnilitatem
924 1698 1016 1724 cam
1048 1684 1254 1738 diym‘tate
1287 1684 1337 1724 de
1370 1683 1648 1737 amplitudine

54 1753 324 1796 contendere?
367 1754 476 1795 mira
517 1754 724 1795 oratione.
788 1754 931 1804 Quum
972 1755 1086 1796 enim
1126 1754 1345 1796 humilitas
1387 1758 1430 1796 et
1461 1755 1649 1809 difflatas

54 1827 114 1867 ita
144 1827 373 1878 ponantur,
415 1826 461 1865 ut
493 1826 639 1877 partes
671 1824 788 1877 ipsae,
838 1839 935 1878 quae
968 1826 1205 1875 certabant,
1253 1828 1470 1875 notentur,
1519 1826 1647 1878 plane

55 1896 247 1938 eiusdem
273 1896 440 1948 generis
472 1895 745 1945 Vocabulum,
780 1896 1024 1950 amplitudo,
1058 1896 1332 1938 vitiosissime
1364 1897 1424 1938 ita
1456 1897 1644 1945 additur,

53 1971 101 2009 ut
130 1980 306 2020 prorsus
339 1967 421 2007 alio
453 1966 582 2008 modo
616 1966 795 2007 dicatur.
859 1967 1021 2008 Deinde
1054 1980 1257 2020 perverse
1297 1968 1408 2008 inter
1447 1980 1493 2008 se
1532 1967 1644 2008 refe-

52 2040 205 2079 runtur
235 2037 451 2078 humilitas
483 2039 526 2078 et
557 2037 756 2091 diynitas,
807 2051 903 2090 quae
946 2038 1171 2079 contrariae
1211 2051 1299 2079 non
1338 2041 1458 2087 sunt3
1505 2051 1646 2092 neque

55 2110 167 2150 enim
200 2108 385 2163 diqnsitas
415 2108 476 2148 ita
507 2107 705 2149 absolute
737 2109 922 2161 ponitur,
963 2121 1043 2149 nec
1074 2109 1270 2149 homines
1304 2112 1405 2150 sunt
1437 2110 1565 2162 digni,
1598 2114 1646 2150 ut

52 2180 255 2228 humiles;
303 2191 382 2219 nec
413 2178 633 2219 humilitas
667 2179 719 2219 de
752 2179 1035 2231 amplitudine
1069 2182 1234 2221 certare
1266 2182 1456 2233 poterat:
1503 2193 1645 2233 neque

54 2251 167 2292 enim
212 2263 405 2303 unquam
444 2249 606 2290 habere
639 2263 735 2290 eam
768 2252 925 2302 potest.
989 2251 1224 2292 Contrariae
1274 2253 1375 2292 sunt
1421 2251 1643 2292 humilitas

53 2324 95 2363 et
127 2321 377 2374 amplitudo,
410 2320 592 2361 humiles
624 2321 820 2362 homines
846 2324 888 2361 et
917 2321 1192 2374 amplissimi3
1225 2322 1253 2362 ii
1286 2322 1524 2372 certabant,
1558 2323 1641 2363 utri

52 2393 147 2445 plus
179 2394 369 2445 possent.
433 2392 643 2433 Tollenda
680 2393 827 2444 itaque
875 2394 969 2432 erat
1015 2392 1234 2447 ctiynitatis
1280 2406 1375 2441 VOX,
1425 2393 1644 2445 adscripta

53 2463 109 2504 ad
140 2462 433 2516 amplitudinis
464 2475 623 2504 nomen
661 2462 849 2504 barbare
889 2463 1276 2515 interpretandum,
1327 2463 1482 2504 deinde
1523 2463 1641 2504 illata

52 2533 95 2574 in
126 2534 379 2575 orationem.
443 2534 585 2575 Sensit
616 2534 812 2583 fortasse,
846 2546 933 2574 non
966 2534 1149 2584 sustulit,
1183 2535 1514 2586 perversitatem
1546 2533 1640 2574 vul-

53 2606 162 2657 gatae
204 2605 446 2657 scripturae,
495 2605 688 2658 quisquis
728 2606 878 2646 auctor
917 2604 997 2645 fuit
1036 2604 1133 2657 (nisi
1171 2605 1206 2646 is
1248 2618 1372 2646 casus
1414 2602 1494 2656 est)
1536 2604 1640 2653 eius,

54 2688 183 2727 quam
215 2676 259 2716 in
290 2688 377 2716 una
414 2675 634 2728 alteraque
674 2676 860 2716 editione
898 2675 996 2725 vidi,
1046 2690 1135 2716 cum
1175 2675 1378 2730 ctiqnitate
1419 2680 1454 2716 et
1494 2676 1643 2728 amipli-

54 2744 208 2785 tudine.

91 2894 118 2939 1)
145 2895 340 2941 [Sequendi
367 2902 469 2932 erant
495 2898 706 2943 integriores
730 2898 905 2933 Prisciani
932 2899 1089 2933 codices:
1118 2904 1155 2932 at
1181 2909 1224 2932 ex
1251 2904 1313 2932 aut
1340 2902 1470 2932 ortum.
1523 2896 1640 2940 1834]

1338 2956 1360 2990 8
