1915 3235
939 120 1023 161 746

174 250 324 305 populi
356 263 509 303 poenas
541 249 603 290 rei
636 249 822 302 publicae
854 249 1122 302 pependerit,
1156 249 1293 290 multo
1321 250 1464 290 minus
1488 250 1533 290 in
1559 249 1651 291 aliis
1685 263 1781 291 eam

175 322 315 375 legem
348 321 537 362 obstare.
602 321 664 361 Ex
698 333 761 370 eo,
798 320 915 372 quod
948 320 1168 361 Gracchus
1201 321 1319 361 iussu
1350 320 1498 373 populi
1529 320 1782 363 interfectus

176 395 303 443 05501,
337 405 442 433 sane
475 405 562 434 non
597 391 880 440 efficiebatur,
915 391 968 432 de
1001 391 1095 432 aliis
1127 392 1291 432 iniussu
1313 391 1462 444 populi
1494 405 1648 444 poenas
1671 391 1784 433 sumi

175 461 366 518 posse.¹)

293 535 360 585 IV,
406 534 459 575 13
500 534 669 584 retinui,
719 533 837 586 quod
875 535 1018 583 antea,
1068 533 1256 585 probata
1295 532 1480 574 Ernestii
1521 533 1782 584 coniectura,

175 607 418 648 edideram:
468 618 517 646 ne
567 628 619 632 —
670 604 835 659 aliquid
881 605 1066 645 severius
1112 604 1305 645 statuisse
1351 603 1595 645 videamini.
1670 604 1783 645 Nam

175 691 309 731 quum
343 677 384 717 in
419 676 512 717 aliis
547 675 766 716 codicibus
801 673 954 728 (bisw)
988 675 1042 716 sit
1072 676 1200 716 nimis
1233 675 1398 730 aliquid
1429 688 1577 725 severe,
1612 674 1657 715 in
1689 674 1783 716 aliis

173 748 311 803 (rtua
343 747 627 800 plurimisque
669 744 900 799 praeterea)
938 746 1066 787 nimis
1106 746 1271 801 aliquid
1310 747 1505 796 severius,
1554 746 1636 787 hoc
1676 759 1783 798 quo-

174 820 305 861 modo
338 832 390 860 ex
422 818 493 859 illo
526 817 647 858 nasci
679 817 880 870 potuerit,
926 830 1013 858 non
1045 817 1256 870 intellig03
1299 819 1448 858 contra
1482 829 1616 868 quum
1648 816 1783 869 scrip-

173 893 267 932 tum
301 891 434 931 esset:
483 902 534 929 ne
576 911 627 915 ——
670 888 835 942 aliquid
876 889 1071 939 severius,
1120 889 1214 929 fieri
1246 888 1440 941 potuisse
1473 886 1613 937 video,
1662 889 1709 928 ut
1740 886 1785 928 id

174 961 470 1003 declararetur
502 959 630 1000 nimis
661 972 810 1007 severe,
843 959 887 1000 in
908 962 1033 1012 parte
1055 961 1204 1000 tamen
1227 958 1436 1008 codicum,
1472 957 1619 998 addito
1641 958 1780 1008 nimis,

174 1033 434 1074 retineretur
466 1031 662 1071 severius.
676 1026 710 1081 2)

293 1102 340 1143 111
382 1101 577 1142 oratione
602 1114 685 1154 pro
725 1100 889 1141 Archia
930 1101 1087 1142 codicis
1127 1099 1452 1142 Gemblacensis
1494 1099 1664 1141 collatio
1703 1101 1784 1142 etsi

173 1176 298 1227 grata
331 1186 425 1214 esse
461 1172 605 1221 debet,
656 1172 859 1224 exiguum
902 1174 1052 1213 tamen
1091 1171 1300 1213 momenti
1333 1171 1434 1212 fecit
1467 1171 1523 1211 ad
1557 1173 1782 1212 contextus

174 1245 360 1286 formam
394 1243 667 1284 mutandam.
719 1243 766 1283 In
800 1256 886 1284 uno
919 1245 962 1283 et
994 1243 1130 1284 altero
1163 1243 1257 1284 loco
1291 1241 1549 1283 coniecturae
1583 1242 1782 1283 subnatae

173 1318 274 1357 sunt
307 1315 514 1368 speciosae
546 1327 626 1354 nec
659 1318 807 1354 tamen
840 1327 948 1366 quas
990 1314 1033 1354 in
1078 1315 1173 1366 ipsa
1216 1314 1410 1354 oratione
1453 1326 1614 1366 ponere
1645 1314 1781 1355 aude-

173 1400 280 1428 rem.
343 1385 472 1426 Velut
504 1384 526 1436 3¹
559 1385 586 1425 4
619 1398 698 1437 pro
730 1387 934 1437 suspecto
974 1385 1045 1426 illo
1086 1385 1273 1426 celei-iter
1313 1384 1553 1425 antecellere
1592 1384 1782 1426 omnibus

175 1481 230 1486 ·——
269 1457 439 1511 contiyit
481 1455 626 1496 nescio
673 1469 729 1496 an
771 1455 1024 1508 simpliciter
1063 1457 1184 1510 coepit
1225 1456 1503 1497 scribendum
1547 1456 1615 1497 sit.
1692 1455 1781 1508 [Sic

173 1530 261 1570 iam
295 1525 694 1579 Stuerenburgius]
759 1525 781 1578 ἓ
815 1526 855 1575 9,
890 1526 963 1567 111)1
998 1526 1158 1567 editur:
1205 1526 1288 1567 His
1326 1527 1458 1581 {qitzar
1497 1527 1656 1568 tabulis
1687 1528 1779 1568 md-

174 1601 256 1641 lam
307 1600 480 1640 lituram
529 1599 575 1638 ins
622 1598 787 1656 immine
834 1597 888 1638 A.
931 1597 1091 1638 Licinii·
1137 1598 1304 1648 videtis,
1359 1598 1562 1650 quoniam
1613 1598 1781 1640 codices

172 1671 338 1712 habent
369 1683 530 1713 nomen,
565 1668 843 1709 scribendum
877 1668 1068 1710 videtur:
1105 1669 1188 1710 His
1210 1670 1342 1723 ifflsstm·
1363 1668 1517 1709 tabulis
1538 1670 1646 1710 sine
1670 1670 1781 1710 ulla

173 1743 306 1783 litura
346 1754 494 1782 nomen
532 1740 587 1780 A.
621 1739 782 1780 Licinii
825 1740 992 1789 videam
1041 1741 1198 1781 rectius
1248 1740 1361 1781 enim
1410 1740 1572 1781 iudices
1620 1753 1781 1782 nomen

172 1813 399 1866 perspicue
433 1812 641 1864 scriptum
676 1811 817 1852 videre
851 1811 1051 1852 dicuntur
1084 1825 1217 1864 quam
1249 1811 1413 1852 nullam
1439 1811 1627 1852 lituram.
1677 1810 1699 1863 ξ
1727 1812 1782 1853 10

172 1885 216 1925 111
248 1884 314 1924 1115
348 1884 511 1924 Verbis:
560 1883 702 1924 multis
743 1906 795 1909 —
835 1883 1022 1937 yrdtuito
1060 1883 1266 1923 civitatem
1305 1883 1352 1922 in
1386 1881 1555 1922 Graecia
1596 1882 1781 1923 homines

171 1954 465 2009 impertiebant
497 1953 658 2006 aliquid
692 1953 782 1994 vitii
816 1966 910 1994 esse
944 1956 1109 1994 certum
1145 1956 1210 1994 est
1242 1955 1285 1994 et
1316 1953 1402 1994 iam
1436 1953 1492 1994 ab
1526 1953 1619 1994 aliis
1652 1953 1778 1994 intel-

172 2026 332 2066 lectum
366 2038 499 2078 quum
535 2038 557 2065 e
591 2025 788 2066 codicum
822 2024 1010 2077 vestigiis
1034 2024 1222 2077 (Gembl.
1243 2029 1397 2078 yrcwdt
1420 2025 1463 2064 in
1486 2024 1780 2077 superscripto

172 2098 238 2138 uel
269 2097 468 2151 mamito,
503 2096 590 2137 Erf.
626 2096 693 2136 uel
723 2096 909 2149 ffrdtzcito
929 2100 1096 2150 yrdvdt7
1129 2095 1346 2136 Pithoean.
1377 2096 1564 2149 yratmtto
1594 2094 1779 2150 mavolt),

213 2247 239 2291 ¹)
268 2247 404 2292 [Aliam
443 2249 691 2283 coniecturam
731 2249 776 2282 ad
816 2249 910 2282 hanc
948 2249 1217 2292 paragraphum
1259 2247 1524 2292 pertinentem,
1563 2247 1778 2282 translatam

267 2312 393 2352 postea
419 2309 455 2342 in
483 2308 574 2342 Adv.
603 2307 687 2342 Crit.
716 2308 784 2341 vol.
813 2308 845 2341 ΙΙ
870 2319 904 2351 p.
932 2307 1012 2348 208,
1039 2307 1097 2341 hic
1123 2305 1256 2350 omisi]

209 2365 239 2408 2)
266 2368 317 2401 Ex
342 2367 442 2410 praef.
470 2368 524 2401 ed.
553 2367 590 2401 6:
630 2367 686 2408 IV,
723 2366 767 2399 13
801 2371 864 2400 aut
898 2366 979 2400 add.
1014 2366 1172 2410 Siesbye,
1211 2369 1290 2400 ‘im-e
1316 2366 1358 2400 A.
1386 2366 1582 2400 Eberhard.
1610 2365 1778 2400 Halmius

268 2426 346 2460 illa:
386 2438 495 2470 quum
528 2438 635 2460 avum
666 2437 773 2460 suum
806 2450 812 2456 .
841 2452 848 2459 .
877 2452 883 2459 .
917 2427 1011 2459 dixit
1043 2426 1092 2459 ita
1126 2425 1357 2468 interpretari
1390 2425 1550 2459 videtur:
1589 2426 1708 2458 indam
1740 2435 1779 2458 er

268 2490 378 2528 saqte,
405 2487 491 2518 dass
520 2512 526 2519 .
555 2512 562 2519 .
591 2498 616 2526 .;
644 2485 707 2519 sed
734 2496 807 2518 non
834 2484 940 2518 credo
966 2484 1044 2518 fieri
1070 2496 1187 2528 posse,
1215 2488 1254 2518 ut
1282 2484 1319 2518 in
1345 2485 1413 2518 hac
1440 2483 1613 2518 orationis
1640 2483 1775 2518 forma:

269 2556 376 2588 quum
407 2571 413 2577 .
435 2571 441 2577 .
462 2570 469 2577 .
496 2546 600 2586 delcit,
627 2555 737 2587 quum
764 2570 770 2577 .
792 2570 799 2577 .
819 2571 826 2578 .
854 2545 947 2577 dixit
972 2543 1072 2587 prius
1099 2556 1209 2588 quum
1234 2547 1379 2588 tempus
1405 2542 1592 2587 significet,
1619 2542 1777 2576 alterum

268 2604 432 2643 modum,
465 2613 531 2636 nec
564 2602 780 2636 indicativus
807 2603 920 2636 altero
947 2603 1026 2636 loco
1053 2602 1197 2636 defendi
1224 2613 1329 2646 posse
1355 2602 1514 2642 videtur;
1554 2601 1583 2636 si
1609 2601 1698 2635 illud
1725 2601 1777 2635 Ci-

269 2673 351 2696 cero
384 2662 569 2702 voluisset,
609 2661 686 2695 sine
720 2660 830 2695 dubio
862 2661 1080 2705 scripsisset:
1119 2673 1230 2705 quum
1256 2688 1263 2695 .
1292 2689 1299 2695 .
1328 2688 1334 2695 .
1362 2663 1493 2695 diceret
1523 2671 1550 2694 s.
1578 2662 1724 2694 adderet
1749 2672 1775 2694 s.

267 2722 484 2764 defenderet;
525 2719 587 2754 cfr.
621 2731 686 2764 pro
713 2720 783 2754 Mil.
812 2719 866 2753 12.
917 2720 1122 2764 Utrumque
1160 2732 1270 2764 quum
1307 2720 1508 2764 temporale
1546 2719 1592 2753 sit
1629 2729 1778 2753 necesse

270 2783 339 2820 est;
379 2783 458 2813 111111
490 2782 614 2812 autem
649 2789 722 2812 non
756 2782 917 2822 apparet,
957 2790 1038 2822 quae
1070 2779 1264 2813 crudelitas
1290 2779 1375 2812 insit
1402 2779 1438 2812 in
1465 2779 1562 2812 caede
1588 2778 1632 2812 M.
1659 2778 1776 2812 Fulvii

269 2838 388 2872 Flacci
413 2837 550 2881 filiique
576 2836 653 2870 eius
679 2836 756 2870 sine
783 2837 858 2871 ulla
884 2838 991 2871 laude
1023 2838 1356 2879 commemoranda,
1396 2848 1508 2881 quare
1540 2840 1637 2871 recte
1668 2837 1775 2870 Eber-

270 2897 406 2930 hardus
438 2898 517 2930 iure
554 2895 728 2929 excidisse
762 2896 966 2939 suspicatus
1000 2899 1064 2931 est.
1115 2897 1291 2931 Restabat
1329 2893 1525 2928 ἀσύνδετον
1563 2896 1622 2929 vix
1660 2895 1775 2930 feren-

269 2956 368 2996 dum,
397 2955 493 2998 quod
520 2954 643 2989 addito
671 2960 733 2988 aut
760 2957 841 2998 post
867 2956 960 2989 dimit
985 2955 1126 2989 sustuli.
