1915 3235
127 965 175 990 151

950 116 1035 156 122

194 250 283 290 lam
324 248 508 290 hominis
556 248 730 297 mentio,
779 248 827 286 ut
873 258 1006 298 supra
1054 244 1245 296 exposui,
1293 243 1375 284 hoo
1422 243 1514 285 loco
1562 257 1656 285 esse
1702 257 1789 286 non

195 321 349 372 potest,
391 318 464 369 rei,
507 332 602 371 quae
636 318 855 359 contineat
887 315 1197 364 defensionem,
1245 316 1402 367 potest.
1464 314 1614 368 Itaque
1644 317 1788 357 trans-

196 390 345 442 positis
379 390 421 429 in
454 389 666 441 scriptura
698 387 964 429 Coloniensis
999 385 1155 427 codicis
1194 385 1358 436 litteris,
1408 399 1504 438 quae
1536 399 1732 439 persaepe
1764 399 1790 428 a

197 460 346 502 scribis
369 461 724 512 transponuntur,
758 458 852 499 haec
877 458 1012 499 oritur
1034 456 1246 509 scriptura
1269 455 1506 498 admodum
1531 456 1789 510 probabilis:

198 545 262 572 res
294 530 468 584 publiea
507 530 700 577 argelem
748 528 826 570 sed
876 527 1008 568 deleri
1055 528 1148 567 tum
1195 526 1546 580 praepositionem
1585 541 1689 569 usus
1727 528 1790 570 lo-

198 602 355 655 quendi
395 602 515 641 iubet
562 599 770 653 (debebat
811 599 966 640 saltem
1009 611 1103 639 esse
1137 596 1194 650 e);
1242 598 1285 638 in
1332 597 1442 639 falsa
1488 598 1791 640 terminatione

196 672 329 721 verbi,
379 673 585 723 sequente
627 671 770 711 littera
812 684 850 720 (ι,
900 669 1090 710 lateatne
1138 681 1378 721 pronomen
1424 669 1531 722 ipsa,
1579 670 1791 711 incertum

198 739 321 794 est.¹)
383 741 518 794 Magis
552 741 759 782 affirmari
792 753 919 793 posse
953 740 1123 781 videtur
1162 739 1215 780 de
1255 739 1392 780 altera
1430 741 1688 790 coniectura,
1737 740 1794 782 ad

196 812 325 853 finem
359 812 564 853 orationis
597 811 853 864 pertinente,
904 824 999 864 quae
1045 811 1176 851 etiam
1219 810 1480 852 Heumanno
1519 812 1563 851 in
1601 813 1792 852 mentem

196 884 327 924 venit.
391 883 596 923 Extrema
628 883 741 923 enim
775 882 989 923 sententia
1022 886 1106 922 est:
1141 881 1318 922 Habetis
1351 896 1442 922 eum
1474 883 1692 934 consulem,
1725 882 1797 938 qui

198 959 234 994 et
272 967 429 1007 parere
476 954 622 994 vestris
669 953 842 994 decretis
888 966 970 993 non
1018 952 1174 993 dubitet
1220 957 1256 993 et
1303 966 1364 1005 ea,
1413 967 1504 1008 quoe
1550 953 1792 1005 statueritis,

198 1025 335 1080 quoccd
366 1026 484 1077 vivet,
527 1024 752 1077 defendere
790 1028 825 1064 et
850 1037 931 1077 per
963 1037 1004 1064 se
1037 1024 1174 1077 ipsum
1198 1028 1409 1077 proestare
1438 1025 1586 1077 possit;
1634 1025 1678 1065 in
1710 1037 1796 1077 qua

198 1096 378 1137 offendit
410 1096 595 1136 editores
627 1094 855 1136 nonnullos
895 1095 1056 1135 rustica
1088 1094 1284 1147 gloriatio
1316 1095 1619 1147 promittentis,
1668 1108 1796 1148 posse

199 1181 242 1209 se
278 1167 460 1216 efficere,
501 1168 544 1207 et
575 1179 652 1219 per
684 1179 729 1207 se
763 1166 905 1218 ipsum
939 1165 1123 1215 efficere,
1163 1179 1217 1206 ne
1250 1166 1344 1218 quis
1377 1179 1440 1215 ea,
1490 1179 1586 1219 quae
1619 1166 1793 1207 decreta

200 1242 356 1288 essent,
390 1238 626 1279 infirmaret
661 1236 738 1290 (sio
763 1238 877 1277 enim
908 1235 1286 1289 interpretantur),
1319 1237 1464 1289 itaque
1489 1236 1675 1286 fuerunt,
1710 1236 1795 1289 qui,

201 1310 314 1363 quod
347 1310 389 1350 in
423 1309 568 1350 codiee
601 1308 844 1350 Coloniensi
888 1310 930 1348 et
970 1308 1052 1348 alio
1092 1308 1299 1360 scriptum
1332 1310 1436 1357 erat,
1485 1307 1623 1363 quoad
1646 1308 1792 1361 possit,

200 1382 449 1434 probarent,
498 1380 771 1433 transpositis
805 1379 983 1433 paulum
1016 1379 1181 1428 verbis,
1230 1380 1273 1419 in
1306 1392 1391 1431 qua
1425 1380 1640 1431 scriptura
1663 1379 1798 1432 possit

200 1466 286 1493 non
318 1453 432 1492 reete
466 1464 543 1503 pro
568 1451 724 1503 poterit
755 1450 942 1502 ponitur.
1007 1449 1094 1491 Sed
1134 1450 1190 1490 ad
1222 1450 1308 1490 vim
1342 1450 1462 1491 verbi
1487 1454 1698 1503 preestare
1729 1451 1795 1491 at-

201 1523 467 1564 tendendum
502 1524 578 1571 est,
620 1521 736 1574 quod
776 1521 993 1573 quomodo
1032 1521 1113 1562 hoc
1152 1521 1245 1562 loeo
1277 1522 1467 1573 positum
1500 1523 1626 1571 esset,
1670 1533 1798 1562 nemo

201 1595 413 1635 rationem
452 1588 698 1645 1=eddidit.2)
760 1592 911 1644 Neque
959 1592 1073 1632 enim
1114 1596 1324 1645 prcestare
1371 1605 1563 1645 unquam
1612 1593 1677 1633 est
1723 1593 1799 1633 aut

203 1665 377 1717 exsequi
411 1669 485 1706 aut
518 1666 661 1705 ratum
694 1663 858 1712 faeere;
905 1667 1165 1715 praestamus
1203 1676 1267 1713 ea,
1317 1677 1413 1716 quae
1452 1664 1512 1704 ita
1553 1662 1797 1715 recipimus,

202 1739 249 1777 ut
280 1738 427 1777 nostro
459 1735 649 1788 periculo
686 1747 755 1775 res
796 1735 962 1787 agatur,
1012 1734 1065 1775 de
1105 1734 1260 1786 quibus
1300 1735 1359 1775 ita
1400 1735 1703 1786 promittimus,
1752 1735 1800 1774 ut

203 1808 411 1848 damnum
444 1811 518 1847 aut
561 1819 683 1859 spem
726 1818 812 1846 non
852 1805 1068 1857 expletam
1109 1806 1266 1845 sarcire
1309 1805 1562 1846 debeamus.
1624 1805 1798 1857 Prospi-

203 1878 397 1920 ciebatur
430 1891 455 1918 a
488 1877 691 1918 Cicerone
738 1879 780 1917 et
819 1878 972 1917 senatu
1011 1889 1098 1917 non
1138 1875 1369 1917 difficultas
1409 1876 1470 1916 rei
1513 1875 1800 1928 exsequendae

202 1962 426 2002 poenaeque
460 1949 513 1989 de
546 1948 778 1989 Coniuratis
821 1947 1058 1997 sumendae,
1108 1947 1184 1987 sed
1222 1947 1382 1987 invidia
1421 1947 1464 1987 in
1502 1949 1724 2000 posterum
1758 1948 1800 1987 et

204 2021 346 2061 nimiae
379 2019 619 2060 severitatis
653 2019 828 2059 crimen.
876 2018 967 2059 Iam
1001 2019 1072 2071 qui
1104 2031 1195 2058 rem
1230 2018 1450 2059 decretam
1483 2020 1613 2071 atque
1639 2017 1801 2058 factam

204 2093 263 2133 ita
311 2090 521 2138 defendit,
578 2092 626 2131 ut
673 2102 849 2130 causam
897 2100 1021 2128 suam
1069 2088 1222 2138 faeiat,
1280 2092 1522 2139 certamen,
1579 2088 1799 2138 invidiam,

203 2176 394 2216 poenam,
443 2163 478 2202 si
519 2174 603 2213 qua
643 2160 708 2208 sit,
757 2173 844 2200 non
875 2159 920 2199 in
953 2159 1058 2199 alios
1090 2159 1266 2209 reiieiat,
1316 2160 1393 2200 sed
1424 2161 1516 2212 ipse
1549 2159 1715 2209 subeat,
1764 2158 1798 2199 is

205 2247 301 2274 eam
335 2234 526 2286 praestat.
576 2231 638 2271 Ita
671 2230 778 2270 dixit
800 2229 948 2271 Cicero
976 2243 1054 2282 pro
1077 2230 1186 2270 Sest.
1211 2244 1244 2271 e.
1272 2231 1338 2277 16,
1373 2231 1449 2272 38:
1484 2244 1532 2271 ea
1564 2229 1801 2270 condicione

203 2317 425 2359 yesseram‚
469 2307 513 2343 ut
551 2314 686 2341 meum
724 2300 886 2353 factum
918 2314 1079 2354 semper
1110 2314 1248 2342 omnes
1275 2306 1482 2354 proestare
1513 2302 1699 2356 tuerique
1731 2300 1798 2341 de-

207 2375 356 2425 berem,
391 2377 433 2414 et
459 2373 514 2414 ad
538 2372 746 2423 Quintum
769 2372 964 2414 Fratrem
991 2373 1020 2423 I,
1058 2373 1094 2423 1,
1129 2386 1163 2414 e.
1187 2372 1215 2412 4
1238 2371 1260 2424 ἓ
1289 2373 1360 2413 12.
1395 2373 1543 2413 horum
1572 2386 1654 2412 non
1682 2371 1802 2412 modo

203 2445 336 2498 facta
384 2444 454 2485 sed
502 2445 625 2483 etiam
672 2442 786 2483 dicta
833 2445 974 2484 omnia
1006 2442 1257 2497 prestanda
1300 2443 1415 2484 nobis
1452 2448 1559 2484 sunt.
1573 2440 1608 2495 3)
1670 2443 1717 2484 Id
1749 2456 1793 2484 se

243 2595 271 2639 ¹)
298 2596 383 2640 [Cfr.
411 2597 506 2631 infra
531 2598 599 2631 vol
627 2597 658 2630 ΙΙ
684 2608 717 2641 p
744 2596 812 2630 337
840 2597 894 2631 ed.
923 2594 992 2640 pin]

243 2655 271 2699 ²)
298 2657 417 2690 Sensit
443 2656 695 2690 difficultatem
723 2656 939 2690 Schellerus.

245 2713 274 2757 ³)
299 2716 413 2756 Patet,
440 2726 513 2748 non
539 2715 644 2758 longe
670 2715 796 2749 abesse
830 2714 924 2749 hanc
950 2714 1058 2749 huius
1085 2691 1184 2749 verbi
1210 2714 1511 2758 significationem
1544 2715 1589 2748 ab
1616 2725 1669 2755 ea,
1704 2713 1801 2748 unde

302 2775 420 2809 omnis
458 2774 535 2808 eius
572 2784 659 2808 usus
698 2773 895 2808 translatus
929 2774 1129 2808 deducitur.
1180 2773 1232 2807 Ac
1269 2773 1400 2814 neseio,
1439 2784 1485 2807 an
1524 2773 1651 2807 eodem
1688 2772 1797 2806 modo

301 2834 424 2868 Cicero
462 2833 498 2867 in
536 2833 705 2867 Pisonem
740 2843 768 2866 e.
795 2831 851 2873 32,
890 2832 935 2866 80
968 2833 1115 2874 dixerit,
1155 2832 1371 2876 Pompeium
1408 2837 1554 2866 senatus
1590 2832 1799 2865 sententiam

297 2882 486 2937 praestare,
525 2895 565 2926 ut
596 2891 771 2936 scriptum
804 2895 858 2925 est
890 2891 925 2925 in
962 2891 1082 2926 codiee
1109 2891 1360 2936 antiquissimo
1386 2890 1633 2934 palimpsesto,
1673 2889 1707 2923 id
1735 2892 1800 2931 est,

302 2964 405 2987 suam
432 2953 561 2993 facere,
587 2951 791 2992 defendere,
818 2950 1032 2985 auctoritate
1058 2951 1169 2989 tueri;
1197 2950 1273 2985 eius
1292 2950 1389 2993 quod
1407 2950 1514 2993 vulgo
1531 2949 1672 2993 legitur,
1698 2959 1796 2983 sena-
