1915 3235
855 125 938 167 561

102 256 184 298 hoc
217 259 295 306 est,
335 255 438 308 quid
470 268 523 296 ex
554 255 755 296 omnibus
789 254 879 297 eius
912 254 1066 298 factis?
1112 255 1294 297 Prorsus
1333 255 1448 297 idem
1486 257 1694 299 mendum

102 327 148 368 in
179 325 332 367 eadem
364 325 569 367 orationis
602 325 741 367 forma
773 325 945 378 irrepsit
975 326 1019 366 in
1050 327 1185 367 verba
1216 326 1272 368 M.
1297 326 1486 377 Antonii,
1520 341 1616 380 quae
1642 341 1696 369 ex

103 397 195 438 eius
226 395 377 437 litteris
409 386 574 449 profert
612 396 760 437 Cicero
800 397 845 437 in
883 397 1078 438 oratione
1109 396 1294 450 Philipp.
1327 396 1423 437 XIII
1454 396 1477 449 ἕ
1511 398 1579 448 34,
1620 399 1696 440 ubi

101 467 261 509 editur:
310 466 501 521 Denique
547 466 649 521 quid
692 481 773 508 non
822 472 895 508 aut
933 467 1190 521 probavistis
1236 471 1308 508 aut
1344 467 1532 520 fecistis?
1586 468 1697 520 Quid

103 538 254 592 faciat,
296 538 334 578 si
364 537 583 578 reviviscat
618 537 692 578 Coi.
726 538 946 593 Pompeius
976 538 1092 592 ipse?
1135 537 1332 579 Ridicule
1370 540 1602 591 utrumque
1633 540 1696 580 in-

106 610 366 661 terrogatum
413 620 514 648 nam
557 621 637 649 nec
679 610 824 650 omnia
866 610 1041 650 omnino
1083 611 1305 650 senatores
1344 610 1583 661 probarant
1622 613 1697 651 aut

103 679 307 728 fecerant,
355 691 435 719 nec
476 678 569 720 illos
611 679 795 732 urgebat
834 679 974 720 inanis
1015 678 1195 732 quaestio
1228 679 1281 720 de
1314 679 1534 721 voluntate
1566 681 1697 722 Pom-

107 749 205 803 peii,
238 749 273 790 si
295 748 582 790 revivisceret.
629 749 706 791 Illa
736 762 808 791 eos
840 750 1118 802 interrogatio
1150 749 1391 803 premebat,
1426 763 1511 803 qua
1543 764 1697 804 argue—

104 821 276 869 bantur,
325 832 459 872 quum
492 819 675 861 Caesaris
708 823 805 862 acta
836 834 881 862 se
914 823 1160 862 servaturos
1193 821 1420 870 iurassent,
1469 821 1614 863 omnia
1647 835 1697 864 ea

107 891 188 944 ipsi
219 891 384 940 fecisse,
418 903 515 943 quae
546 891 778 944 Pompeius
811 891 1003 932 facturus
1035 892 1200 941 fuisset,
1234 893 1268 932 si
1293 891 1474 933 viveret:
1508 892 1699 948 Denique

107 961 209 1017 qaid
239 974 322 1002 non
353 966 426 1002 aat
454 961 706 1014 probavistis
738 966 810 1003 aat
838 962 1010 1015 fecistis,
1051 962 1179 1017 qaod
1207 962 1357 1015 faciat,
1397 963 1435 1004 si
1465 964 1696 1017 reviviscat,

111 1032 185 1074 Cn.
218 1032 439 1086 Pompeias
469 1032 585 1086 ipse?

222 1103 306 1144 Uni
350 1105 562 1156 praeterea
611 1103 703 1144 1000
751 1103 996 1144 coniectura
1039 1103 1268 1144 subvenire
1316 1105 1526 1154 conabor3
1574 1105 1608 1146 is
1656 1106 1699 1147 in

106 1175 239 1215 satira
272 1174 439 1214 decima
472 1175 548 1223 est,
582 1187 709 1214 versu
741 1173 810 1215 55.
873 1175 984 1215 Nam
1018 1174 1226 1226 exposito,
1264 1187 1394 1226 quam
1427 1188 1562 1228 prava
1595 1180 1695 1218 vota

106 1244 302 1285 homines
345 1244 600 1297 concipiant,
649 1257 780 1297 quam
823 1245 963 1286 stultis
1007 1244 1209 1298 precibus
1253 1244 1357 1286 deos
1397 1245 1590 1298 fatigent,
1639 1247 1699 1288 sic

108 1320 238 1368 poeta
268 1315 381 1356 hanc
413 1317 583 1368 partem
617 1314 851 1356 concludit:

378 1421 488 1474 Ergo
521 1434 790 1474 supervacua
822 1423 897 1462 aut
929 1420 1169 1473 perniciosa
1201 1423 1419 1474 petuntur,

377 1492 560 1544 Propter
592 1505 689 1545 quae
721 1492 787 1534 fas
820 1495 885 1533 est
916 1505 1058 1545 genua
1089 1491 1282 1532 incerare
1316 1492 1508 1533 deorum.

107 1598 244 1639 Velim
287 1598 408 1648 scire,
457 1599 673 1651 quomodo
715 1599 809 1639 haec
847 1600 911 1640 tot
955 1597 1139 1639 editores
1181 1602 1221 1639 et
1254 1599 1510 1651 interpretes
1542 1599 1700 1640 tolera-

106 1669 245 1709 verint
277 1682 327 1710 ac
359 1672 449 1710 tam
484 1669 624 1710 facilia
656 1669 861 1722 putarint,
900 1671 949 1710 ut
988 1670 1169 1710 verbum
1203 1670 1368 1710 nullum
1403 1670 1456 1710 de
1488 1671 1700 1712 sententia

106 1740 313 1781 facerent.
360 1740 472 1780 Nam
506 1739 660 1789 dicere,
694 1740 759 1781 fas
793 1753 886 1781 esse
919 1753 1059 1792 genua
1093 1740 1273 1781 deorum
1305 1740 1498 1782 incerare
1526 1744 1702 1794 propter

109 1823 178 1860 ea,
228 1824 324 1863 quae
371 1824 641 1864 supervacua
689 1813 732 1852 et
777 1810 1017 1864 perniciosa
1066 1812 1171 1859 sint,
1227 1824 1324 1864 quae
1372 1813 1437 1852 est
1484 1811 1702 1853 amentia?

107 1881 247 1922 Ironia
279 1882 439 1931 autem,
490 1895 574 1934 quo
613 1895 700 1923 non
740 1881 890 1923 dubito
923 1881 1026 1933 quin
1060 1878 1389 1934 confugiatur¹),
1440 1882 1577 1934 qualis
1609 1883 1702 1923 haec

110 1953 187 2001 est,
226 1954 275 1992 ut
307 1952 635 2005 simplicissimae
675 1953 868 1993 Veritatis
908 1952 1165 2004 professioni
1199 1951 1475 2006 (supervacua
1508 1958 1580 1993 aut
1604 1967 1703 2007 per-

110 2021 286 2075 niciosa)
334 2036 411 2075 per
457 2023 685 2064 relativum
732 2024 991 2076 adiungatur
1039 2024 1331 2064 contrarium?
1386 2023 1534 2064 Laudo
1576 2023 1703 2076 igitur

109 2093 383 2146 Rupertium,
417 2096 547 2146 atque
581 2107 630 2135 eo
662 2094 812 2146 magis,
847 2094 962 2146 quod
995 2106 1111 2146 saepe
1144 2094 1230 2134 iam
1263 2094 1544 2146 grammatice
1570 2095 1702 2136 inter—

109 2164 309 2217 pretandi
341 2167 418 2205 aut
450 2167 566 2206 certa
606 2165 772 2206 ratione
813 2169 855 2205 et
886 2164 1066 2205 firmiter
1108 2165 1197 2205 veri
1240 2164 1525 2217 investigandi
1566 2168 1702 2206 artem

113 2234 151 2275 ei
183 2234 370 2276 defuisse
403 2237 581 2288 questus
614 2248 724 2285 sum,
758 2235 901 2285 laudo,
935 2236 1126 2287 inquam,
1161 2235 1276 2287 quod
1308 2235 1377 2276 hic
1410 2238 1451 2276 et
1484 2235 1586 2276 alibi
1618 2236 1703 2277 sal-

112 2309 200 2346 tem
232 2305 366 2346 sensit
397 2305 697 2347 difficultatem
731 2309 773 2347 et
804 2306 987 2359 ingenue
1020 2305 1240 2358 professus
1275 2308 1358 2355 est;
1403 2306 1518 2363 quod
1558 2309 1700 2348 autem

112 2375 186 2429 fas
215 2378 368 2427 mutat,
417 2379 465 2417 ut
502 2377 557 2418 sit
595 2390 693 2426 mos,
741 2389 829 2417 non
860 2389 1037 2428 possum
1071 2376 1270 2426 laudare3
1319 2377 1445 2418 nimis
1479 2378 1592 2418 enim
1625 2378 1703 2418 ab·

110 2446 287 2488 surdam
318 2447 599 2500 tautologiam
631 2448 713 2488 hoc
744 2447 897 2487 habet:
952 2447 1215 2499 „perniciosa
1261 2450 1479 2500 petuntur,
1528 2450 1705 2500 propter

113 2530 208 2570 quae
239 2531 334 2559 mos
367 2520 432 2559 est
463 2518 566 2559 deos
598 2518 807 2570 precari“,
840 2517 883 2558 id
916 2520 993 2567 est,
1028 2530 1123 2569 quae
1157 2531 1250 2558 mos
1283 2520 1348 2559 est
1379 2520 1539 2571 petere.
1602 2519 1704 2559 Mihi

114 2601 200 2629 non
233 2588 412 2630 dubium
447 2591 525 2638 est,
559 2589 660 2641 quin
693 2590 870 2641 propter
901 2588 982 2629 hoc
1011 2587 1085 2640 fas
1110 2593 1166 2629 est
1187 2589 1362 2638 librarii,
1396 2602 1483 2630 non
1507 2589 1704 2630 animad-

110 2671 236 2699 versa
268 2659 625 2712 interpunctione,
659 2658 915 2699 infinitivum
948 2659 1074 2699 unius
1107 2658 1260 2700 litterae
1286 2660 1525 2701 mutatione
1550 2660 1703 2700 effece-

112 2728 197 2769 rint
243 2742 295 2770 ex
340 2729 610 2782 imperativo.
687 2728 901 2770 Iuvenalis
949 2729 1077 2779 enim,
1125 2734 1378 2783 postquam,
1429 2730 1531 2783 quid
1577 2730 1703 2783 vulgo

149 2879 179 2921 ¹)
205 2879 386 2926 [Confugit
413 2883 458 2916 ad
485 2893 566 2916 eam
592 2881 832 2916 Heinrichius.
883 2880 1002 2924 1842]

1374 2940 1419 2973 36

1717 1188 1765 1212 201
