1915 3235
813 101 896 142 357

61 250 134 278 cur
166 236 319 285 mallet,
364 233 478 286 quod
509 231 801 274 necessarium
835 232 961 271 esset.
1025 229 1136 269 Tam
1170 227 1254 268 alia
1287 226 1453 267 addunt
1491 225 1534 265 in
1565 224 1652 265 sin-

59 307 167 360 gulis
198 305 391 354 vulnera,
425 317 522 356 quae
554 303 731 355 longum
763 304 829 342 est
861 300 1096 353 explicare3
1130 299 1248 339 velut
1278 298 1322 337 in
1346 295 1492 337 Orellii
1519 294 1653 347 scrip-

58 379 157 418 tura
188 388 364 429 prorsus
396 374 469 415 illa
502 373 728 414 abundant
766 386 892 427 quam
932 371 969 411 ei
1009 369 1270 423 imposuisset
1309 366 1421 420 (quis
1462 367 1654 418 imposu-

60 445 225 499 issetP).
280 445 481 486 Debebat
511 445 737 496 praeterea‚
770 443 854 483 ista
887 441 1060 494 quidem
1094 440 1137 480 in
1169 437 1395 487 sententia,
1430 438 1656 490 imponeret

61 519 143 560 dici
175 517 243 558 vel
273 516 548 570 impositurus
580 518 692 555 esset.
755 513 847 554 Iam
880 512 932 553 de
971 510 1302 563 interpolatione
1342 508 1445 561 quid
1486 507 1655 548 dicam?

60 589 173 630 Nam
204 587 315 628 illius
350 587 414 627 rei
436 585 618 640 publicos
660 585 703 625 in
746 583 964 625 codicibus
1007 595 1061 623 ne
1103 581 1331 622 minimum
1374 578 1548 631 quidem
1592 579 1656 617 est

61 659 302 711 vestigium.
366 656 452 697 Sed
484 658 695 709 praeterea
728 667 891 704 omnes⁷
925 666 978 694 ne
1011 651 1221 694 Lambino
1241 650 1427 703 ‘quidem
1463 651 1655 701 excepto,

60 733 270 782 tanquam
311 727 505 769 codicum
545 726 801 767 auctoritate
847 725 1144 765 firmissimum
1184 723 1258 772 sit⁷
1308 721 1442 762 edunt
1479 720 1516 760 si
1554 719 1659 759 mihi

62 801 150 849 uni,
199 801 241 840 et
287 799 331 839 in
378 811 442 847 eo,
491 810 545 838 ne
586 796 718 837 verbo
751 795 936 850 {quidem
977 794 1136 843 addito,
1187 792 1520 833 fundamentum
1560 789 1657 830 reli-

63 883 248 923 quarum
296 868 640 909 coniecturarum
688 871 874 919 ponunt;
923 879 1024 906 nam
1072 865 1171 906 hinc
1219 863 1512 916 oppositionis,
1562 875 1659 914 quae

64 941 230 989 dicitur,
280 951 412 980 causa
451 940 593 979 ortum
633 940 699 978 est
736 937 842 978 illud
875 938 936 977 rei
960 936 1154 991 publicce.
1217 935 1377 975 Verum
1409 947 1487 986 pro
1519 933 1658 973 tribus

62 1011 143 1052 illis
177 1010 318 1051 Verbis
351 1010 395 1050 in
425 1009 561 1049 Paris.
597 1012 637 1048 et
670 1008 876 1049 Bernensi
909 1013 1090 1059 utroque
1124 1009 1179 1055 et,
1219 1018 1273 1046 ne
1307 1005 1359 1045 de
1393 1004 1659 1045 Gruterianis

64 1081 326 1129 dubitemus,
375 1079 428 1120 de
468 1079 625 1131 quibus
665 1078 757 1131 ipse
796 1080 923 1127 tacet,
973 1079 1016 1118 in
1056 1077 1194 1117 tribus
1234 1075 1402 1116 Oxonn.
1443 1076 1507 1115 est
1548 1074 1658 1114 ueni.

65 1152 179 1193 Tum
211 1152 254 1192 in
286 1151 487 1192 omnibus
521 1163 696 1202 prorsus
730 1149 948 1190 codicibus
982 1151 1047 1189 est
1079 1147 1353 1200 apertissima
1384 1146 1455 1186 illa
1489 1148 1659 1186 contra-

63 1223 226 1264 riorum
257 1220 410 1262 relatio
453 1221 557 1261 mihi
596 1220 802 1261 scmsibilis
839 1233 878 1259 V.
919 1219 1184 1271 insatiabilis,
1231 1218 1318 1258 illis
1349 1230 1389 1257 V.
1424 1217 1487 1256 illi
1518 1216 1660 1256 morti-

62 1292 173 1345 fera,
207 1293 281 1333 ubi
314 1304 464 1332 verum
498 1304 590 1332 esse
613 1291 831 1339 sanabilis,
866 1290 982 1342 quod
1006 1288 1123 1342 [Par.
1148 1288 1209 1341 et]
1233 1289 1474 1329 Beruenses
1497 1287 1662 1327 habent

65 1362 126 1415 (et
157 1363 247 1404 Pal.
282 1362 306 1403 9
341 1375 393 1402 ex
427 1362 743 1411 emendatione,
793 1362 827 1401 si
866 1363 981 1401 recte
1023 1361 1075 1401 de
1109 1360 1201 1401 cod.
1237 1359 1278 1400 S.
1311 1358 1493 1399 Victoris
1526 1358 1661 1398 tradi-

64 1432 165 1486 tur),
199 1434 293 1486 ipsa
326 1433 398 1474 illa
431 1433 617 1474 ostendit
651 1433 801 1485 figura.
862 1431 965 1480 Iam„
1001 1430 1164 1483 opinor,
1205 1429 1466 1470 dilucescere
1500 1428 1661 1480 incipit.

65 1504 227 1545 Inimici
266 1504 380 1544 hanc
415 1504 608 1545 Ciceroni
648 1503 860 1544 ferebant.
909 1505 957 1542 ut
994 1501 1092 1544 dixi,
1143 1500 1451 1548 condicionem,
1501 1502 1549 1539 ut
1588 1501 1662 1539 aut

67 1575 239 1616 cederet
285 1577 361 1615 aut
409 1575 473 1616 bis
522 1575 722 1623 vinceret,
773 1573 959 1626 primum
1001 1572 1210 1613 Clodium.
1261 1571 1416 1611 deinde
1464 1570 1661 1611 consules

67 1645 202 1687 Clodii
241 1646 415 1686 ultores.
479 1645 573 1686 Hac
613 1645 835 1698 proposita
874 1644 1060 1696 optione-
1110 1642 1279 1683 etiamsi
1317 1655 1403 1682 non
1443 1641 1661 1689 discessio,

67 1716 142 1757 sed
175 1717 371 1756 interitus
404 1716 654 1756 subeundus
687 1716 849 1763 fuisset,
883 1715 1122 1767 periturum
1156 1716 1302 1754 tamen
1335 1725 1381 1753 se
1407 1712 1505 1752 dicit
1532 1711 1663 1752 fuisse

67 1788 223 1840 potius,
258 1800 388 1839 quam
422 1792 468 1827 111
502 1787 567 1827 bis
600 1791 688 1827 tam
724 1787 893 1827 funeste
926 1785 1128 1825 vinceret.
1192 1784 1351 1824 Verum
1390 1783 1471 1823 sibi
1504 1783 1547 1822 in
1580 1783 1662 1822 ista

69 1858 330 1898 discessione
362 1871 449 1898 non
481 1858 699 1898 interitum
744 1857 1013 1909 propositum
1060 1856 1192 1895 fuisse
1236 1854 1307 1895 ait.
1357 1854 1433 1894 sed
1474 1853 1660 1906 plagam,

69 1942 200 1982 quam
233 1929 416 1981 glorioso
449 1928 589 1968 reditu
622 1930 823 1968 sanatum
864 1927 913 1968 iri
954 1926 1223 1979 praevideret,
1274 1925 1331 1965 1111
1375 1928 1523 1966 contra
1568 1925 1660 1977 ipsi,

70 1999 141 2052 qui
174 2012 270 2040 eam
304 1999 592 2051 imposuisset,
626 1999 926 2050 perniciosam,
960 1999 1110 2049 utpote
1143 2009 1270 2049 quem
1298 1996 1470 2037 sceleris
1496 1996 1662 2048 magni-

69 2070 173 2111 tudo
221 2070 525 2121 Ciceronisque
573 2070 785 2110 restitutio
834 2069 1023 2109 fractura
1071 2080 1246 2119 prorsus
1295 2069 1426 2113 esset;
1475 2066 1534 2106 ita
1582 2066 1663 2106 sibi

69 2141 231 2181 nullam
265 2141 439 2182 omnino
473 2140 788 2180 dubitationem
822 2152 916 2180 esse
949 2138 1154 2191 potuisse7
1190 2138 1291 2190 quin
1325 2137 1509 2178 cederet.
1558 2137 1662 2177 Per-

70 2212 266 2264 spicuum
300 2215 377 2261 est,
412 2225 543 2264 quam
576 2212 661 2252 sint
692 2212 785 2251 haec
818 2215 934 2263 apta,
969 2222 1099 2261 quam
1132 2208 1355 2260 simplicia,
1396 2221 1527 2260 quam
1562 2220 1663 2248 con-

71 2283 279 2323 sentanea
311 2281 375 2331 115,
412 2295 508 2334 quae
541 2281 688 2323 Cicero
721 2281 823 2321 alibi
857 2280 908 2321 de
943 2293 1020 2321 suo
1053 2280 1244 2320 discessu
1278 2279 1417 2331 deque
1449 2279 1663 2319 honestis-

71 2353 179 2393 simo
233 2352 389 2407 reditui
429 2353 662 2405 fractisque
721 2354 763 2392 et
820 2351 1053 2391 debilitatis
1110 2350 1181 2391 illo
1235 2350 1376 2390 reditu
1432 2349 1567 2390 Clodii
1623 2352 1665 2390 et

71 2423 419 2465 adversariorum
453 2423 638 2464 consiliis
673 2422 786 2470 dicit,
821 2434 953 2474 quum
979 2422 1021 2461 in
1053 2422 1135 2461 hac
1167 2421 1262 2473 ipsa
1289 2420 1483 2461 oratione
1517 2418 1569 2471 (c.
1594 2420 1663 2468 60,

74 2493 188 2547 128),
222 2497 315 2535 tum
349 2494 464 2544 alibi,
499 2493 683 2545 denique
717 2506 848 2545 quam
881 2491 1075 2533 codicum
1108 2491 1297 2544 vestigiis
1322 2490 1663 2531 accommodata.

73 2564 142 2606 Sic
174 2565 288 2605 enim
321 2564 596 2605 scribendum
629 2566 714 2605 est:
749 2562 837 2617 Eyo
872 2576 977 2615 vero,
1010 2563 1072 2603 vel
1102 2563 1139 2603 si
1171 2561 1242 2615 (ex
1265 2560 1378 2614 ueni)
1398 2561 1665 2615 pereundum

70 2635 233 2688 ficisset,
267 2649 316 2676 ac
347 2649 429 2675 non
468 2635 713 2688 accipienda
744 2634 878 2688 playa
917 2633 1021 2673 milii
1059 2632 1277 2685 sanabilis,
1325 2633 1390 2672 illi
1426 2632 1663 2684 mortifera,

74 2707 144 2760 qui
183 2719 273 2746 eam
315 2706 588 2759 imposuisset)
636 2706 758 2746 semel
789 2705 936 2758 perire
977 2709 1115 2744 tamen
1155 2706 1235 2744 cet.
1297 2703 1428 2744 Malui
1467 2703 1545 2755 illi,
1594 2703 1666 2756 qui

75 2789 166 2816 eam
206 2776 466 2829 imposuisset
513 2776 566 2816 de
613 2789 698 2816 uno
747 2774 913 2823 Clodio,
963 2787 1096 2826 quum
1137 2774 1252 2827 quod
1298 2773 1336 2814 ei
1378 2774 1505 2814 cessit
1544 2772 1664 2825 (nam

76 2846 271 2888 consules
302 2848 397 2887 tum
430 2846 605 2887 demum
639 2845 695 2886 ad
726 2858 817 2886 rem
852 2845 1145 2894 accessissent,
1180 2845 1214 2885 si
1239 2844 1435 2885 Clodium
1460 2841 1663 2894 vicisset),

75 2919 166 2958 tum
210 2917 325 2969 quod
368 2917 432 2957 illi
472 2918 537 2957 est
578 2916 621 2957 in
662 2916 797 2957 Paris.
843 2918 885 2957 et
927 2915 1096 2966 Bernn.‚
1145 2916 1404 2968 imposuisset
1434 2915 1477 2954 in
1510 2911 1663 2965 [Par.‚]

1678 875 1726 899 461
