<?xml version="1.0" encoding="UTF-8"?>
<!DOCTYPE html PUBLIC "-//W3C//DTD XHTML 1.0 Transitional//EN"
    "http://www.w3.org/TR/xhtml1/DTD/xhtml1-transitional.dtd">
<html xmlns="http://www.w3.org/1999/xhtml" xml:lang="en" lang="en">
 <head>
  <title>
</title>
<meta http-equiv="Content-Type" content="text/html;charset=utf-8" />
  <meta name='ocr-system' content='tesseract 3.04.00' />
  <meta name='ocr-capabilities' content='ocr_page ocr_carea ocr_par ocr_line ocrx_word'/>
</head>
<body>
  <div class='ocr_page' id='page_1' title='image "./ionicolaimadvigi00madvuoft_0327.png"; bbox 0 0 1915 3235; ppageno 0'>
   <div class='ocr_carea' id='block_1_1' title="bbox 805 112 890 153">
    <p class='ocr_par' dir='ltr' id='par_1_1' title="bbox 805 112 890 153">
     <span class='ocr_line' id='line_1_1' title="bbox 805 112 890 153; baseline 0 0"><span class='ocrx_word' id='word_1_1' title='bbox 805 112 890 153; x_wconf 80' lang='lat'>305</span> 
     </span>
    </p>
   </div>
   <div class='ocr_carea' id='block_1_2' title="bbox 50 241 1641 427">
    <p class='ocr_par' dir='ltr' id='par_1_2' title="bbox 50 241 1641 427">
     <span class='ocr_line' id='line_1_2' title="bbox 51 241 1639 298; baseline -0.003 -12"><span class='ocrx_word' id='word_1_2' title='bbox 51 245 236 298; x_wconf 89' lang='lat' dir='ltr'>plurima</span> <span class='ocrx_word' id='word_1_3' title='bbox 269 247 311 285; x_wconf 91' lang='lat' dir='ltr'>et</span> <span class='ocrx_word' id='word_1_4' title='bbox 341 243 596 296; x_wconf 76' lang='lat' dir='ltr'>gravissima</span> <span class='ocrx_word' id='word_1_5' title='bbox 627 242 786 283; x_wconf 89' lang='lat' dir='ltr'>menda</span> <span class='ocrx_word' id='word_1_6' title='bbox 817 241 908 283; x_wconf 92' lang='lat' dir='ltr'>tolli</span> <span class='ocrx_word' id='word_1_7' title='bbox 941 254 992 282; x_wconf 83' lang='lat' dir='ltr'>ex</span> <span class='ocrx_word' id='word_1_8' title='bbox 1024 241 1075 282; x_wconf 86' lang='lat' dir='ltr'>iis</span> <span class='ocrx_word' id='word_1_9' title='bbox 1097 254 1237 294; x_wconf 73' lang='lat' dir='ltr'>posse,</span> <span class='ocrx_word' id='word_1_10' title='bbox 1272 242 1308 282; x_wconf 90' lang='lat' dir='ltr'>si</span> <span class='ocrx_word' id='word_1_11' title='bbox 1331 241 1425 293; x_wconf 89' lang='lat' dir='ltr'>quis</span> <span class='ocrx_word' id='word_1_12' title='bbox 1449 241 1639 282; x_wconf 82' lang='lat' dir='ltr'>codicem</span> 
     </span>
     <span class='ocr_line' id='line_1_3' title="bbox 52 311 1640 366; baseline -0.003 -10"><span class='ocrx_word' id='word_1_13' title='bbox 52 329 78 356; x_wconf 90' lang='lat' dir='ltr'>a</span> <span class='ocrx_word' id='word_1_14' title='bbox 109 314 427 363; x_wconf 74' lang='lat' dir='ltr'>recentissimis,</span> <span class='ocrx_word' id='word_1_15' title='bbox 477 313 634 366; x_wconf 90' lang='lat' dir='ltr'>quibus</span> <span class='ocrx_word' id='word_1_16' title='bbox 675 313 874 366; x_wconf 74' lang='lat' dir='ltr'>vulgares</span> <span class='ocrx_word' id='word_1_17' title='bbox 914 312 1011 352; x_wconf 87' lang='lat' dir='ltr'>libri</span> <span class='ocrx_word' id='word_1_18' title='bbox 1044 311 1358 361; x_wconf 79' lang='lat' dir='ltr'>obsiderentur,</span> <span class='ocrx_word' id='word_1_19' title='bbox 1406 311 1640 364; x_wconf 88' lang='lat' dir='ltr'>interpola-</span> 
     </span>
     <span class='ocr_line' id='line_1_4' title="bbox 50 382 1641 427; baseline -0.003 0"><span class='ocrx_word' id='word_1_20' title='bbox 50 386 238 427; x_wconf 81' lang='lat' dir='ltr'>tionibus</span> <span class='ocrx_word' id='word_1_21' title='bbox 285 385 523 425; x_wconf 89' lang='lat' dir='ltr'>immunem</span> <span class='ocrx_word' id='word_1_22' title='bbox 570 386 722 424; x_wconf 88' lang='lat' dir='ltr'>nactus</span> <span class='ocrx_word' id='word_1_23' title='bbox 772 385 899 424; x_wconf 83' lang='lat' dir='ltr'>esset.</span> <span class='ocrx_word' id='word_1_24' title='bbox 963 382 1116 423; x_wconf 88' lang='lat' dir='ltr'>Talem</span> <span class='ocrx_word' id='word_1_25' title='bbox 1165 384 1310 423; x_wconf 89' lang='lat' dir='ltr'>autem</span> <span class='ocrx_word' id='word_1_26' title='bbox 1352 382 1641 423; x_wconf 89' lang='lat' dir='ltr'>Parisiensem</span> 
     </span>
    </p>
   </div>
   <div class='ocr_carea' id='block_1_3' title="bbox 50 452 1641 642">
    <p class='ocr_par' dir='ltr' id='par_1_3' title="bbox 50 452 1641 642">
     <span class='ocr_line' id='line_1_5' title="bbox 50 452 1640 507; baseline -0.003 -10"><span class='ocrx_word' id='word_1_27' title='bbox 50 456 169 497; x_wconf 91' lang='lat' dir='ltr'>illum</span> <span class='ocrx_word' id='word_1_28' title='bbox 203 468 297 496; x_wconf 91' lang='lat' dir='ltr'>esse</span> <span class='ocrx_word' id='word_1_29' title='bbox 330 468 417 496; x_wconf 91' lang='lat' dir='ltr'>non</span> <span class='ocrx_word' id='word_1_30' title='bbox 448 455 587 496; x_wconf 90' lang='lat' dir='ltr'>solum</span> <span class='ocrx_word' id='word_1_31' title='bbox 620 455 715 507; x_wconf 89' lang='lat' dir='ltr'>ipsa</span> <span class='ocrx_word' id='word_1_32' title='bbox 748 453 983 505; x_wconf 75' lang='lat' dir='ltr'>antiquitas</span> <span class='ocrx_word' id='word_1_33' title='bbox 1008 453 1278 502; x_wconf 79' lang='lat' dir='ltr'>ostendebat,</span> <span class='ocrx_word' id='word_1_34' title='bbox 1313 476 1368 481; x_wconf 85' lang='lat'>—</span> <span class='ocrx_word' id='word_1_35' title='bbox 1400 454 1502 494; x_wconf 89' lang='lat' dir='ltr'>noni</span> <span class='ocrx_word' id='word_1_36' title='bbox 1527 452 1640 493; x_wconf 92' lang='lat' dir='ltr'>enim</span> 
     </span>
     <span class='ocr_line' id='line_1_6' title="bbox 51 523 1641 576; baseline -0.002 -9"><span class='ocrx_word' id='word_1_37' title='bbox 51 526 195 568; x_wconf 78' lang='lat' dir='ltr'>saeculi</span> <span class='ocrx_word' id='word_1_38' title='bbox 227 526 450 566; x_wconf 78' lang='lat' dir='ltr'>dicebatur</span> <span class='ocrx_word' id='word_1_39' title='bbox 483 538 589 572; x_wconf 68' lang='lat' dir='ltr'>esse,</span> <span class='ocrx_word' id='word_1_40' title='bbox 629 537 708 565; x_wconf 90' lang='lat' dir='ltr'>nec</span> <span class='ocrx_word' id='word_1_41' title='bbox 748 525 803 565; x_wconf 89' lang='lat' dir='ltr'>ab</span> <span class='ocrx_word' id='word_1_42' title='bbox 837 523 1037 576; x_wconf 92' lang='lat' dir='ltr'>opinione</span> <span class='ocrx_word' id='word_1_43' title='bbox 1068 536 1239 576; x_wconf 82' lang='lat' dir='ltr'>magnae</span> <span class='ocrx_word' id='word_1_44' title='bbox 1272 525 1387 564; x_wconf 86' lang='lat' dir='ltr'>certe</span> <span class='ocrx_word' id='word_1_45' title='bbox 1414 523 1641 564; x_wconf 83' lang='lat' dir='ltr'>vetustatis</span> 
     </span>
     <span class='ocr_line' id='line_1_7' title="bbox 51 594 1640 642; baseline -0.003 -4"><span class='ocrx_word' id='word_1_46' title='bbox 51 596 315 638; x_wconf 79' lang='lat' dir='ltr'>abhorrebat</span> <span class='ocrx_word' id='word_1_47' title='bbox 346 596 559 637; x_wconf 76' lang='lat' dir='ltr'>vocabula</span> <span class='ocrx_word' id='word_1_48' title='bbox 591 595 807 636; x_wconf 89' lang='lat' dir='ltr'>scribendi</span> <span class='ocrx_word' id='word_1_49' title='bbox 841 596 1043 635; x_wconf 79' lang='lat' dir='ltr'>constans</span> <span class='ocrx_word' id='word_1_50' title='bbox 1074 594 1197 642; x_wconf 72' lang='lat' dir='ltr'>ratio,</span> <span class='ocrx_word' id='word_1_51' title='bbox 1233 617 1289 622; x_wconf 86' lang='lat'>——</span> <span class='ocrx_word' id='word_1_52' title='bbox 1326 607 1477 635; x_wconf 78' lang='lat' dir='ltr'>verum</span> <span class='ocrx_word' id='word_1_53' title='bbox 1510 594 1640 634; x_wconf 88' lang='lat' dir='ltr'>etiam</span> 
     </span>
    </p>
   </div>
   <div class='ocr_carea' id='block_1_4' title="bbox 49 664 1645 2346">
    <p class='ocr_par' dir='ltr' id='par_1_4' title="bbox 49 664 1645 2346">
     <span class='ocr_line' id='line_1_8' title="bbox 50 664 1641 718; baseline -0.003 -9"><span class='ocrx_word' id='word_1_54' title='bbox 50 668 284 709; x_wconf 87' lang='lat' dir='ltr'>multorum</span> <span class='ocrx_word' id='word_1_55' title='bbox 318 668 510 708; x_wconf 90' lang='lat' dir='ltr'>locorum</span> <span class='ocrx_word' id='word_1_56' title='bbox 543 666 757 718; x_wconf 87' lang='lat' dir='ltr'>scriptura</span> <span class='ocrx_word' id='word_1_57' title='bbox 789 666 935 706; x_wconf 88' lang='lat' dir='ltr'>statim</span> <span class='ocrx_word' id='word_1_58' title='bbox 968 664 1274 717; x_wconf 67' lang='lat' dir='ltr'>patefaciebat,</span> <span class='ocrx_word' id='word_1_59' title='bbox 1318 665 1378 705; x_wconf 92' lang='lat' dir='ltr'>ita</span> <span class='ocrx_word' id='word_1_60' title='bbox 1410 677 1436 705; x_wconf 93' lang='lat' dir='ltr'>a</span> <span class='ocrx_word' id='word_1_61' title='bbox 1467 664 1641 717; x_wconf 89' lang='lat' dir='ltr'>reliquis</span> 
     </span>
     <span class='ocr_line' id='line_1_9' title="bbox 51 735 1640 789; baseline -0.003 -10"><span class='ocrx_word' id='word_1_62' title='bbox 51 738 288 785; x_wconf 84' lang='lat' dir='ltr'>discedens,</span> <span class='ocrx_word' id='word_1_63' title='bbox 328 742 376 778; x_wconf 86' lang='lat' dir='ltr'>ut</span> <span class='ocrx_word' id='word_1_64' title='bbox 409 750 558 779; x_wconf 89' lang='lat' dir='ltr'>eorum</span> <span class='ocrx_word' id='word_1_65' title='bbox 591 737 750 789; x_wconf 89' lang='lat' dir='ltr'>partim</span> <span class='ocrx_word' id='word_1_66' title='bbox 783 738 934 788; x_wconf 90' lang='lat' dir='ltr'>aperta</span> <span class='ocrx_word' id='word_1_67' title='bbox 967 735 1127 776; x_wconf 91' lang='lat' dir='ltr'>menda</span> <span class='ocrx_word' id='word_1_68' title='bbox 1158 735 1338 784; x_wconf 77' lang='lat' dir='ltr'>tolleret,</span> <span class='ocrx_word' id='word_1_69' title='bbox 1378 735 1537 788; x_wconf 88' lang='lat' dir='ltr'>partim</span> <span class='ocrx_word' id='word_1_70' title='bbox 1569 747 1640 775; x_wconf 91' lang='lat' dir='ltr'>oc-</span> 
     </span>
     <span class='ocr_line' id='line_1_10' title="bbox 51 805 1641 860; baseline -0.003 -10"><span class='ocrx_word' id='word_1_71' title='bbox 51 810 165 850; x_wconf 90' lang='lat' dir='ltr'>culta</span> <span class='ocrx_word' id='word_1_72' title='bbox 213 811 288 849; x_wconf 87' lang='lat' dir='ltr'>aut</span> <span class='ocrx_word' id='word_1_73' title='bbox 334 809 563 860; x_wconf 82' lang='lat' dir='ltr'>corrigeret</span> <span class='ocrx_word' id='word_1_74' title='bbox 611 809 686 847; x_wconf 87' lang='lat' dir='ltr'>aut</span> <span class='ocrx_word' id='word_1_75' title='bbox 725 809 925 859; x_wconf 83' lang='lat' dir='ltr'>argueret</span> <span class='ocrx_word' id='word_1_76' title='bbox 957 807 1124 855; x_wconf 81' lang='lat' dir='ltr'>saltem,</span> <span class='ocrx_word' id='word_1_77' title='bbox 1173 808 1512 859; x_wconf 83' lang='lat' dir='ltr'>congrueretque</span> <span class='ocrx_word' id='word_1_78' title='bbox 1551 805 1641 845; x_wconf 85' lang='lat' dir='ltr'>fere</span> 
     </span>
     <span class='ocr_line' id='line_1_11' title="bbox 51 877 1642 930; baseline -0.002 -10"><span class='ocrx_word' id='word_1_79' title='bbox 51 893 148 920; x_wconf 88' lang='lat' dir='ltr'>cum</span> <span class='ocrx_word' id='word_1_80' title='bbox 180 879 231 920; x_wconf 89' lang='lat' dir='ltr'>iis</span> <span class='ocrx_word' id='word_1_81' title='bbox 269 879 456 920; x_wconf 88' lang='lat' dir='ltr'>melioris</span> <span class='ocrx_word' id='word_1_82' title='bbox 499 877 666 930; x_wconf 82' lang='lat' dir='ltr'>generis</span> <span class='ocrx_word' id='word_1_83' title='bbox 707 877 938 926; x_wconf 68' lang='lat' dir='ltr'>codicibus,</span> <span class='ocrx_word' id='word_1_84' title='bbox 989 891 1172 929; x_wconf 88' lang='lat' dir='ltr'>quorum</span> <span class='ocrx_word' id='word_1_85' title='bbox 1220 880 1295 917; x_wconf 91' lang='lat' dir='ltr'>aut</span> <span class='ocrx_word' id='word_1_86' title='bbox 1342 878 1385 917; x_wconf 90' lang='lat' dir='ltr'>in</span> <span class='ocrx_word' id='word_1_87' title='bbox 1428 878 1642 929; x_wconf 85' lang='lat' dir='ltr'>apparatu</span> 
     </span>
     <span class='ocr_line' id='line_1_12' title="bbox 51 947 1643 1000; baseline -0.003 -9"><span class='ocrx_word' id='word_1_88' title='bbox 51 951 195 991; x_wconf 87' lang='lat' dir='ltr'>critico</span> <span class='ocrx_word' id='word_1_89' title='bbox 229 950 484 991; x_wconf 85' lang='lat' dir='ltr'>Gruteriano</span> <span class='ocrx_word' id='word_1_90' title='bbox 516 961 616 989; x_wconf 88' lang='lat' dir='ltr'>rara</span> <span class='ocrx_word' id='word_1_91' title='bbox 656 947 892 988; x_wconf 89' lang='lat' dir='ltr'>admodum</span> <span class='ocrx_word' id='word_1_92' title='bbox 937 950 978 988; x_wconf 91' lang='lat' dir='ltr'>et</span> <span class='ocrx_word' id='word_1_93' title='bbox 1020 960 1176 1000; x_wconf 86' lang='lat' dir='ltr'>parurn</span> <span class='ocrx_word' id='word_1_94' title='bbox 1218 948 1397 1000; x_wconf 78' lang='lat' dir='ltr'>diligens</span> <span class='ocrx_word' id='word_1_95' title='bbox 1441 947 1643 988; x_wconf 81' lang='lat' dir='ltr'>exstabat</span> 
     </span>
     <span class='ocr_line' id='line_1_13' title="bbox 49 1017 1642 1070; baseline -0.002 -9"><span class='ocrx_word' id='word_1_96' title='bbox 49 1021 223 1070; x_wconf 72' lang='lat' dir='ltr'>mentio,</span> <span class='ocrx_word' id='word_1_97' title='bbox 273 1020 390 1061; x_wconf 86' lang='lat' dir='ltr'>velut</span> <span class='ocrx_word' id='word_1_98' title='bbox 437 1019 592 1061; x_wconf 89' lang='lat' dir='ltr'>codicis</span> <span class='ocrx_word' id='word_1_99' title='bbox 642 1019 786 1059; x_wconf 84' lang='lat' dir='ltr'>Sancti</span> <span class='ocrx_word' id='word_1_100' title='bbox 826 1018 1007 1059; x_wconf 90' lang='lat' dir='ltr'>Victoris</span> <span class='ocrx_word' id='word_1_101' title='bbox 1051 1021 1093 1060; x_wconf 92' lang='lat' dir='ltr'>et</span> <span class='ocrx_word' id='word_1_102' title='bbox 1132 1018 1456 1060; x_wconf 87' lang='lat' dir='ltr'>Gemblacensis</span> <span class='ocrx_word' id='word_1_103' title='bbox 1497 1031 1521 1058; x_wconf 94' lang='lat' dir='ltr'>a</span> <span class='ocrx_word' id='word_1_104' title='bbox 1555 1017 1642 1059; x_wconf 87' lang='lat' dir='ltr'>Gu—</span> 
     </span>
     <span class='ocr_line' id='line_1_14' title="bbox 50 1089 1642 1142; baseline -0.002 -10"><span class='ocrx_word' id='word_1_105' title='bbox 50 1091 192 1132; x_wconf 91' lang='lat' dir='ltr'>lielmo</span> <span class='ocrx_word' id='word_1_106' title='bbox 225 1091 531 1138; x_wconf 62' lang='lat' dir='ltr'>adhibitorum„</span> <span class='ocrx_word' id='word_1_107' title='bbox 566 1092 641 1130; x_wconf 88' lang='lat' dir='ltr'>aut</span> <span class='ocrx_word' id='word_1_108' title='bbox 674 1089 775 1130; x_wconf 89' lang='lat' dir='ltr'>alibi</span> <span class='ocrx_word' id='word_1_109' title='bbox 808 1090 988 1142; x_wconf 71' lang='lat' dir='ltr'>vestigia</span> <span class='ocrx_word' id='word_1_110' title='bbox 1020 1092 1289 1142; x_wconf 62' lang='lat' dir='ltr'>supererant,</span> <span class='ocrx_word' id='word_1_111' title='bbox 1332 1090 1448 1131; x_wconf 83' lang='lat' dir='ltr'>velut</span> <span class='ocrx_word' id='word_1_112' title='bbox 1480 1090 1523 1130; x_wconf 92' lang='lat' dir='ltr'>in</span> <span class='ocrx_word' id='word_1_113' title='bbox 1556 1089 1642 1130; x_wconf 92' lang='lat' dir='ltr'>edi-</span> 
     </span>
     <span class='ocr_line' id='line_1_15' title="bbox 49 1160 1642 1214; baseline -0.002 -11"><span class='ocrx_word' id='word_1_114' title='bbox 49 1163 164 1203; x_wconf 87' lang='lat' dir='ltr'>tione</span> <span class='ocrx_word' id='word_1_115' title='bbox 197 1162 484 1214; x_wconf 76' lang='lat' dir='ltr'>Hervagiana‚</span> <span class='ocrx_word' id='word_1_116' title='bbox 534 1174 619 1213; x_wconf 90' lang='lat' dir='ltr'>qua</span> <span class='ocrx_word' id='word_1_117' title='bbox 659 1160 843 1201; x_wconf 88' lang='lat' dir='ltr'>Orellius</span> <span class='ocrx_word' id='word_1_118' title='bbox 881 1173 1019 1213; x_wconf 87' lang='lat' dir='ltr'>nuper</span> <span class='ocrx_word' id='word_1_119' title='bbox 1058 1160 1202 1213; x_wconf 87' lang='lat' dir='ltr'>aliquo</span> <span class='ocrx_word' id='word_1_120' title='bbox 1236 1174 1332 1201; x_wconf 88' lang='lat' dir='ltr'>cum</span> <span class='ocrx_word' id='word_1_121' title='bbox 1366 1160 1508 1200; x_wconf 86' lang='lat' dir='ltr'>fructu</span> <span class='ocrx_word' id='word_1_122' title='bbox 1539 1173 1642 1201; x_wconf 88' lang='lat' dir='ltr'>usus</span> 
     </span>
     <span class='ocr_line' id='line_1_16' title="bbox 50 1230 1641 1285; baseline -0.001 -12"><span class='ocrx_word' id='word_1_123' title='bbox 50 1235 155 1273; x_wconf 85' lang='lat' dir='ltr'>erat.</span> <span class='ocrx_word' id='word_1_124' title='bbox 218 1233 357 1273; x_wconf 91' lang='lat' dir='ltr'>Huius</span> <span class='ocrx_word' id='word_1_125' title='bbox 389 1233 517 1285; x_wconf 82' lang='lat' dir='ltr'>igitur</span> <span class='ocrx_word' id='word_1_126' title='bbox 550 1232 706 1273; x_wconf 90' lang='lat' dir='ltr'>codicis</span> <span class='ocrx_word' id='word_1_127' title='bbox 740 1243 834 1283; x_wconf 88' lang='lat' dir='ltr'>ope,</span> <span class='ocrx_word' id='word_1_128' title='bbox 877 1230 996 1271; x_wconf 85' lang='lat' dir='ltr'>cuius</span> <span class='ocrx_word' id='word_1_129' title='bbox 1029 1234 1176 1272; x_wconf 89' lang='lat' dir='ltr'>tamen</span> <span class='ocrx_word' id='word_1_130' title='bbox 1208 1245 1295 1273; x_wconf 93' lang='lat' dir='ltr'>non</span> <span class='ocrx_word' id='word_1_131' title='bbox 1327 1232 1454 1284; x_wconf 91' lang='lat' dir='ltr'>plane</span> <span class='ocrx_word' id='word_1_132' title='bbox 1489 1231 1641 1271; x_wconf 89' lang='lat' dir='ltr'>eadem</span> 
     </span>
     <span class='ocr_line' id='line_1_17' title="bbox 51 1298 1644 1356; baseline -0.001 -12"><span class='ocrx_word' id='word_1_133' title='bbox 51 1306 116 1344; x_wconf 91' lang='lat' dir='ltr'>est</span> <span class='ocrx_word' id='word_1_134' title='bbox 146 1316 223 1356; x_wconf 88' lang='lat' dir='ltr'>per</span> <span class='ocrx_word' id='word_1_135' title='bbox 255 1317 405 1345; x_wconf 86' lang='lat' dir='ltr'>omnes</span> <span class='ocrx_word' id='word_1_136' title='bbox 438 1303 653 1344; x_wconf 86' lang='lat' dir='ltr'>orationes</span> <span class='ocrx_word' id='word_1_137' title='bbox 687 1298 1001 1354; x_wconf 72' lang='lat' dir='ltr'>praestantia1),</span> <span class='ocrx_word' id='word_1_138' title='bbox 1045 1302 1261 1350; x_wconf 67' lang='lat' dir='ltr'>adhibitis,</span> <span class='ocrx_word' id='word_1_139' title='bbox 1303 1315 1399 1354; x_wconf 81' lang='lat' dir='ltr'>quae</span> <span class='ocrx_word' id='word_1_140' title='bbox 1431 1304 1644 1354; x_wconf 81' lang='lat' dir='ltr'>praeterea</span> 
     </span>
     <span class='ocr_line' id='line_1_18' title="bbox 50 1372 1645 1427; baseline -0.001 -12"><span class='ocrx_word' id='word_1_141' title='bbox 50 1387 203 1427; x_wconf 89' lang='lat' dir='ltr'>sparsa</span> <span class='ocrx_word' id='word_1_142' title='bbox 234 1374 303 1415; x_wconf 90' lang='lat' dir='ltr'>hic</span> <span class='ocrx_word' id='word_1_143' title='bbox 335 1374 418 1415; x_wconf 89' lang='lat' dir='ltr'>illic</span> <span class='ocrx_word' id='word_1_144' title='bbox 451 1376 587 1421; x_wconf 83' lang='lat' dir='ltr'>erant,</span> <span class='ocrx_word' id='word_1_145' title='bbox 636 1372 859 1425; x_wconf 79' lang='lat' dir='ltr'>praesidiis.</span> <span class='ocrx_word' id='word_1_146' title='bbox 910 1373 965 1413; x_wconf 92' lang='lat' dir='ltr'>ad</span> <span class='ocrx_word' id='word_1_147' title='bbox 1005 1385 1101 1425; x_wconf 89' lang='lat' dir='ltr'>quae</span> <span class='ocrx_word' id='word_1_148' title='bbox 1140 1374 1227 1413; x_wconf 90' lang='lat' dir='ltr'>iam</span> <span class='ocrx_word' id='word_1_149' title='bbox 1269 1375 1361 1413; x_wconf 89' lang='lat' dir='ltr'>tum</span> <span class='ocrx_word' id='word_1_150' title='bbox 1401 1375 1645 1414; x_wconf 85' lang='lat' dir='ltr'>accesserat</span> 
     </span>
     <span class='ocr_line' id='line_1_19' title="bbox 50 1436 1644 1492; baseline -0.001 -7"><span class='ocrx_word' id='word_1_151' title='bbox 50 1444 311 1486; x_wconf 86' lang='lat' dir='ltr'>Erfurtensis</span> <span class='ocrx_word' id='word_1_152' title='bbox 367 1445 523 1486; x_wconf 92' lang='lat' dir='ltr'>codicis</span> <span class='ocrx_word' id='word_1_153' title='bbox 579 1444 748 1485; x_wconf 90' lang='lat' dir='ltr'>collatio</span> <span class='ocrx_word' id='word_1_154' title='bbox 804 1436 1120 1492; x_wconf 57' lang='lat' dir='ltr'>qunderiana,</span> <span class='ocrx_word' id='word_1_155' title='bbox 1175 1457 1277 1484; x_wconf 80' lang='lat' dir='ltr'>mox</span> <span class='ocrx_word' id='word_1_156' title='bbox 1331 1443 1524 1484; x_wconf 88' lang='lat' dir='ltr'>adiectus</span> <span class='ocrx_word' id='word_1_157' title='bbox 1580 1445 1644 1484; x_wconf 91' lang='lat' dir='ltr'>est</span> 
     </span>
     <span class='ocr_line' id='line_1_20' title="bbox 50 1514 1644 1566; baseline -0.002 -9"><span class='ocrx_word' id='word_1_158' title='bbox 50 1516 302 1557; x_wconf 86' lang='lat' dir='ltr'>scholiastes</span> <span class='ocrx_word' id='word_1_159' title='bbox 328 1515 560 1556; x_wconf 86' lang='lat' dir='ltr'>Vaticanus</span> <span class='ocrx_word' id='word_1_160' title='bbox 594 1528 619 1555; x_wconf 92' lang='lat' dir='ltr'>a</span> <span class='ocrx_word' id='word_1_161' title='bbox 644 1514 756 1555; x_wconf 90' lang='lat' dir='ltr'>Maio</span> <span class='ocrx_word' id='word_1_162' title='bbox 782 1514 935 1563; x_wconf 71' lang='lat' dir='ltr'>editus,</span> <span class='ocrx_word' id='word_1_163' title='bbox 970 1516 1050 1556; x_wconf 89' lang='lat' dir='ltr'>has</span> <span class='ocrx_word' id='word_1_164' title='bbox 1083 1514 1299 1556; x_wconf 90' lang='lat' dir='ltr'>orationes</span> <span class='ocrx_word' id='word_1_165' title='bbox 1332 1514 1448 1555; x_wconf 87' lang='lat' dir='ltr'>horis</span> <span class='ocrx_word' id='word_1_166' title='bbox 1481 1514 1644 1566; x_wconf 87' lang='lat' dir='ltr'>aliquot</span> 
     </span>
     <span class='ocr_line' id='line_1_21' title="bbox 50 1585 1642 1638; baseline -0.003 -9"><span class='ocrx_word' id='word_1_167' title='bbox 50 1587 273 1629; x_wconf 82' lang='lat' dir='ltr'>subcisivis</span> <span class='ocrx_word' id='word_1_168' title='bbox 307 1586 539 1627; x_wconf 86' lang='lat' dir='ltr'>emendare</span> <span class='ocrx_word' id='word_1_169' title='bbox 573 1586 696 1638; x_wconf 73' lang='lat' dir='ltr'>coepi,</span> <span class='ocrx_word' id='word_1_170' title='bbox 731 1586 868 1626; x_wconf 85' lang='lat' dir='ltr'>multa</span> <span class='ocrx_word' id='word_1_171' title='bbox 901 1599 1085 1638; x_wconf 68' lang='lat' dir='ltr'>quoque,</span> <span class='ocrx_word' id='word_1_172' title='bbox 1126 1588 1175 1626; x_wconf 92' lang='lat' dir='ltr'>ut</span> <span class='ocrx_word' id='word_1_173' title='bbox 1205 1585 1253 1626; x_wconf 88' lang='lat' dir='ltr'>fit</span> <span class='ocrx_word' id='word_1_174' title='bbox 1284 1586 1327 1626; x_wconf 90' lang='lat' dir='ltr'>in</span> <span class='ocrx_word' id='word_1_175' title='bbox 1359 1585 1441 1626; x_wconf 90' lang='lat' dir='ltr'>hoc</span> <span class='ocrx_word' id='word_1_176' title='bbox 1473 1597 1642 1637; x_wconf 78' lang='lat' dir='ltr'>genere,</span> 
     </span>
     <span class='ocr_line' id='line_1_22' title="bbox 51 1656 1643 1711; baseline -0.002 -12"><span class='ocrx_word' id='word_1_177' title='bbox 51 1671 147 1711; x_wconf 83' lang='lat' dir='ltr'>quae</span> <span class='ocrx_word' id='word_1_178' title='bbox 179 1660 331 1710; x_wconf 90' lang='lat' dir='ltr'>aperta</span> <span class='ocrx_word' id='word_1_179' title='bbox 362 1658 536 1698; x_wconf 88' lang='lat' dir='ltr'>testium</span> <span class='ocrx_word' id='word_1_180' title='bbox 572 1657 828 1698; x_wconf 88' lang='lat' dir='ltr'>auctoritate</span> <span class='ocrx_word' id='word_1_181' title='bbox 860 1657 903 1697; x_wconf 91' lang='lat' dir='ltr'>in</span> <span class='ocrx_word' id='word_1_182' title='bbox 935 1656 1087 1697; x_wconf 89' lang='lat' dir='ltr'>melius</span> <span class='ocrx_word' id='word_1_183' title='bbox 1120 1656 1276 1697; x_wconf 87' lang='lat' dir='ltr'>mutari</span> <span class='ocrx_word' id='word_1_184' title='bbox 1311 1669 1397 1697; x_wconf 93' lang='lat' dir='ltr'>non</span> <span class='ocrx_word' id='word_1_185' title='bbox 1429 1658 1643 1708; x_wconf 83' lang='lat' dir='ltr'>poterant,</span> 
     </span>
     <span class='ocr_line' id='line_1_23' title="bbox 53 1726 1644 1782; baseline -0.001 -13"><span class='ocrx_word' id='word_1_186' title='bbox 53 1728 237 1782; x_wconf 74' lang='lat' dir='ltr'>vestigiis</span> <span class='ocrx_word' id='word_1_187' title='bbox 270 1731 417 1770; x_wconf 90' lang='lat' dir='ltr'>tamen</span> <span class='ocrx_word' id='word_1_188' title='bbox 449 1728 649 1781; x_wconf 84' lang='lat' dir='ltr'>persequi</span> <span class='ocrx_word' id='word_1_189' title='bbox 683 1730 725 1768; x_wconf 93' lang='lat' dir='ltr'>et</span> <span class='ocrx_word' id='word_1_190' title='bbox 757 1728 1004 1768; x_wconf 85' lang='lat' dir='ltr'>coniectura</span> <span class='ocrx_word' id='word_1_191' title='bbox 1042 1740 1193 1768; x_wconf 78' lang='lat' dir='ltr'>verum</span> <span class='ocrx_word' id='word_1_192' title='bbox 1225 1728 1427 1779; x_wconf 62' lang='lat' dir='ltr'>reperire</span> <span class='ocrx_word' id='word_1_193' title='bbox 1468 1727 1512 1767; x_wconf 94' lang='lat' dir='ltr'>in</span> <span class='ocrx_word' id='word_1_194' title='bbox 1551 1726 1644 1767; x_wconf 91' lang='lat' dir='ltr'>aliis</span> 
     </span>
     <span class='ocr_line' id='line_1_24' title="bbox 50 1797 1643 1851; baseline -0.001 -11"><span class='ocrx_word' id='word_1_195' title='bbox 50 1799 292 1840; x_wconf 88' lang='lat' dir='ltr'>necessario</span> <span class='ocrx_word' id='word_1_196' title='bbox 340 1799 450 1840; x_wconf 86' lang='lat' dir='ltr'>falsa</span> <span class='ocrx_word' id='word_1_197' title='bbox 496 1802 670 1840; x_wconf 87' lang='lat' dir='ltr'>notasse</span> <span class='ocrx_word' id='word_1_198' title='bbox 719 1800 960 1839; x_wconf 88' lang='lat' dir='ltr'>contentus.</span> <span class='ocrx_word' id='word_1_199' title='bbox 1038 1799 1181 1851; x_wconf 91' lang='lat' dir='ltr'>Atque</span> <span class='ocrx_word' id='word_1_200' title='bbox 1232 1798 1352 1839; x_wconf 89' lang='lat' dir='ltr'>initio</span> <span class='ocrx_word' id='word_1_201' title='bbox 1400 1797 1643 1850; x_wconf 83' lang='lat' dir='ltr'>cogitabam</span> 
     </span>
     <span class='ocr_line' id='line_1_25' title="bbox 50 1867 1642 1923; baseline -0.002 -12"><span class='ocrx_word' id='word_1_202' title='bbox 50 1871 266 1911; x_wconf 88' lang='lat' dir='ltr'>interdum</span> <span class='ocrx_word' id='word_1_203' title='bbox 299 1870 414 1923; x_wconf 89' lang='lat' dir='ltr'>ipsas</span> <span class='ocrx_word' id='word_1_204' title='bbox 447 1871 662 1911; x_wconf 89' lang='lat' dir='ltr'>orationes</span> <span class='ocrx_word' id='word_1_205' title='bbox 697 1870 823 1910; x_wconf 88' lang='lat' dir='ltr'>edere</span> <span class='ocrx_word' id='word_1_206' title='bbox 858 1872 900 1910; x_wconf 92' lang='lat' dir='ltr'>et</span> <span class='ocrx_word' id='word_1_207' title='bbox 933 1869 1285 1910; x_wconf 88' lang='lat' dir='ltr'>emendationum</span> <span class='ocrx_word' id='word_1_208' title='bbox 1318 1869 1506 1909; x_wconf 88' lang='lat' dir='ltr'>rationes</span> <span class='ocrx_word' id='word_1_209' title='bbox 1539 1867 1642 1908; x_wconf 90' lang='lat' dir='ltr'>sub-</span> 
     </span>
     <span class='ocr_line' id='line_1_26' title="bbox 50 1938 1643 1993; baseline -0.002 -11"><span class='ocrx_word' id='word_1_210' title='bbox 50 1941 169 1982; x_wconf 91' lang='lat' dir='ltr'>iectis</span> <span class='ocrx_word' id='word_1_211' title='bbox 213 1941 531 1982; x_wconf 85' lang='lat' dir='ltr'>commentariis</span> <span class='ocrx_word' id='word_1_212' title='bbox 575 1953 811 1993; x_wconf 74' lang='lat' dir='ltr'>exponere,</span> <span class='ocrx_word' id='word_1_213' title='bbox 861 1940 1016 1980; x_wconf 86' lang='lat' dir='ltr'>deinde</span> <span class='ocrx_word' id='word_1_214' title='bbox 1059 1942 1204 1980; x_wconf 88' lang='lat' dir='ltr'>autem</span> <span class='ocrx_word' id='word_1_215' title='bbox 1254 1939 1379 1992; x_wconf 90' lang='lat' dir='ltr'>plura</span> <span class='ocrx_word' id='word_1_216' title='bbox 1424 1952 1475 1979; x_wconf 80' lang='lat' dir='ltr'>ex</span> <span class='ocrx_word' id='word_1_217' title='bbox 1518 1938 1643 1979; x_wconf 89' lang='lat' dir='ltr'>simili</span> 
     </span>
     <span class='ocr_line' id='line_1_27' title="bbox 51 2007 1643 2064; baseline -0.002 -12"><span class='ocrx_word' id='word_1_218' title='bbox 51 2025 205 2064; x_wconf 77' lang='lat' dir='ltr'>genere</span> <span class='ocrx_word' id='word_1_219' title='bbox 228 2007 491 2052; x_wconf 70' lang='lat' dir='ltr'>‘adiumenta</span> <span class='ocrx_word' id='word_1_220' title='bbox 530 2011 648 2063; x_wconf 86' lang='lat' dir='ltr'>prius</span> <span class='ocrx_word' id='word_1_221' title='bbox 689 2011 1073 2063; x_wconf 86' lang='lat' dir='ltr'>circumspicienda</span> <span class='ocrx_word' id='word_1_222' title='bbox 1115 2010 1387 2052; x_wconf 72' lang='lat' dir='ltr'>videbantur.</span> <span class='ocrx_word' id='word_1_223' title='bbox 1437 2023 1534 2062; x_wconf 81' lang='lat' dir='ltr'>quae</span> <span class='ocrx_word' id='word_1_224' title='bbox 1575 2023 1643 2050; x_wconf 89' lang='lat' dir='ltr'>res</span> 
     </span>
     <span class='ocr_line' id='line_1_28' title="bbox 52 2083 1644 2135; baseline -0.002 -12"><span class='ocrx_word' id='word_1_225' title='bbox 52 2083 300 2135; x_wconf 87' lang='lat' dir='ltr'>consiliique</span> <span class='ocrx_word' id='word_1_226' title='bbox 332 2083 550 2123; x_wconf 76' lang='lat' dir='ltr'>exsecutio</span> <span class='ocrx_word' id='word_1_227' title='bbox 583 2083 851 2123; x_wconf 87' lang='lat' dir='ltr'>occasionem</span> <span class='ocrx_word' id='word_1_228' title='bbox 886 2084 928 2122; x_wconf 91' lang='lat' dir='ltr'>et</span> <span class='ocrx_word' id='word_1_229' title='bbox 951 2084 1122 2134; x_wconf 86' lang='lat' dir='ltr'>tempus</span> <span class='ocrx_word' id='word_1_230' title='bbox 1147 2084 1438 2133; x_wconf 88' lang='lat' dir='ltr'>opportunum</span> <span class='ocrx_word' id='word_1_231' title='bbox 1465 2093 1644 2133; x_wconf 82' lang='lat' dir='ltr'>exspec-</span> 
     </span>
     <span class='ocr_line' id='line_1_29' title="bbox 51 2151 1643 2204; baseline -0.002 -10"><span class='ocrx_word' id='word_1_232' title='bbox 51 2153 188 2194; x_wconf 88' lang='lat' dir='ltr'>tabat.</span> <span class='ocrx_word' id='word_1_233' title='bbox 251 2154 419 2194; x_wconf 89' lang='lat' dir='ltr'>Interea</span> <span class='ocrx_word' id='word_1_234' title='bbox 456 2153 686 2194; x_wconf 75' lang='lat' dir='ltr'>intervenit</span> <span class='ocrx_word' id='word_1_235' title='bbox 729 2154 972 2194; x_wconf 89' lang='lat' dir='ltr'>orationum</span> <span class='ocrx_word' id='word_1_236' title='bbox 1015 2166 1093 2204; x_wconf 89' lang='lat' dir='ltr'>pro</span> <span class='ocrx_word' id='word_1_237' title='bbox 1127 2152 1256 2193; x_wconf 80' lang='lat' dir='ltr'>Caelio</span> <span class='ocrx_word' id='word_1_238' title='bbox 1299 2154 1342 2192; x_wconf 90' lang='lat' dir='ltr'>et</span> <span class='ocrx_word' id='word_1_239' title='bbox 1384 2164 1462 2204; x_wconf 91' lang='lat' dir='ltr'>pro</span> <span class='ocrx_word' id='word_1_240' title='bbox 1505 2151 1643 2192; x_wconf 86' lang='lat' dir='ltr'>Sestio</span> 
     </span>
     <span class='ocr_line' id='line_1_30' title="bbox 53 2222 1644 2276; baseline -0.002 -11"><span class='ocrx_word' id='word_1_241' title='bbox 53 2224 182 2265; x_wconf 90' lang='lat' dir='ltr'>editio</span> <span class='ocrx_word' id='word_1_242' title='bbox 216 2224 445 2274; x_wconf 74' lang='lat' dir='ltr'>Oreffiana,</span> <span class='ocrx_word' id='word_1_243' title='bbox 496 2224 562 2265; x_wconf 91' lang='lat' dir='ltr'>cui</span> <span class='ocrx_word' id='word_1_244' title='bbox 598 2236 738 2276; x_wconf 89' lang='lat' dir='ltr'>nuper</span> <span class='ocrx_word' id='word_1_245' title='bbox 777 2224 958 2264; x_wconf 87' lang='lat' dir='ltr'>accessit</span> <span class='ocrx_word' id='word_1_246' title='bbox 1000 2236 1114 2265; x_wconf 74' lang='lat' dir='ltr'>nova</span> <span class='ocrx_word' id='word_1_247' title='bbox 1146 2222 1351 2263; x_wconf 88' lang='lat' dir='ltr'>orationis</span> <span class='ocrx_word' id='word_1_248' title='bbox 1385 2222 1437 2263; x_wconf 91' lang='lat' dir='ltr'>de</span> <span class='ocrx_word' id='word_1_249' title='bbox 1470 2222 1644 2275; x_wconf 76' lang='lat' dir='ltr'>provin-</span> 
     </span>
     <span class='ocr_line' id='line_1_31' title="bbox 53 2292 1645 2346; baseline -0.001 -11"><span class='ocrx_word' id='word_1_250' title='bbox 53 2296 125 2335; x_wconf 90' lang='lat' dir='ltr'>ciis</span> <span class='ocrx_word' id='word_1_251' title='bbox 159 2295 458 2336; x_wconf 87' lang='lat' dir='ltr'>consularibus</span> <span class='ocrx_word' id='word_1_252' title='bbox 491 2296 707 2343; x_wconf 84' lang='lat' dir='ltr'>recensio;</span> <span class='ocrx_word' id='word_1_253' title='bbox 740 2294 783 2334; x_wconf 92' lang='lat' dir='ltr'>in</span> <span class='ocrx_word' id='word_1_254' title='bbox 813 2307 898 2346; x_wconf 87' lang='lat' dir='ltr'>qua</span> <span class='ocrx_word' id='word_1_255' title='bbox 922 2293 1108 2335; x_wconf 87' lang='lat' dir='ltr'>editione</span> <span class='ocrx_word' id='word_1_256' title='bbox 1131 2307 1264 2346; x_wconf 89' lang='lat' dir='ltr'>quum</span> <span class='ocrx_word' id='word_1_257' title='bbox 1286 2292 1351 2333; x_wconf 85' lang='lat' dir='ltr'>vir</span> <span class='ocrx_word' id='word_1_258' title='bbox 1373 2293 1645 2334; x_wconf 86' lang='lat' dir='ltr'>doctissimus</span> 
     </span>
    </p>
   </div>
   <div class='ocr_carea' id='block_1_5' title="bbox 90 2468 1645 3031">
    <p class='ocr_par' dir='ltr' id='par_1_5' title="bbox 90 2468 1645 2984">
     <span class='ocr_line' id='line_1_32' title="bbox 90 2468 1645 2515; baseline -0.002 -10"><span class='ocrx_word' id='word_1_259' title='bbox 90 2469 118 2513; x_wconf 88' lang='lat'>¹)</span> <span class='ocrx_word' id='word_1_260' title='bbox 144 2471 342 2515; x_wconf 87' lang='lat' dir='ltr'>Krarupius</span> <span class='ocrx_word' id='word_1_261' title='bbox 380 2475 541 2511; x_wconf 85' lang='lat' dir='ltr'>annotat,</span> <span class='ocrx_word' id='word_1_262' title='bbox 579 2471 702 2515; x_wconf 89' lang='lat' dir='ltr'>plures</span> <span class='ocrx_word' id='word_1_263' title='bbox 741 2481 824 2504; x_wconf 92' lang='lat' dir='ltr'>eum</span> <span class='ocrx_word' id='word_1_264' title='bbox 858 2469 1042 2513; x_wconf 88' lang='lat' dir='ltr'>scripsisse</span> <span class='ocrx_word' id='word_1_265' title='bbox 1074 2469 1306 2514; x_wconf 84' lang='lat' dir='ltr'>singulosque</span> <span class='ocrx_word' id='word_1_266' title='bbox 1338 2468 1503 2502; x_wconf 86' lang='lat' dir='ltr'>librarios</span> <span class='ocrx_word' id='word_1_267' title='bbox 1529 2479 1645 2512; x_wconf 84' lang='lat' dir='ltr'>pauca</span> 
     </span>
     <span class='ocr_line' id='line_1_33' title="bbox 147 2527 1645 2574; baseline -0.003 -10"><span class='ocrx_word' id='word_1_268' title='bbox 147 2530 314 2574; x_wconf 79' lang='lat' dir='ltr'>quaedam</span> <span class='ocrx_word' id='word_1_269' title='bbox 340 2530 376 2564; x_wconf 91' lang='lat' dir='ltr'>in</span> <span class='ocrx_word' id='word_1_270' title='bbox 403 2530 659 2574; x_wconf 81' lang='lat' dir='ltr'>orthographia</span> <span class='ocrx_word' id='word_1_271' title='bbox 685 2533 845 2562; x_wconf 86' lang='lat' dir='ltr'>mutasse</span> <span class='ocrx_word' id='word_1_272' title='bbox 854 2542 861 2569; x_wconf 92' lang='lat'>;</span> <span class='ocrx_word' id='word_1_273' title='bbox 889 2539 1003 2562; x_wconf 87' lang='lat' dir='ltr'>unum</span> <span class='ocrx_word' id='word_1_274' title='bbox 1028 2529 1163 2572; x_wconf 88' lang='lat' dir='ltr'>ubique</span> <span class='ocrx_word' id='word_1_275' title='bbox 1183 2529 1298 2571; x_wconf 75' lang='lat' dir='ltr'>miehi,</span> <span class='ocrx_word' id='word_1_276' title='bbox 1325 2529 1434 2561; x_wconf 68' lang='lat' dir='ltr'>nichil</span> <span class='ocrx_word' id='word_1_277' title='bbox 1450 2527 1645 2571; x_wconf 79' lang='lat' dir='ltr'>scripsisse,</span> 
     </span>
     <span class='ocr_line' id='line_1_34' title="bbox 148 2587 1645 2633; baseline -0.002 -11"><span class='ocrx_word' id='word_1_278' title='bbox 148 2589 259 2622; x_wconf 87' lang='lat' dir='ltr'>alium</span> <span class='ocrx_word' id='word_1_279' title='bbox 286 2601 303 2622; x_wconf 79' lang='lat' dir='ltr'>c</span> <span class='ocrx_word' id='word_1_280' title='bbox 329 2592 364 2622; x_wconf 87' lang='lat' dir='ltr'>et</span> <span class='ocrx_word' id='word_1_281' title='bbox 389 2595 402 2622; x_wconf 78' lang='lat' dir='ltr'><em>t</em></span> <span class='ocrx_word' id='word_1_282' title='bbox 433 2589 571 2623; x_wconf 83' lang='lat' dir='ltr'>litteras</span> <span class='ocrx_word' id='word_1_283' title='bbox 602 2592 840 2633; x_wconf 80' lang='lat' dir='ltr'>permutasse,</span> <span class='ocrx_word' id='word_1_284' title='bbox 878 2599 1004 2622; x_wconf 86' lang='lat' dir='ltr'>omnes</span> <span class='ocrx_word' id='word_1_285' title='bbox 1037 2599 1122 2622; x_wconf 84' lang='lat' dir='ltr'>vero</span> <span class='ocrx_word' id='word_1_286' title='bbox 1154 2592 1167 2620; x_wconf 75' lang='lat' dir='ltr'><em>t</em></span> <span class='ocrx_word' id='word_1_287' title='bbox 1200 2590 1236 2621; x_wconf 88' lang='lat' dir='ltr'>et</span> <span class='ocrx_word' id='word_1_288' title='bbox 1267 2588 1306 2627; x_wconf 72' lang='grc' dir='ltr'>οἷς</span> <span class='ocrx_word' id='word_1_289' title='bbox 1346 2587 1547 2620; x_wconf 85' lang='lat' dir='ltr'>orationem</span> <span class='ocrx_word' id='word_1_290' title='bbox 1580 2597 1645 2630; x_wconf 87' lang='lat' dir='ltr'>pro</span> 
     </span>
     <span class='ocr_line' id='line_1_35' title="bbox 148 2645 1645 2690; baseline -0.002 -9"><span class='ocrx_word' id='word_1_291' title='bbox 148 2647 261 2681; x_wconf 86' lang='lat' dir='ltr'>Balbo</span> <span class='ocrx_word' id='word_1_292' title='bbox 287 2647 401 2681; x_wconf 85' lang='lat' dir='ltr'>multo</span> <span class='ocrx_word' id='word_1_293' title='bbox 427 2648 548 2681; x_wconf 88' lang='lat' dir='ltr'>minus</span> <span class='ocrx_word' id='word_1_294' title='bbox 575 2651 741 2681; x_wconf 80' lang='lat' dir='ltr'>accurate</span> <span class='ocrx_word' id='word_1_295' title='bbox 768 2647 986 2690; x_wconf 84' lang='lat' dir='ltr'>descriptam</span> <span class='ocrx_word' id='word_1_296' title='bbox 1012 2657 1100 2686; x_wconf 79' lang='lat' dir='ltr'>esse,</span> <span class='ocrx_word' id='word_1_297' title='bbox 1133 2649 1173 2680; x_wconf 88' lang='lat' dir='ltr'>ut</span> <span class='ocrx_word' id='word_1_298' title='bbox 1203 2646 1370 2679; x_wconf 85' lang='lat' dir='ltr'>videatur</span> <span class='ocrx_word' id='word_1_299' title='bbox 1395 2645 1562 2679; x_wconf 86' lang='lat' dir='ltr'>librarius</span> <span class='ocrx_word' id='word_1_300' title='bbox 1589 2656 1645 2678; x_wconf 78' lang='lat' dir='ltr'>ex-</span> 
     </span>
     <span class='ocr_line' id='line_1_36' title="bbox 148 2704 1644 2750; baseline -0.001 -11"><span class='ocrx_word' id='word_1_301' title='bbox 148 2706 287 2750; x_wconf 85' lang='lat' dir='ltr'>emplar</span> <span class='ocrx_word' id='word_1_302' title='bbox 313 2706 456 2740; x_wconf 87' lang='lat' dir='ltr'>difficile</span> <span class='ocrx_word' id='word_1_303' title='bbox 483 2707 578 2740; x_wconf 87' lang='lat' dir='ltr'>lectu</span> <span class='ocrx_word' id='word_1_304' title='bbox 604 2710 688 2740; x_wconf 86' lang='lat' dir='ltr'>ante</span> <span class='ocrx_word' id='word_1_305' title='bbox 720 2706 843 2739; x_wconf 89' lang='lat' dir='ltr'>oculos</span> <span class='ocrx_word' id='word_1_306' title='bbox 869 2705 1049 2740; x_wconf 89' lang='lat' dir='ltr'>habuisse.</span> <span class='ocrx_word' id='word_1_307' title='bbox 1101 2705 1195 2739; x_wconf 86' lang='lat' dir='ltr'>Sane</span> <span class='ocrx_word' id='word_1_308' title='bbox 1228 2704 1344 2738; x_wconf 89' lang='lat' dir='ltr'>multo</span> <span class='ocrx_word' id='word_1_309' title='bbox 1375 2705 1457 2748; x_wconf 85' lang='lat' dir='ltr'>plus</span> <span class='ocrx_word' id='word_1_310' title='bbox 1489 2704 1545 2737; x_wconf 84' lang='lat' dir='ltr'>vel</span> <span class='ocrx_word' id='word_1_311' title='bbox 1577 2704 1644 2737; x_wconf 89' lang='lat' dir='ltr'>hoc</span> 
     </span>
     <span class='ocr_line' id='line_1_37' title="bbox 149 2762 1644 2807; baseline -0.002 -9"><span class='ocrx_word' id='word_1_312' title='bbox 149 2765 309 2798; x_wconf 87' lang='lat' dir='ltr'>adhibito</span> <span class='ocrx_word' id='word_1_313' title='bbox 335 2765 494 2799; x_wconf 86' lang='lat' dir='ltr'>subsidio</span> <span class='ocrx_word' id='word_1_314' title='bbox 521 2765 566 2799; x_wconf 89' lang='lat' dir='ltr'>ad</span> <span class='ocrx_word' id='word_1_315' title='bbox 593 2765 670 2798; x_wconf 89' lang='lat' dir='ltr'>eius</span> <span class='ocrx_word' id='word_1_316' title='bbox 696 2764 867 2798; x_wconf 87' lang='lat' dir='ltr'>orationis</span> <span class='ocrx_word' id='word_1_317' title='bbox 894 2763 1187 2798; x_wconf 87' lang='lat' dir='ltr'>emendationem</span> <span class='ocrx_word' id='word_1_318' title='bbox 1213 2774 1325 2807; x_wconf 85' lang='lat' dir='ltr'>quam</span> <span class='ocrx_word' id='word_1_319' title='bbox 1351 2763 1396 2796; x_wconf 89' lang='lat' dir='ltr'>ad</span> <span class='ocrx_word' id='word_1_320' title='bbox 1423 2762 1644 2806; x_wconf 87' lang='lat' dir='ltr'>reliquarum</span> 
     </span>
     <span class='ocr_line' id='line_1_38' title="bbox 150 2820 1644 2867; baseline -0.002 -11"><span class='ocrx_word' id='word_1_321' title='bbox 150 2823 391 2864; x_wconf 82' lang='lat' dir='ltr'>desideratur,</span> <span class='ocrx_word' id='word_1_322' title='bbox 435 2824 652 2867; x_wconf 82' lang='lat' dir='ltr'>videturque</span> <span class='ocrx_word' id='word_1_323' title='bbox 697 2834 739 2857; x_wconf 87' lang='lat' dir='ltr'>ea</span> <span class='ocrx_word' id='word_1_324' title='bbox 776 2823 890 2856; x_wconf 84' lang='lat' dir='ltr'>oratio</span> <span class='ocrx_word' id='word_1_325' title='bbox 928 2826 964 2856; x_wconf 85' lang='lat' dir='ltr'>et</span> <span class='ocrx_word' id='word_1_326' title='bbox 1001 2822 1243 2866; x_wconf 85' lang='lat' dir='ltr'>antiquiorem</span> <span class='ocrx_word' id='word_1_327' title='bbox 1281 2822 1415 2855; x_wconf 88' lang='lat' dir='ltr'>habere</span> <span class='ocrx_word' id='word_1_328' title='bbox 1454 2820 1644 2864; x_wconf 84' lang='lat' dir='ltr'>interpola-</span> 
     </span>
     <span class='ocr_line' id='line_1_39' title="bbox 150 2880 1645 2926; baseline -0.003 -10"><span class='ocrx_word' id='word_1_329' title='bbox 150 2882 286 2915; x_wconf 88' lang='lat' dir='ltr'>tionem</span> <span class='ocrx_word' id='word_1_330' title='bbox 313 2885 348 2916; x_wconf 86' lang='lat' dir='ltr'>et</span> <span class='ocrx_word' id='word_1_331' title='bbox 374 2893 417 2916; x_wconf 78' lang='lat' dir='ltr'>ex</span> <span class='ocrx_word' id='word_1_332' title='bbox 443 2883 693 2926; x_wconf 85' lang='lat' dir='ltr'>depravatiore</span> <span class='ocrx_word' id='word_1_333' title='bbox 720 2881 840 2916; x_wconf 87' lang='lat' dir='ltr'>codice</span> <span class='ocrx_word' id='word_1_334' title='bbox 879 2892 988 2925; x_wconf 87' lang='lat' dir='ltr'>quam</span> <span class='ocrx_word' id='word_1_335' title='bbox 1028 2884 1154 2915; x_wconf 81' lang='lat' dir='ltr'>eeterae</span> <span class='ocrx_word' id='word_1_336' title='bbox 1186 2880 1222 2914; x_wconf 92' lang='lat' dir='ltr'>in</span> <span class='ocrx_word' id='word_1_337' title='bbox 1257 2880 1497 2914; x_wconf 81' lang='lat' dir='ltr'>Parisiensem</span> <span class='ocrx_word' id='word_1_338' title='bbox 1532 2883 1645 2913; x_wconf 86' lang='lat' dir='ltr'>trans-</span> 
     </span>
     <span class='ocr_line' id='line_1_40' title="bbox 151 2941 395 2984; baseline 0.004 -10"><span class='ocrx_word' id='word_1_339' title='bbox 151 2941 281 2984; x_wconf 79' lang='lat' dir='ltr'>scripta</span> <span class='ocrx_word' id='word_1_340' title='bbox 307 2952 395 2975; x_wconf 88' lang='lat' dir='ltr'>esse.</span> 
     </span>
    </p>

    <p class='ocr_par' dir='ltr' id='par_1_6' title="bbox 1317 2997 1363 3031">
     <span class='ocr_line' id='line_1_41' title="bbox 1317 2997 1363 3031; baseline 0.043 -2"><span class='ocrx_word' id='word_1_341' title='bbox 1317 2997 1363 3031; x_wconf 77' lang='lat'>20</span> 
     </span>
    </p>
   </div>
   <div class='ocr_carea' id='block_1_6' title="bbox 1665 1595 1716 1619">
    <p class='ocr_par' dir='ltr' id='par_1_7' title="bbox 1665 1595 1716 1619">
     <span class='ocr_line' id='line_1_42' title="bbox 1665 1595 1716 1619; baseline 0 0"><span class='ocrx_word' id='word_1_342' title='bbox 1665 1595 1716 1619; x_wconf 84' lang='lat'>377</span> 
     </span>
    </p>
   </div>
  </div>
 </body>
</html>
