1915 3235
864 148 948 189 653

114 277 182 327 21,
228 277 252 317 6
294 276 497 317 iudicium
546 277 866 318 sustinebimus.
881 274 913 329 ¹)
983 276 1068 317 Sed
1115 276 1289 318 omnino
1336 276 1447 317 hanc
1494 277 1697 318 orationis

114 347 371 389 concessivae
405 347 589 389 formam
622 348 665 388 hi
699 348 883 389 editores
922 360 1007 388 non
1047 349 1299 393 tenueruntz
1347 347 1418 399 qui
1457 347 1696 400 potuissent

112 417 224 458 enim
267 417 391 458 aliter
431 418 474 458 in
518 417 540 469 ἓ
576 419 649 466 18,
693 418 749 459 ab
792 418 986 459 Ernestio
1029 416 1269 470 praesertim
1309 417 1537 467 admoniti,
1585 418 1696 458 hanc

111 488 368 541 scripturam
400 501 574 529 servare
606 490 737 541 atque
767 488 827 530 ita
859 501 1045 537 servare,
1087 490 1134 528 ut
1164 500 1219 528 ne
1250 487 1383 528 verbo
1416 488 1588 540 quidem
1623 501 1695 529 ex-

111 561 339 599 cusarent?
388 558 435 599 Si
467 572 631 611 veneno,
674 558 786 600 Iovis
816 560 931 600 illius
963 558 1128 612 quidem
1160 559 1378 612 hospitalis
1409 572 1561 599 numen
1592 572 1695 599 nuu-

109 643 233 684 quam
265 630 399 670 celare
413 630 628 683 potuisset,
661 629 844 671 homiues
863 630 1047 682 fortasse
1069 630 1249 670 celasset.
1297 629 1407 670 Nam
1429 628 1497 669 hic
1522 628 1691 681 quidem

108 713 345 753 pronomen
378 700 435 741 ad
465 700 610 741 Iovem
643 700 857 741 adiectum
891 701 1016 753 eique
1048 700 1196 741 addita
1219 699 1430 752 particula
1456 699 1536 740 hoc
1561 712 1694 740 unum

108 770 345 823 significare
377 772 532 823 potest,
580 771 623 812 in
662 771 761 812 Iove
795 771 970 812 concedi
1001 769 1306 822 hospitalitatis
1337 770 1569 818 notionem,
1619 769 1693 810 sed

68 881 72 884 Δ
108 841 145 882 ei
193 841 393 883 contrarii
440 841 601 894 aliquid
648 842 812 883 subiici.
881 842 990 882 Vere
1036 841 1163 893 igitur
1209 839 1429 881 Ernestius
1477 839 1691 883 iudicavit.

107 925 239 965 quum
273 912 420 954 Cicero
452 912 710 965 scripsisset:
744 912 857 953 Iovis
888 912 958 952 ille
990 911 1155 967 quidem
1187 913 1280 961 cet.‚
1321 910 1543 951 librarium
1577 909 1692 951 codi—

107 983 164 1024 cis
207 982 428 1036 archetypi
470 996 709 1035 pronomen
751 983 806 1024 ad
848 996 1006 1024 nomen
1046 982 1294 1035 praecedens
1327 980 1690 1022 accommodasse.

105 1054 340 1096 Beneckius
374 1057 416 1095 et
448 1053 660 1095 Soldanus
692 1067 746 1095 ne
778 1054 820 1094 in
853 1053 1091 1106 Ligarianae
1123 1052 1295 1105 quidem
1329 1050 1427 1103 §31
1462 1051 1576 1092 hunc
1598 1064 1691 1092 sco-

103 1124 253 1177 pulum
285 1125 488 1165 vitarunt.
550 1125 661 1165 Nam
694 1138 825 1177 quum
860 1124 1006 1166 Cicero
1039 1124 1290 1176 scripsisset,
1325 1121 1690 1175 quemadmodum

105 1195 264 1236 editum
300 1196 355 1236 ab
390 1195 541 1236 ceteris
574 1195 773 1236 omnibus
807 1198 890 1236 est:
924 1195 1075 1236 tribuis
1106 1199 1149 1235 tu
1182 1193 1348 1248 quidem
1372 1193 1454 1233 tuis
1478 1193 1537 1232 ita
1560 1192 1690 1232 multu

105 1268 183 1307 cet.
218 1289 272 1294 —
305 1266 376 1307 sed
407 1266 524 1307 video
556 1271 694 1307 tamen
727 1266 841 1320 apud
872 1271 908 1307 te
941 1268 1035 1315 cet.‚
1070 1278 1121 1306 ea
1160 1264 1372 1316 scriptura
1404 1263 1448 1303 in
1480 1263 1690 1303 deteriore

103 1336 296 1378 codicum
331 1337 492 1378 familia
524 1339 694 1378 servata
727 1340 803 1387 est,
836 1336 916 1377 nisi
949 1336 1064 1389 quod
1096 1348 1148 1376 ex
1179 1334 1328 1375 tribuis
1359 1339 1403 1375 tu
1434 1333 1477 1374 in
1507 1333 1690 1374 nonnul—

102 1407 152 1448 lis
185 1407 402 1449 codicibus
435 1411 577 1449 ortum
611 1410 676 1449 est
707 1408 902 1457 tribuisti,
946 1407 990 1448 in
1028 1406 1277 1447 melioribus
1315 1407 1357 1446 et
1389 1404 1537 1457 paucis
1571 1404 1689 1445 dete—

103 1478 262 1520 riorum
296 1479 452 1520 excidit
484 1483 547 1527 ὕας
581 1478 726 1531 itaque
759 1479 887 1519 etiam
921 1478 992 1527 illi,
1034 1490 1141 1530 quos
1174 1476 1273 1526 dixi,
1316 1475 1500 1516 editores
1533 1474 1689 1516 omise-

101 1554 221 1598 runt3
255 1549 444 1591 Klotzius
478 1550 548 1591 hic
581 1551 746 1591 cautior
778 1545 917 1601 fuit.2)

220 1620 298 1661 His
340 1621 455 1670 locis,
504 1633 558 1661 ne
602 1621 759 1673 plures,
808 1633 939 1673 quam
983 1632 1090 1672 opus
1134 1620 1210 1667 est,
1259 1629 1506 1670 persequar,
1556 1628 1685 1656 unum

100 1691 219 1733 illum
252 1691 425 1744 adiungi
457 1692 598 1741 velim,
647 1692 690 1732 in
730 1704 813 1744 quo
852 1691 938 1731 iam
973 1692 1100 1730 antea
1132 1687 1299 1730 ostendi
1332 1700 1354 1728 e
1388 1687 1532 1729 codice
1566 1687 1688 1728 Colo-

100 1761 237 1802 niensi
269 1762 495 1803 veritatem
526 1762 570 1803 in
604 1763 754 1803 ceteris
797 1761 998 1803 obrutam
1039 1772 1270 1812 emergere.
1333 1758 1443 1798 Nam
1476 1756 1499 1809 ξ
1532 1757 1586 1797 36
1621 1757 1688 1798 Ci-

101 1845 197 1873 cero
229 1832 410 1885 scripsit,
443 1835 490 1873 ut
521 1832 564 1873 in
596 1833 666 1874 illo
700 1836 782 1873 est:
818 1831 896 1872 Ille
929 1832 1037 1872 enim
1067 1830 1231 1883 furoris
1254 1829 1427 1869 multam
1452 1828 1687 1876 sustulerat,

99 1903 166 1943 hic
198 1904 366 1953 erroris,
400 1917 484 1956 quo
517 1916 672 1956 genere
704 1902 904 1956 loquendi
949 1901 1014 1954 (ut
1045 1913 1221 1954 poenam
1253 1898 1475 1940 sustulisse
1508 1898 1686 1939 dicatur.

101 1974 167 2015 cui
198 1975 253 2015 sit
279 1973 501 2027 imposita)
535 1974 666 2015 etiam
699 1974 752 2015 de
785 1974 834 2014 N.
868 1973 917 2014 D.
951 1972 1006 2013 III
1037 1970 1060 2023 ξ
1094 1972 1149 2012 82
1181 1980 1284 2012 usus
1318 1971 1395 2010 est.
1443 1969 1529 2010 Sed
1555 1981 1686 2021 quum

100 2045 143 2085 id
174 2058 260 2086 non
298 2045 618 2098 intelligeretur,
667 2058 693 2086 a
732 2043 916 2085 librariis
956 2043 999 2083 in
1037 2042 1178 2095 priore
1218 2040 1413 2082 codicum
1452 2038 1615 2080 familia
1647 2041 1687 2079 et

98 2118 223 2168 parte
270 2116 444 2157 alterius
492 2116 773 2157 substitutum
822 2116 885 2155 est
932 2114 1207 2161 sustinuerat,
1261 2123 1445 2164 pravum
1501 2109 1561 2162 (in
1608 2109 1688 2150 hoc

99 2185 248 2239 verbo)
280 2188 465 2239 tempus,
515 2186 636 2239 quasi
675 2185 913 2230 Antiochus
950 2186 1057 2233 tum,
1107 2196 1238 2236 quum
1271 2181 1374 2222 illud
1407 2180 1524 2230 dixit,
1573 2179 1687 2232 quod

136 2326 163 2370 1>
191 2327 371 2362 Soldanus
397 2327 474 2367 etsi,
502 2326 589 2371 quid
615 2329 849 2370 quaereretur,
876 2336 949 2358 non
977 2322 1244 2363 animadvertit,
1271 2325 1393 2355 tamen
1412 2324 1543 2364 praeter
1568 2320 1687 2354 locum

195 2387 297 2421 illum
323 2397 367 2420 ex
392 2386 494 2420 initio
520 2385 728 2429 Philippicae
754 2387 864 2418 sextae
896 2383 962 2416 hos
994 2382 1104 2416 etiam
1130 2391 1302 2415 numeros
1328 2379 1533 2423 adscripsit:
1572 2378 1686 2412 Divin.

192 2445 229 2479 in
256 2446 343 2479 Caec.
371 2456 399 2479 c.
427 2445 482 2486 18,
520 2456 585 2489 pro
618 2444 723 2477 Marc.
751 2454 779 2476 c.
807 2442 838 2483 9,
872 2442 917 2475 ad
943 2441 1016 2475 Att.
1043 2441 1086 2482 II,
1119 2440 1151 2481 9,
1184 2450 1248 2483 pro
1281 2438 1403 2481 Quint.
1431 2449 1460 2472 c.
1487 2437 1518 2478 1,
1559 2437 1689 2481 quibus

192 2505 279 2539 locis
305 2504 392 2548 quid
417 2505 567 2548 legatur,
606 2502 703 2546 quod
734 2500 886 2535 minima
919 2511 962 2534 ex
993 2503 1096 2543 parte
1128 2499 1221 2532 hanc
1252 2509 1329 2532 rem
1356 2497 1519 2540 attingat,
1558 2495 1687 2530 nescio.

193 2562 260 2606 [De
286 2563 386 2597 Livio
413 2563 474 2597 cfr.
502 2562 578 2596 Em.
605 2561 680 2595 Liv.
707 2572 741 2604 p.
768 2559 837 2593 335
863 2559 917 2593 ed.
944 2556 992 2600 2.]

134 2620 163 2666 ²)
189 2622 320 2657 Omissi
346 2622 382 2656 in
408 2622 475 2656 hac
501 2621 619 2655 forma
644 2617 869 2664 pronominis
897 2617 1105 2661 exemplum
1133 2619 1186 2650 est
1212 2616 1248 2649 in
1274 2615 1428 2659 Philipp.
1457 2614 1487 2647 II
1513 2612 1534 2656 ξ
1561 2613 1591 2654 G,
1626 2614 1686 2646 sed

192 2681 462 2715 excusationem
487 2681 598 2714 hahet
623 2690 666 2713 ex
693 2689 746 2719 eo,
773 2677 870 2721 quod
896 2686 1099 2720 pronomen
1125 2674 1244 2708 eidem
1269 2672 1495 2708 substantivo
1522 2682 1604 2705 cum
1631 2670 1687 2704 de-

192 2740 454 2774 monstratione
486 2738 699 2773 adiunctum
731 2735 918 2780 praecedit,
958 2738 997 2768 ut
1028 2733 1151 2767 iterari
1185 2732 1374 2766 commode
1406 2742 1478 2765 non
1511 2729 1686 2774 potuerit:

193 2801 229 2833 in
256 2800 317 2833 illa
344 2799 496 2842 querela,
535 2799 667 2830 misera
699 2796 839 2839 quidem
865 2799 895 2827 et
921 2795 1094 2836 luctuosa,
1132 2793 1192 2826 secl
1216 2793 1306 2825 mihi
1330 2791 1541 2829 necessaria,
1580 2791 1614 2821 et
1640 2788 1687 2821 al-

191 2862 310 2892 terum
336 2857 407 2891 ibd.
434 2855 455 2899 ξ
480 2856 542 2889 39:
581 2856 700 2889 Erant
727 2856 866 2898 quidem
899 2854 961 2886 illa
989 2857 1110 2886 castra
1128 2851 1240 2894 plena
1265 2860 1370 2889 euroe,
1410 2848 1506 2891 quod
1532 2846 1683 2881 similem

191 2916 461 2951 excusationem
493 2915 619 2951 habet;
660 2924 744 2947 nam
785 2914 846 2946 illa
880 2917 1002 2945 castra
1035 2909 1236 2944 necessario
1269 2907 1463 2941 dicendum
1496 2909 1573 2940 erat
1604 2915 1684 2939 cum

192 2975 513 3009 demonstratione.

1711 1627 1760 1651 3103
