1915 3235
835 105 920 146 375

85 232 294 274 edebant:
343 232 442 273 Esto
473 234 616 287 iyitur,
656 238 701 274 ut
740 233 785 274 lii
816 234 899 275 sint
931 233 1073 288 (quam
1104 238 1149 274 tu
1180 233 1388 273 nationem
1421 230 1672 286 appellasti),

85 303 156 357 qui
187 307 224 344 et
254 304 407 357 inteyri
437 308 533 344 sunt
565 308 601 344 et
631 304 728 344 sani
759 308 795 345 et
827 304 923 345 bene
955 304 1004 345 de
1037 304 1157 345 rebus
1188 303 1419 344 domesticis
1442 303 1650 344 constituti
1657 317 1674 354 ,-

84 373 280 423 Orellius,
315 373 519 423 codicem,
561 376 609 415 ut
641 374 701 415 ait
732 375 775 415 in
806 375 932 425 notis,
973 374 1236 416 Bernensem
1267 373 1456 427 priorem
1487 375 1673 423 secutus,

85 443 235 485 edidit:
272 443 347 485 Est
380 445 509 498 ἐθέτην
540 449 584 485 ut
615 448 694 486 cet.
743 446 829 487 Sed
860 451 907 487 ut
938 448 1054 487 recte
1080 444 1306 494 dubitavit,
1341 444 1674 486 Ciceronianene

84 514 320 555 diceretur:
355 514 466 567 Esto,
500 519 544 555 ut
575 516 659 556 sint
689 529 767 568 pro
801 530 864 565 eo,
899 516 1015 569 quod
1048 518 1131 557 est:
1166 515 1351 569 positum
1382 516 1447 565 sit,
1482 528 1547 555 eos
1578 528 1672 564 esse,

83 585 142 626 ita
174 585 310 626 multo
342 584 479 638 magis
513 585 712 627 dubitare
745 587 947 638 debebat,
982 586 1271 628 dicereturne:
1306 590 1374 638 est,
1410 590 1452 626 ut
1483 586 1567 626 sint
1596 599 1674 638 pro

84 668 147 705 eo,
181 656 297 708 quod
329 659 393 697 est
424 662 531 698 smzt.
545 653 577 709 1)
640 657 831 708 Accedit,
865 658 982 711 quod
1012 657 1139 698 huius
1170 659 1285 698 notae
1323 654 1345 696 ἑ
1373 654 1453 707 [sic
1486 656 1601 696 enim
1632 656 1675 696 in

82 725 180 767 Par.
214 726 435 780 scribitur]
479 741 557 780 pro
601 733 657 769 est
698 728 742 769 in
782 729 1016 782 archetypo
1048 727 1200 781 positae
1231 726 1349 768 nulla
1381 726 1465 767 alia
1497 726 1676 779 vestigia

83 799 195 838 sunt.
258 798 356 850 Ipsa
388 799 603 840 sententia
634 799 807 840 inanem
840 799 1009 840 videtur
1046 799 1209 839 habere
1248 797 1478 850 superioris
1515 796 1675 849 repeti-

82 867 257 918 tionem,
290 881 370 909 nec
403 882 499 910 earn
533 870 758 910 commode
791 883 1054 922 expressam.
1118 868 1285 921 (Itaque
1318 867 1554 908 Lambinus
1578 869 1676 920 post

82 938 166 978 sint
197 938 364 979 addidit
395 938 642 994 optimates.)
705 940 790 981 Sed
834 940 877 981 id
919 940 1073 982 accidit
1116 940 1261 992 aliqua
1301 952 1352 980 ex
1382 940 1507 991 parte
1539 951 1676 991 prava

83 1008 446 1062 interpunctione;
489 1024 628 1063 neque
663 1012 776 1052 enim
808 1011 1057 1063 parenthesi
1088 1011 1207 1052 locus
1241 1012 1318 1059 est,
1353 1009 1442 1057 sed,
1477 1022 1573 1062 quae
1606 1008 1675 1050 Ci-

84 1091 180 1120 cero
214 1084 474 1133 exposuerat
505 1082 558 1122 de
591 1082 886 1134 optimatibus,
936 1094 987 1122 ea
1032 1081 1241 1123 convertit
1268 1072 1338 1122 'ad
1376 1079 1534 1120 Vatinii
1572 1079 1677 1120 illud

82 1150 265 1192 verbum
298 1152 502 1201 nationis,
543 1153 689 1204 itaque
723 1152 1022 1203 coniungenda
1053 1152 1146 1193 haec
1179 1153 1297 1192 sunt:
1348 1151 1379 1190 ii
1409 1155 1517 1203 sunt,
1551 1164 1677 1205 quam

120 1336 150 1379 ¹)
175 1339 346 1374 Consulto
373 1340 563 1384 quaesitam
589 1339 674 1374 dicit
699 1340 936 1384 periphrasin,
976 1343 1015 1374 ut
1048 1339 1190 1373 auditor
1216 1338 1252 1372 in
1279 1349 1321 1372 ea
1346 1349 1383 1372 re
1410 1338 1676 1372 immoraretur.

176 1399 217 1432 Id
243 1399 352 1433 homo
379 1399 539 1435 Latinus,
575 1402 615 1432 ut
646 1409 713 1432 nos
745 1399 782 1433 in
808 1400 939 1433 nostris
965 1399 1107 1443 linguis,
1142 1398 1321 1432 efficiebat
1345 1409 1384 1432 re
1409 1397 1574 1441 pluribus
1599 1408 1678 1431 ver-

176 1457 231 1492 bis
257 1459 588 1499 commemoranda,
629 1469 708 1502 quae
734 1458 871 1502 aliquid
897 1458 1151 1502 significarent,
1190 1468 1263 1491 non
1289 1457 1388 1490 inani
1414 1468 1514 1490 sono.
1564 1456 1614 1490 Ne
1641 1456 1677 1490 in

177 1517 324 1561 reliquis
350 1518 498 1562 quidem
524 1518 709 1562 exemplis,
742 1517 803 1550 ubi
829 1520 910 1561 post
936 1522 985 1550 est
1013 1522 1050 1550 ut
1074 1517 1173 1551 aliud
1199 1516 1387 1550 subiicitur
1413 1515 1577 1556 verbum,
1610 1515 1677 1549 nisi

179 1576 276 1620 apud
303 1577 458 1611 comicos
485 1580 520 1611 et
546 1576 769 1617 Lucretium,
809 1576 1079 1610 circumlocutio
1111 1587 1176 1620 pro
1211 1574 1365 1619 simplici
1390 1574 1500 1608 verbo
1533 1577 1602 1611 est;
1642 1579 1677 1608 et

177 1635 274 1678 apud
300 1635 379 1670 illos
404 1636 500 1680 ipsos
528 1647 622 1680 saepe
650 1636 833 1679 singulare
861 1631 950 1675 ἦθος
975 1635 1037 1669 illa
1069 1634 1240 1668 orationis
1271 1634 1387 1677 figura
1412 1634 1532 1668 habet.
1583 1633 1677 1668 Cice-

177 1694 274 1728 ronis
306 1694 384 1735 loci,
425 1706 515 1739 quos
547 1695 706 1729 afferunt
739 1693 823 1736 (vid.
850 1694 1040 1739 Zumptius
1066 1694 1102 1728 in
1130 1693 1289 1727 Gramm.
1316 1691 1337 1734 ξ
1366 1691 1432 1725 752
1458 1692 1513 1726 ed.
1542 1691 1576 1734 7)
1602 1692 1677 1726 lon-

176 1753 254 1797 gius
281 1754 480 1788 discedunt.
530 1754 621 1788 Nam
649 1753 747 1788 Orat.
778 1753 833 1794 59,
874 1753 952 1795 199,
992 1753 1019 1787 si
1054 1764 1095 1787 ea
1129 1756 1223 1787 esset
1255 1751 1427 1786 orationis
1460 1751 1677 1793 coniunctio,

178 1812 308 1846 saltem
333 1812 567 1846 scriberetur:
602 1824 671 1847 non
696 1818 736 1846 ut
763 1814 799 1846 id
823 1814 953 1853 solnm,
987 1812 1049 1846 sed
1078 1818 1114 1846 ut
1140 1810 1370 1845 concedentis
1396 1821 1473 1844 esse
1499 1810 1677 1854 apertissi-

176 1881 279 1904 mum
317 1875 382 1905 est.
438 1871 522 1905 Loci
555 1871 599 1905 de
625 1871 722 1905 Orat.
749 1872 793 1913 11,
825 1871 870 1904 36
897 1871 984 1912 init„
1024 1882 1095 1914 quo
1129 1870 1331 1904 Schellerus
1357 1869 1529 1910 abutitur,
1568 1869 1677 1903 aliam

178 1940 256 1964 esse
282 1930 472 1972 rationem,
499 1930 699 1974 apparebit,
726 1930 754 1964 si
781 1930 1027 1964 substitueris:
1057 1930 1115 1963 Sic
1141 1940 1176 1963 se
1197 1940 1253 1962 res
1273 1929 1385 1971 habet,
1412 1934 1450 1962 ut
1476 1930 1575 1972 dicis,
1602 1931 1678 1962 An-

179 1990 263 2031 toni,
305 1994 341 2022 ut.
367 1993 433 2023 cet.
485 1990 590 2032 Quod
616 2000 682 2033 pro
709 1989 815 2023 Caelio
842 1988 897 2030 20,
924 1988 969 2021 48
996 1991 1067 2022 est:
1106 1990 1249 2032 quando
1275 1989 1424 2031 denique
1447 1989 1529 2031 fuit,
1568 1993 1607 2021 ut
1634 2006 1676 2010 —

177 2058 247 2081 non
273 2048 400 2089 liceret,
428 2048 583 2082 Orellius
608 2048 685 2092 ipse
711 2047 887 2082 WVunderi
913 2047 1032 2082 verbis
1058 2048 1188 2082 melius
1215 2046 1380 2091 exposuit
1413 2045 1501 2087 (non
1524 2048 1606 2089 fuit,
1639 2052 1677 2080 ut

179 2105 319 2147 dicitur,
346 2107 409 2141 sed
435 2109 579 2151 quando
602 2108 685 2150 fecit,
715 2108 775 2146 nt).
814 2107 865 2140 De
891 2107 944 2140 Re
971 2118 1004 2151 p.
1031 2107 1073 2148 H,
1099 2106 1120 2139 2
1147 2107 1183 2140 in
1210 2106 1452 2140 contortulam
1477 2106 1593 2140 Beieri
1620 2117 1677 2140 ex-

176 2164 407 2208 plicationem
434 2166 493 2199 vix
521 2165 715 2209 quisquam
742 2166 874 2199 iterum
901 2165 1044 2205 incidet,
1071 2165 1133 2199 ubi
1151 2165 1274 2199 omnia
1292 2165 1557 2209 simplicissima
1575 2168 1675 2199 sunt:

175 2226 285 2267 famoe
310 2227 491 2268 sapienter
517 2237 539 2259 a
564 2226 762 2259 maioribus
782 2226 949 2268 proditae,
986 2230 1023 2258 ut
1055 2222 1198 2267 (seilicet
1228 2224 1382 2258 barbare
1415 2222 1541 2266 addas)
1567 2229 1678 2267 puta-

177 2289 303 2317 rentur
328 2282 597 2328 (imperfectum
622 2284 777 2317 relatum
805 2284 849 2317 ad
877 2285 1055 2317 maiorum
1080 2282 1222 2327 sapiens
1250 2281 1442 2325 inventum)
1468 2294 1539 2317 non
1564 2284 1679 2317 solum

180 2344 321 2385 ingenio
347 2354 419 2377 esse
445 2345 574 2385 dii-ino,
614 2344 674 2376 sed
706 2345 812 2376 etlam
836 2353 972 2385 ywere.
1023 2342 1091 2376 Pro
1119 2341 1226 2376 Caelio
1258 2341 1414 2385 denique
1448 2353 1476 2376 c.
1504 2342 1525 2375 6
1552 2345 1587 2376 et
1611 2353 1678 2385 pro

178 2401 248 2435 Mil.
276 2400 320 2435 13
348 2413 466 2436 causae
491 2401 704 2446 significatio
731 2400 960 2444 agnoscenda
987 2403 1057 2441 est;
1096 2411 1215 2444 neque
1249 2400 1346 2434 enim
1379 2400 1422 2434 de
1455 2400 1536 2434 odio
1563 2400 1677 2435 Clodii

177 2460 272 2500 dicit,
299 2461 361 2494 sed
388 2461 431 2494 de
458 2461 575 2495 causis
601 2460 683 2494 odii.
736 2458 843 2502 [Item
869 2460 913 2493 de
938 2459 1016 2493 Div.
1043 2460 1069 2500 I,
1097 2458 1152 2500 56,
1180 2458 1264 2498 12&
1291 2459 1369 2493 Div.
1398 2459 1434 2492 in
1461 2459 1550 2493 Caec.
1575 2459 1604 2500 7,
1631 2458 1676 2491 22

177 2523 212 2553 et
238 2520 283 2553 ad
309 2520 382 2553 Att.
408 2520 465 2561 IV,
492 2519 514 2552 8
538 2519 579 2560 B,
612 2518 633 2550 2
659 2518 814 2552 eandem
839 2518 913 2551 vim
939 2518 1050 2551 habet
1075 2517 1358 2559 circumlocutio,
1392 2529 1504 2561 quam
1536 2529 1602 2551 nos
1629 2518 1676 2551 ef—

175 2577 328 2619 ficimus,
356 2589 469 2622 quum
496 2578 664 2612 dicimus:
691 2578 743 2611 Es
770 2579 814 2610 ist
839 2578 902 2610 der
926 2577 1021 2619 Fati,
1048 2578 1133 2610 dass
1160 2574 1231 2619 ——·]
1269 2576 1320 2610 Ne
1345 2576 1503 2611 Lucretii
1529 2577 1676 2620 quidem

178 2636 206 2670 is
237 2637 348 2677 locus,
387 2648 458 2681 quo
491 2636 646 2671 Orellius
677 2637 792 2671 utitur
824 2635 878 2678 (V,
916 2635 1021 2678 1340)
1049 2639 1156 2680 aptus
1190 2640 1244 2670 est
1281 2634 1358 2678 (sed
1390 2640 1475 2670 sunt
1508 2636 1567 2670 alii
1600 2636 1677 2669 eius

177 2695 252 2739 apti
277 2694 376 2738 loci);
403 2707 489 2730 nam
515 2698 566 2730 sic
589 2697 672 2739 fecit,
700 2701 737 2729 ut
761 2697 920 2738 facerent
945 2705 1018 2728 non
1045 2698 1114 2729 est:
1148 2697 1198 2729 sic
1221 2697 1392 2738 fecerunt,
1419 2694 1497 2728 sed:
1524 2695 1575 2727 sic
1597 2695 1679 2736 fieri

170 2756 302 2797 potuit,
335 2760 375 2788 ut
397 2756 558 2797 facerent
588 2754 645 2796 (ut
671 2764 791 2788 errore
817 2757 853 2787 et
879 2753 1021 2787 inscitia
1045 2754 1185 2788 belluas
1210 2754 1356 2788 sibimet
1381 2752 1467 2797 ipsis
1492 2752 1676 2786 nocituras

176 2812 213 2846 in
239 2813 361 2847 hostes
387 2818 550 2858 agerent;
590 2814 652 2848 sed
678 2812 827 2857 propius
859 2823 944 2847 vero
977 2813 1130 2854 videtur,
1162 2813 1360 2857 prudentes
1385 2811 1612 2854 scientesque
1640 2811 1675 2844 id

179 2871 314 2913 fecisse,
340 2871 485 2906 delendi
509 2871 622 2906 hostis
648 2871 706 2905 vel
732 2883 814 2906 cum
841 2882 906 2906 suo
924 2871 1072 2906 interitu
1091 2872 1251 2916 cupidos.
1290 2872 1422 2905 Versus
1441 2868 1677 2903 1343—1345

177 2929 323 2964 aliunde
349 2928 602 2972 accesserunt).

1693 314 1745 339 484
