1915 3235
981 115 1067 157 292
1102 133 1104 136 ’

228 249 325 289 bant
356 247 399 288 in
432 259 483 287 ea
515 246 740 295 sententia,
775 258 860 298 qua
893 245 1054 298 aliquid
1085 245 1181 298 plus
1215 244 1446 297 aliquando
1479 243 1642 285 factum
1666 256 1819 285 conce-

226 319 353 367 ditur,
384 316 550 358 addita
588 317 829 369 praesertim
867 316 1079 368 particula
1119 316 1264 363 etiam3
1314 314 1389 356 cfr.
1423 314 1476 355 de
1520 315 1646 367 Legg.
1679 314 1708 363 Ι,
1751 315 1818 365 16,

224 388 301 429 45:
351 387 463 428 Nam
505 388 542 428 si
580 387 770 440 opinione
800 387 999 427 miiversa
1030 387 1175 439 virtus,
1225 385 1368 426 eadem
1401 386 1489 426 eius
1521 386 1646 426 etiam
1670 389 1817 439 partes

218 458 519 513 probem-entim.
532 454 566 509 1)

343 529 388 571 C.
408 529 477 578 24,
511 528 568 569 54
599 528 823 581 Zumptius
857 528 1007 569 edidit:
1042 527 1104 568 Eo
1135 527 1340 568 concludit
1372 541 1571 582 maynam
1602 526 1816 567 hominum

223 599 545 649 multitudinem,
584 598 659 639 ubi
694 599 825 652 ,vulgo
858 602 952 640 erat
983 598 1191 647 conducit3
1240 598 1316 639 sed
1349 598 1508 651 duplex
1540 600 1687 639 manet
1718 610 1816 639 ora-

222 672 350 713 tionis
389 671 555 711 vitium.
619 669 681 710 Eo
714 670 828 710 enim
874 669 994 711 initio
1041 670 1267 710 sententiae
1316 669 1482 719 dicitur,
1531 671 1742 722 tanquam
1782 669 1817 710 si

222 742 418 796 proxime
451 746 550 782 ante
583 741 701 782 locus
740 741 987 782 nominatus
1027 743 1153 790 esset,
1203 740 1409 781 concludit
1447 753 1646 794 maynam
1688 739 1817 780 homi·

222 827 323 854 num
355 812 675 862 multitudinem,
723 815 931 864 tanquam
980 811 1014 852 si
1060 811 1256 852 homines
1305 813 1586 864 congregatos
1623 810 1818 852 nondum

223 884 420 933 dixisset;
454 886 687 936 utrumque
720 885 871 924 contra
905 888 989 931 est3
1028 883 1189 935 optime
1223 882 1363 935 igitur,
1397 895 1484 923 non
1515 881 1736 931 mendose,
1769 883 1818 922 ut

151 964 201 990 361
222 955 447 1008 Zumptius
481 955 553 1003 ait,
603 953 770 995 codices
812 953 1011 995 meliores
1052 965 1203 994 omnes
1242 953 1427 994 habent:
1478 952 1561 994 Eos
1598 951 1817 1005 concludit,

221 1040 362 1080 mayn.
396 1025 503 1066 hom.
536 1026 652 1066 mult.
715 1024 908 1065 Primum
947 1024 1143 1065 homines
1183 1024 1239 1065 ad
1278 1038 1386 1077 opus
1429 1023 1675 1065 faciendum
1716 1036 1817 1064 con-

223 1097 362 1139 clusos
395 1098 556 1146 narrat,
591 1096 747 1137 deinde
780 1095 997 1144 admonet,
1038 1097 1242 1147 magnam
1282 1108 1379 1136 eam
1413 1095 1544 1136 fuisse
1576 1093 1817 1135 multitudi—

221 1181 335 1209 nem.
402 1167 620 1209 Concludit
652 1169 798 1208 autem
832 1166 1029 1208 absolute
1062 1166 1230 1216 dicitur,
1274 1165 1643 1218 quemadmodum
1676 1165 1719 1205 in
1745 1155 1816 1205 'di-

220 1252 346 1280 versa
378 1251 424 1279 re
457 1238 509 1279 de
542 1238 664 1278 Finn.
697 1238 746 1287 V,
788 1237 857 1287 20,
900 1237 975 1279 56:
1024 1237 1173 1290 bestiae,
1222 1251 1327 1292 quas
1368 1237 1650 1278 delectationis
1688 1249 1818 1276 causa

220 1309 517 1350 concludimus.

339 1379 385 1422 C.
411 1380 480 1429 36,
516 1380 569 1421 79
602 1380 729 1433 vulgo
763 1379 992 1421 edebatur:
1026 1380 1097 1434 qui
1128 1392 1211 1419 non
1241 1378 1416 1419 obtrusit
1448 1379 1594 1434 aliqua
1626 1391 1674 1419 ex
1691 1382 1817 1431 parte

222 1456 484 1491 ›nommzenta
531 1451 577 1492 P.
614 1450 838 1504 Scipionis,
887 1451 1033 1503 inepto
1081 1450 1235 1499 verbm
1283 1450 1543 1491 recentiores
1571 1462 1644 1490 ex
1691 1449 1814 1490 bonis

257 1591 287 1635 ¹)
312 1593 425 1627 Paulo
452 1596 547 1634 ante,
573 1592 629 1633 23,
656 1592 719 1633 51,
739 1591 835 1626 tueri
857 1591 978 1625 studet
996 1590 1185 1634 Zumptius
1211 1590 1376 1625 codicum
1394 1591 1628 1635 scripturam:
1654 1591 1718 1624 illa
1735 1601 1816 1624 vero

314 1655 449 1696 optima
474 1658 534 1695 est,
561 1656 602 1686 ut
627 1651 795 1686 audiatur
819 1662 887 1691 res,
915 1651 1011 1694 quod
1037 1649 1162 1684 fierine
1187 1650 1260 1684 ullo
1279 1650 1387 1684 modo
1405 1650 1529 1694 possit,
1555 1649 1660 1684 valde
1679 1649 1814 1684 dubito.

314 1712 437 1756 Neque
464 1712 560 1746 enim
587 1710 794 1745 huiusmodi
821 1709 996 1753 generalis
1023 1713 1059 1743 et
1085 1709 1274 1743 abstractae
1292 1708 1562 1753 significationis
1589 1708 1818 1743 substantiva

315 1771 450 1805 omissa
482 1770 598 1805 audiri
629 1772 792 1814 possunt,
830 1769 893 1803 sed
932 1767 1095 1812 specialis
1135 1771 1170 1802 et
1206 1768 1371 1812 propriae,
1412 1779 1492 1812 quae
1529 1768 1608 1812 ipsa
1645 1767 1816 1802 adiuncta

315 1830 491 1864 vocabula
528 1829 699 1863 indicant.
750 1828 793 1861 Et
831 1827 956 1870 quidni
995 1826 1153 1867 dixisset,
1193 1831 1234 1861 ut
1265 1827 1404 1861 ferebat
1437 1827 1672 1868 consuetudo,
1713 1837 1816 1870 aeque

315 1890 487 1924 breviter:
526 1890 617 1923 illud
647 1899 727 1922 vero
760 1886 955 1930 optimum?
994 1886 1089 1929 Quin
1121 1886 1387 1920 intolerabilem
1419 1887 1633 1930 languorem
1658 1886 1720 1920 illa
1745 1896 1816 1920 vox

315 1953 350 1982 et
376 1948 500 1982 addita
525 1952 561 1982 et
586 1947 769 1981 intellecta
795 1946 914 1986 infert,
941 1948 1036 1979 certe
1062 1945 1099 1979 in
1125 1944 1233 1989 primi
1259 1945 1303 1979 de
1327 1945 1368 1979 N.
1392 1945 1431 1979 D.
1458 1945 1540 1979 libri
1567 1956 1595 1979 c.
1622 1944 1654 1986 8,
1681 1945 1744 1979 ubi
1770 1944 1815 1979 de

315 2001 503 2042 sententiis
535 2011 571 2041 et
602 2006 758 2041 inventis
790 2005 1005 2048 disputatur.
1056 2004 1097 2038 In
1131 2004 1280 2038 secundi
1312 2004 1394 2038 libri
1427 1994 1526 2038 Verr.
1560 2015 1588 2038 c.
1615 2002 1660 2036 23
1693 2002 1817 2047 (refert

316 2068 414 2101 illam
451 2079 556 2101 suam
596 2063 885 2110 Syracusanam)
922 2074 995 2097 non
1034 2063 1160 2097 dubito
1198 2063 1285 2106 quin
1324 2063 1476 2097 verbum
1515 2063 1662 2097 Latinos
1699 2073 1816 2096 scenae

314 2125 554 2167 admonuerit,
593 2125 725 2159 omisso
765 2135 806 2158 ex
846 2122 1014 2157 familiari
1053 2122 1315 2157 consuetudine
1346 2123 1481 2165 fabulae
1512 2121 1700 2162 vocabulo,
1738 2124 1816 2155 tan-

314 2195 423 2228 quam
453 2185 687 2228 Syracusana
713 2194 846 2217 nomen
874 2185 984 2219 esset;
1019 2181 1089 2216 vid.
1118 2181 1260 2216 Terent.
1286 2182 1415 2225 Hecyr.
1442 2181 1532 2225 prol.
1558 2180 1590 2222 2,
1616 2192 1649 2215 v.
1677 2180 1732 2222 21,
1759 2180 1815 2222 30,

314 2244 392 2277 coll.
418 2243 489 2277 Cic.
516 2255 580 2287 pro
607 2243 747 2277 Cluent.
773 2241 829 2282 31,
857 2240 917 2275 86:
962 2242 1006 2274 Te
1038 2252 1118 2275 vero
1151 2242 1241 2275 illud
1275 2242 1376 2284 idem,
1415 2241 1508 2284 quod
1533 2246 1609 2274 tum
1633 2241 1817 2283 explosum

313 2308 343 2336 ct
381 2304 526 2336 eiectum
563 2308 623 2345 est,
663 2314 757 2335 nunc
793 2301 971 2334 rettulisse
1002 2302 1170 2334 demiror.
1230 2300 1270 2334 In
1306 2299 1455 2343 Quintil.
1482 2299 1539 2340 VI,
1579 2298 1611 2340 1,
1649 2298 1670 2331 4
1696 2301 1815 2342 potest

312 2362 461 2405 pluralis
499 2361 698 2405 generatim
736 2360 903 2404 intelligi,
941 2360 1103 2394 subiecto
1143 2358 1406 2403 particulatim:
1452 2360 1485 2392 si
1522 2359 1677 2402 aliquod.
1739 2357 1817 2392 Hoc

312 2421 547 2454 Verrinarum
573 2420 651 2454 loco
678 2431 780 2464 paene
805 2419 964 2454 adducor
990 2422 1030 2452 ut
1055 2424 1105 2452 est
1123 2421 1219 2452 recte
1240 2418 1399 2452 deletum
1420 2417 1576 2459 credam,
1604 2416 1814 2450 Ciceronem

313 2482 436 2513 autem
462 2479 593 2523 plurali
619 2490 727 2513 usum
753 2482 929 2522 tanquam
955 2477 1215 2520 narrationem,
1250 2487 1330 2521 quae
1356 2476 1530 2520 sequitur,
1568 2475 1814 2520 particulatim

311 2538 347 2571 in
373 2538 478 2581 plura
504 2537 655 2572 crimina
682 2537 913 2571 distributam
939 2536 1178 2577 subiecturus,
1216 2547 1297 2579 quae
1330 2546 1428 2569 nunc
1453 2546 1526 2569 uno
1553 2538 1678 2569 tenore
1704 2534 1814 2568 conti-

310 2600 454 2637 nuatur,
482 2597 792 2640 quemadmodum
818 2596 873 2637 59,
901 2595 967 2629 131
996 2595 1100 2629 dixit:
1128 2597 1208 2629 Iam
1236 2596 1308 2638 illa,
1337 2606 1416 2638 quae
1437 2595 1569 2629 leviora
1589 2595 1813 2636 videbuntur,

312 2657 386 2690 ideo
406 2657 610 2699 praeteribo,
650 2657 743 2699 quod
769 2666 814 2678 —·
840 2655 996 2696 abstulit,
1035 2654 1102 2688 etsi
1134 2653 1181 2687 ibi
1216 2653 1366 2698 pluralis
1393 2653 1514 2687 minus
1540 2653 1701 2694 offendit,
1740 2663 1814 2686 non

311 2717 385 2748 tam
419 2718 496 2748 arte
528 2725 712 2748 connexus
745 2725 828 2748 cum
855 2713 1031 2747 vocabulo
1058 2714 1161 2757 quod.
1213 2710 1299 2755 [Cfr.
1326 2711 1479 2756 Philipp.
1513 2712 1553 2753 V,
1587 2711 1618 2754 6,
1652 2710 1714 2745 17:
1754 2712 1814 2745 An

312 2774 374 2807 illa
401 2784 471 2807 non
498 2800 681 2807 ......
709 2779 792 2807 sunt
819 2775 988 2817 notanda,
1015 2774 1109 2817 quod
1136 2797 1320 2806 ......
1347 2771 1512 2805 habuerit
1539 2798 1545 2805 .
1574 2773 1610 2805 ..9
1640 2770 1812 2804 Similiter

311 2833 373 2865 illa
400 2859 406 2866 .
436 2858 442 2865 .
471 2859 477 2865 .
505 2833 599 2875 quod
625 2832 726 2875 quasi
754 2832 797 2866 de
823 2832 987 2876 pluribus
1012 2832 1160 2876 ponitur
1186 2834 1222 2865 et
1246 2833 1371 2864 tamen
1398 2840 1513 2864 unum
1540 2832 1683 2864 tantum
1703 2828 1813 2863 subii—

310 2891 402 2924 citur
429 2890 464 2924 in
491 2890 593 2924 Catil.
620 2891 634 2924 I
661 2889 682 2933 ξ
706 2890 739 2929 3,
772 2902 836 2935 pro
864 2891 983 2924 Plane.
1011 2889 1032 2933 ἓ
1056 2889 1112 2931 86,
1146 2889 1186 2924 Ν.
1213 2889 1255 2923 D.
1282 2889 1313 2922 II
1339 2887 1360 2931 ξ
1386 2887 1465 2930 147,
1498 2888 1573 2923 Cat.
1601 2886 1622 2931 ξ
1644 2887 1700 2929 49,
1733 2887 1809 2921 Liv.

309 2949 502 2989 XXXVIII,
530 2949 587 2991 46,
614 2950 668 2983 11.
708 2951 793 2983 Hoec
820 2977 826 2983 .
859 2976 865 2983 .
895 2977 901 2983 .
932 2977 938 2983 .
966 2951 1059 2993 quod
1085 2949 1155 2984 Cic.
1183 2949 1227 2983 ad
1254 2948 1327 2982 Att.
1356 2948 1448 2990 VIII,
1476 2945 1606 2990 12,’3.]
