1915 3235
830 130 912 172 237

75 264 236 313 dicam;
268 276 371 304 nam
403 261 557 303 civium
591 261 685 302 iura
715 261 794 302 hos
827 260 998 301 colonos
1021 259 1240 307 habuisse,
1274 272 1371 311 quae
1396 260 1571 312 quidem
1595 260 1665 301 1110

73 337 267 387 tempore
300 334 590 386 superessent,
624 328 799 383 antea¹)
833 330 940 379 dixi;
973 329 1112 371 forma
1137 332 1284 370 autem
1309 330 1371 370 rei
1396 331 1666 384 municipalis

73 418 168 458 quae
201 405 510 457 imperatorum
550 401 818 455 temporibus
859 401 998 450 fuerit,
1047 401 1298 442 institutave
1339 401 1541 442 militaria
1580 415 1666 443 non

74 488 255 528 expono.
318 474 461 526 Atque
493 473 561 514 hae
593 474 705 522 sunt,
754 485 864 525 quae,
912 474 959 512 ut
999 470 1188 512 Siculum
1222 470 1423 512 Flaccum
1457 474 1497 513 et
1532 472 1665 513 Fron-

71 545 209 587 tinum
242 545 453 593 omittam,
495 556 519 584 a
551 543 688 584 Plinio
720 547 1000 583 recensentur
1032 541 1230 589 coloniae;
1279 542 1351 593 qui
1384 542 1500 594 quod
1532 543 1664 583 inter-

72 615 175 656 dum
223 614 409 656 colonias
458 616 500 655 et
546 614 700 655 civium
748 613 1046 655 Romanorum
1090 612 1261 665 oppida,
1312 613 1482 664 quibus,
1533 625 1665 665 quum

73 686 299 739 peregrina
332 685 525 733 fuissent,
560 684 662 725 data
696 686 788 725 erat
821 684 982 728 civitas,
1016 684 1064 723 ut
1095 683 1138 723 in
1164 682 1375 735 Hispania
1408 682 1553 724 multis
1578 682 1664 723 iam

72 758 127 798 ab
175 756 279 797 Iulio
327 755 510 805 Caesare,
561 755 796 807 separatim
842 754 1050 802 nominat,
1099 753 1216 794 velut
1255 753 1308 793 III
1342 766 1376 794 c.
1411 754 1450 797 3
1495 754 1522 793 4
1554 752 1576 805 ἓ
1614 754 1664 794 18

73 841 192 880 seqq.
225 828 269 868 in
300 839 480 868 recensu
512 825 770 878 oppidorum
802 824 1025 877 Hispaniae
1058 824 1264 865 citerioris
1299 823 1417 877 (nam
1451 824 1503 864 de
1538 837 1588 865 ea
1622 837 1667 864 re

74 897 288 939 dicturum
327 910 396 937 me
435 895 630 949 promisi)
642 892 689 948 ²),
738 896 782 936 id
828 908 915 936 non
961 895 1018 936 ad
1064 894 1241 936 inferius
1290 894 1553 935 coloniarum
1601 894 1667 935 ius

71 968 291 1021 publicum
324 967 551 1020 pertinere.
597 966 673 1007 sed
704 969 875 1007 tantum
907 965 963 1006 ad
995 965 1298 1018 distinguenda
1330 965 1501 1017 oppida.
1552 965 1667 1018 quod

72 1051 159 1079 non
191 1038 339 1079 inutile
372 1040 478 1088 erat,
527 1038 732 1090 quoniam
772 1038 815 1077 in
853 1037 1023 1077 interna
1063 1049 1152 1077 suae
1191 1035 1253 1076 rei
1294 1035 1666 1077 administratione

74 1108 235 1161 aliquid
267 1108 450 1150 fortasse
491 1109 653 1162 proprii
695 1108 920 1149 habebant
962 1106 1139 1148 coloniae
1184 1106 1404 1154 militares,
1453 1109 1572 1159 patet
1617 1119 1667 1146 ex

73 1191 136 1229 eo,
171 1179 287 1232 quod
319 1192 503 1232 semper,
539 1179 756 1232 dignitatis
781 1178 930 1220 ordine
955 1177 1214 1230 oppidorum
1239 1189 1395 1229 genera
1423 1177 1667 1230 disponens,

75 1250 262 1291 colonias
301 1251 440 1303 primo
480 1251 572 1291 loco
612 1250 731 1302 ponit
783 1248 848 1302 (ut
885 1248 955 1289 illo
995 1249 1087 1300 ipso
1126 1248 1235 1289 loco:
1290 1249 1467 1288 eontinet
1514 1248 1668 1302 oppida

78 1320 324 1373 CLXXIX,
359 1322 408 1362 in
431 1322 485 1362 iis
512 1321 694 1361 colonias
718 1319 829 1372 XII,
863 1319 1017 1373 oppida
1037 1319 1186 1358 eie-ium
1217 1318 1506 1358 Romanorum
1531 1318 1669 1371 XIII,

73 1390 323 1432 Latinormn
374 1397 553 1432 veterum
602 1390 792 1443 XVIII,
839 1390 1140 1443 foederatorum
1190 1402 1340 1440 unum,
1388 1389 1670 1442 stipendiaria

77 1462 325 1515 CXXXV).
388 1463 483 1516 Ipse
524 1463 577 1504 de
609 1462 820 1514 Hispania
861 1461 1022 1501 Baetica
1062 1461 1304 1501 accuratius
1344 1460 1543 1512 loquitur.
1593 1473 1670 1512 pro

75 1533 243 1586 oppidis
277 1533 433 1574 civium
465 1533 762 1575 Romanorum
798 1532 933 1584 magis
966 1532 1138 1584 proprie
1172 1531 1403 1584 mmzicipe'a
1431 1531 1668 1583 appellans,

75 1604 249 1646 coloniis
283 1607 430 1645 tamen
470 1604 725 1657 praepositis.
789 1603 931 1643 Unum
974 1602 1158 1642 fortasse
1201 1601 1449 1642 addendum
1491 1604 1567 1642 est.
1617 1614 1670 1642 ne

74 1675 117 1716 in
158 1675 224 1716 his
268 1675 442 1716 coloniis
486 1675 744 1715 militaribus
788 1673 1014 1726 scrupulus
1057 1674 1281 1713 remaneat
1324 1684 1375 1712 ex
1417 1672 1538 1713 Gellii
1579 1672 1670 1713 loco

75 1744 199 1799 (XVI,
246 1745 331 1799 13),
382 1745 500 1787 cuius
542 1745 695 1797 reliqui
738 1758 903 1786 errores
944 1743 1102 1785 sublati
1141 1745 1232 1784 tota
1266 1744 1347 1783 hac
1380 1742 1671 1795 disputatione

76 1819 187 1867 sunt,
228 1819 545 1870 quaeraturque,
591 1815 663 1868 qui
694 1816 872 1857 tandem
905 1815 996 1856 fieri
1029 1813 1229 1867 potuerit.
1280 1816 1325 1853 ut
1359 1813 1670 1865 imperatorum

74 1889 268 1940 tempore
302 1888 534 1940 municipia
567 1887 784 1928 interdum
818 1887 995 1928 coloniae
1027 1886 1132 1934 fieri,
1167 1885 1251 1925 alia
1276 1884 1434 1936 oppida
1463 1885 1505 1924 in
1531 1884 1671 1924 muni-

75 1958 282 2011 cipiorum
327 1958 511 2000 formam
556 1958 689 2010 redigi
733 1959 953 2010 cuperent.
1016 1955 1196 2009 Oppidis
1240 1955 1564 1995 senescentibus
1606 1954 1671 1994 in-

75 2029 312 2081 validisque
347 2032 550 2082 exoptata
575 2042 669 2069 esse
693 2031 863 2081 poterat
888 2041 1097 2069 novorum
1125 2027 1489 2078 robustorumque
1516 2025 1672 2066 civium

76 2100 278 2141 accessio.
313 2101 468 2153 quibus
501 2113 587 2141 non
621 2113 698 2140 suo
732 2099 891 2140 damno
925 2098 1043 2151 (nam
1078 2111 1128 2138 ea
1162 2097 1225 2138 vis
1259 2109 1356 2137 cum
1390 2096 1512 2136 bellis
1540 2096 1672 2136 civili-

75 2170 157 2211 bus
190 2171 362 2212 sublata
396 2170 518 2221 erat).
559 2170 636 2211 sed
670 2170 722 2210 de
755 2170 927 2223 publico
961 2170 1050 2222 agri
1082 2164 1406 2221 pararentur³);
1447 2179 1526 2207 nec
1559 2166 1672 2206 diffi-

76 2241 153 2282 cile
202 2246 267 2283 est
314 2242 540 2295 suspicari,
597 2242 676 2282 has
732 2244 1036 2282 veteranorum
1090 2239 1297 2286 colonias,
1353 2238 1396 2278 in
1443 2236 1671 2289 provinciis

76 2312 278 2362 maxime,
327 2313 468 2354 minus
510 2312 729 2354 interdum
770 2300 1090 2364 provinciarum
1129 2309 1362 2362 praesidum
1402 2307 1564 2348 iniuriis
1598 2320 1671 2347 ex—

76 2384 239 2436 positas
271 2383 404 2424 fuisse
437 2396 568 2436 quam
600 2382 834 2435 municipia
866 2381 1102 2434 peregrinae
1136 2380 1322 2433 originis.
1386 2379 1556 2420 Rursus
1581 2377 1672 2418 fieri

76 2455 259 2506 poterat,
299 2456 358 2497 ut.
400 2454 556 2506 quibus
588 2466 675 2494 non
707 2452 955 2505 petentibus
989 2451 1124 2492 additi
1155 2449 1402 2491 huiusmodi
1435 2448 1573 2490 coloni
1606 2461 1672 2489 es-

77 2526 184 2573 sent,
234 2537 384 2566 eorum
426 2524 630 2576 superbia
672 2525 975 2576 gravarentur,
1023 2524 1117 2563 tum
1159 2522 1355 2562 instituta
1395 2519 1673 2572 municipalia

77 2597 224 2636 vetera
256 2595 422 2648 integra
455 2607 586 2647 quam
619 2593 843 2647 paululum
877 2592 1036 2634 colonis
1069 2591 1246 2633 adiectis
1278 2592 1448 2632 mutata
1481 2589 1672 2631 mallent.

116 2769 144 2813 ¹)
169 2770 207 2805 P.
233 2769 313 2805 247.

116 2827 144 2872 ²)
171 2829 288 2874 Supra
313 2841 347 2873 p.
373 2828 453 2863 248.

123 2885 150 2931 3)
177 2888 259 2929 Cfr.,
287 2898 368 2931 quae
394 2888 438 2923 de
463 2887 633 2928 Puteolis,
660 2886 828 2926 Tarento,
855 2886 963 2920 Antio
989 2885 1134 2920 Tacitus
1161 2884 1283 2920 scribit
1308 2885 1403 2919 Ann.
1430 2883 1521 2923 XIV,
1548 2881 1603 2915 27.

1691 1259 1742 1284 293
