1915 3235
829 137 911 178 581

77 268 304 318 pravatam
337 267 450 306 hanc
481 266 762 318 scripturam:
811 266 940 307 Dicta
976 266 1063 319 fuit
1100 266 1287 309 Latimn.
1349 269 1575 311 Postremo
1617 283 1669 311 ex

76 336 200 378 Pont.
234 336 300 385 III,
344 335 383 386 5,
425 336 481 376 ‘23
511 335 582 388 fui
613 337 757 377 solitus
787 336 1019 390 significat:
1066 339 1141 378 wie
1179 338 1245 379 ich
1274 339 1460 393 yewolmt
1489 354 1670 395 961603οη

78 407 159 457 bin,
207 408 256 448 ut
286 407 430 447 solitus
467 420 546 459 pro
586 407 798 448 adiectivo
837 407 892 447 sit
934 405 1190 461 (assuetus)[,
1211 409 1267 449 ad
1310 423 1441 462 quam
1484 411 1670 453 formam

77 476 237 518 Gellius
271 490 442 530 quoque
473 477 563 527 XII,
598 478 637 527 ὃ,
675 477 728 518 13
760 478 905 518 solitus
933 477 1021 530 fuit
1051 492 1130 531 pro
1162 479 1316 520 solebat
1348 478 1535 534 dixit].¹)
1582 482 1671 535 Ap-

77 550 213 601 paret,
247 548 411 600 opinor,
446 561 546 588 eum
578 548 781 600 loquendi
813 548 1005 598 modum,
1040 561 1124 601 quo
1157 550 1313 590 occisus
1341 551 1429 603 fuit
1459 565 1538 604 pro
1570 553 1671 593 oeci-

77 632 146 659 sus
178 622 236 659 est
265 618 452 670 ponitur,
501 618 832 670 relinquendum
873 631 967 659 esse
1004 619 1168 660 ultimae
1201 621 1341 662 aetatis
1375 622 1670 674 scriptoribus,

78 689 195 730 velut
238 689 295 739 ei,
344 689 417 741 qui
461 689 672 741 epitomas
715 689 989 730 Livianorum
1032 689 1241 731 librorum
1285 693 1526 745 composuit
1568 692 1671 746 (vid.

78 759 178 812 epit.
202 757 289 812 27),
324 761 367 800 et
397 759 622 800 similibus.
670 760 859 812 Excipio,
894 773 990 813 quae
1024 761 1142 813 apud
1172 761 1377 803 Plautum
1400 763 1443 803 in
1468 767 1674 816 quattuor

78 830 395 883 deponentibus
434 830 725 881 inveniuntur,
773 831 875 872 scivi
919 835 955 872 et
995 831 1177 872 miratus
1218 832 1289 884 fui
1331 832 1516 886 (Poenul.
1549 835 1597 876 V.
1632 835 1672 885 6,

80 899 165 954 10),
199 902 396 955 opinatus
425 901 496 954 fui
528 900 762 954 (Amphitr.
787 901 816 950 I,
854 902 891 949 1,
925 900 1013 953 31),
1046 906 1181 943 <vectus
1210 902 1281 955 fui
1313 902 1416 957 (Mil.
1451 904 1514 946 Gl.
1547 905 1596 955 ΙΙ,
1634 906 1671 955 1,

76 970 165 1024 40),
206 972 354 1012 oblitus
383 971 453 1025 fui
485 970 718 1025 (Amphitr.
751 972 780 1022 I,
825 973 861 1022 1,
903 972 985 1013 301
1029 975 1071 1013 et
1103 973 1231 1014 Merc.
1265 974 1312 1023 II,
1353 975 1393 1024 4,
1432 974 1515 1027 13),
1556 980 1598 1016 et
1638 976 1673 1017 si

78 1043 194 1096 quod
242 1045 306 1084 est
352 1043 491 1084 simile
539 1042 656 1083 aliud
703 1042 896 1083 eiusdem
944 1044 1084 1084 aetatis
1133 1045 1394 1097 exemplum.
1464 1046 1674 1087 Videntur

78 1113 189 1154 enim
235 1114 279 1154 in
323 1113 500 1165 antiquo
543 1126 742 1154 sermone
781 1113 998 1154 interdum
1037 1115 1264 1167 participia
1304 1117 1505 1168 quaedam
1539 1118 1673 1171 depo-

76 1184 271 1226 nentium
313 1189 355 1225 et
393 1185 667 1237 passivorum
707 1184 766 1224 sic
806 1184 998 1236 potuisse
1037 1186 1158 1237 poni,
1207 1188 1255 1226 ut
1301 1188 1438 1240 magis
1477 1188 1674 1229 absolute

78 1255 374 1296 condicionem
408 1257 450 1295 et
481 1257 644 1296 statum
677 1254 980 1307 significarent,
1015 1268 1139 1307 paene
1162 1256 1205 1296 in
1229 1257 1428 1298 adjectivi
1452 1259 1673 1300 notionem

76 1326 359 1376 transeuntia,
394 1325 550 1366 deinde
581 1326 764 1366 verbum
797 1325 1103 1378 adiungeretur
1124 1340 1201 1379 per
1223 1340 1268 1368 se
1291 1329 1498 1380 praeteriti
1520 1329 1672 1376 forma,

77 1400 125 1438 ut
173 1398 352 1437 miratus
395 1396 465 1449 fui
503 1409 591 1437 non
628 1399 719 1437 tam
761 1397 843 1436 1100
883 1399 1016 1437 esset:
1054 1397 1130 1451 jey
1177 1398 1259 1437 har
1303 1398 1530 1450 forzmslret
1575 1402 1673 1455 mig),

79 1481 230 1520 quam:
269 1468 345 1521 jeq
385 1466 467 1507 har
509 1472 630 1507 rcere&
667 1467 905 1519 forundret.
969 1467 1115 1508 Simile
1157 1471 1233 1517 est,
1284 1469 1398 1521 quod
1438 1470 1593 1511 accidit
1630 1472 1674 1512 in

76 1537 272 1591 feriandi
304 1539 347 1578 et
378 1537 584 1592 operandi
623 1538 782 1587 verbis,
832 1543 878 1579 ut
916 1538 1099 1590 feriatus
1137 1553 1228 1579 sum
1269 1542 1311 1580 et
1349 1546 1544 1594 operactus
1583 1555 1674 1582 Sum

79 1622 156 1662 pro
188 1608 479 1661 praesentibus
512 1605 658 1661 sint.‘²)

196 1680 326 1720 Paene
367 1679 524 1721 oblitus
564 1693 660 1720 sum
699 1679 881 1729 Horatii,
932 1680 1049 1732 apud
1092 1693 1218 1733 quem
1261 1681 1303 1721 in
1343 1682 1433 1723 Sat.
1467 1683 1495 1732 Ι,
1537 1684 1576 1724 6.
1622 1683 1674 1724 13

79 1751 203 1791 multi
236 1750 510 1791 scribendum
545 1753 774 1803 putarunt:
828 1749 972 1791 Valere?
1001 1764 1143 1804 glenus,
1177 1751 1287 1791 *unde
1320 1751 1530 1806 Superbus
1568 1753 1674 1794 Ταν-

80 1821 248 1876 quinius
280 1834 405 1874 reyno
430 1821 581 1874 pulsus
611 1820 708 1873 fuit,
751 1821 903 1862 eadem
947 1822 1160 1863 sententia
1200 1835 1250 1863 ac
1283 1823 1317 1863 si
1351 1826 1484 1864 esset:
1529 1825 1676 1877 pulsus

81 1897 149 1942 est,
183 1895 231 1933 ut
263 1891 476 1932 evitarent
507 1904 700 1943 praesens
732 1892 873 1941 nimis,
907 1895 955 1932 ut
989 1892 1236 1942 credebant,
1278 1893 1333 1933 ab
1367 1894 1438 1935 illo
1470 1894 1563 1935 1000
1596 1895 1675 1935 ab·

79 1964 273 2012 horrens,
316 1962 442 2016 fuyit.
506 1962 665 2002 Verum
699 1964 903 2014 quoniam
937 1962 1118 2011 ostendi,
1152 1963 1383 2004 Horatium
1409 1965 1560 2018 pulsus
1590 1965 1677 2017 fuit

81 2047 132 2075 ea
165 2033 475 2086 significatione
518 2033 706 2074 scribere
745 2047 832 2074 non
871 2034 1075 2085 potuisse,
1125 2036 1297 2074 utemur
1334 2047 1437 2075 vera
1477 2038 1517 2076 et
1558 2038 1676 2077 certa

81 2104 294 2157 scriptura
326 2104 382 2145 ad
415 2103 544 2144 aliam
587 2103 705 2144 litem
745 2103 1046 2144 dirimendam.
1108 2104 1235 2144 Patet
1268 2105 1395 2155 enim,
1444 2106 1676 2147 Horatium

80 2175 255 2216 liberius
301 2175 506 2227 praesenti
553 2174 755 2215 historico
802 2175 883 2224 uti,
936 2188 1022 2216 11011
1068 2176 1112 2215 111
1160 2177 1362 2217 continua
1409 2179 1451 2217 et
1498 2177 1676 2218 incitata

81 2246 340 2294 narratione,
374 2245 451 2286 sed
483 2246 525 2285 in
558 2245 678 2285 brevi
710 2246 771 2286 rei
793 2247 1023 2298 praeteritae
1051 2247 1374 2299 significatione,
1409 2260 1485 2299 per
1517 2261 1675 2299 prono-

120 2432 148 2474 ι)
175 2431 311 2475 [Pauca
337 2433 504 2477 quaedam
530 2433 598 2466 hoc
624 2433 703 2466 1000
729 2433 765 2467 111
800 2433 867 2467 hac
899 2434 1013 2467 altera
1046 2434 1202 2468 editione
1236 2435 1359 2469 addita
1384 2445 1455 2468 non
1484 2434 1630 2468 distinxi
1657 2445 1678 2468 a

177 2492 315 2533 ceteris,
349 2492 434 2536 quia
460 2492 734 2525 incommodum
761 2496 794 2526 et
821 2493 1017 2527 molestum
1043 2496 1131 2526 erat.
1181 2493 1312 2537 Tetigit
1337 2505 1454 2538 nuper
1479 2494 1572 2527 hanc
1599 2504 1677 2527 rem

177 2551 332 2585 Haasius
359 2551 404 2585 ad
436 2551 583 2595 Reisigii
616 2551 758 2585 scholas
790 2551 834 2585 de
867 2562 1018 2595 gramm.
1046 2551 1123 2586 Lat.
1151 2556 1224 2586 not.
1251 2552 1320 2585 447
1352 2564 1481 2596 parum
1514 2552 1675 2586 feliciter.

176 2609 267 2643 Nam
290 2611 411 2652 faetus
434 2611 493 2652 fui
517 2613 553 2644 et
575 2611 697 2652 factus
722 2621 802 2643 sum
833 2621 979 2654 prorsus
1012 2611 1166 2644 eandem
1200 2611 1377 2645 rationem
1409 2612 1543 2646 hahere
1575 2615 1676 2655 puta-

178 2668 239 2705 vit,
266 2671 375 2711 atque
399 2670 519 2711 factus
542 2670 686 2711 fueram
713 2672 748 2702 et
771 2670 891 2711 factus
917 2681 1026 2711 eram,
1061 2669 1157 2713 quod
1189 2670 1293 2714 longe
1320 2675 1373 2705 est
1399 2682 1502 2705 secus
1528 2674 1676 2714 propter

178 2730 346 2760 naturam
374 2731 407 2760 et
434 2738 542 2762 usum
575 2728 701 2761 formae
734 2727 829 2762 illius
853 2729 1014 2770 sum-anm
1054 2732 1132 2762 tum
1164 2728 1309 2763 incaute
1341 2729 1556 2763 testimoniis
1588 2740 1676 2763 usus

178 2788 242 2819 est.
294 2784 411 2828 1842]

121 2840 149 2885 ²)
176 2842 326 2885 [Praeter
351 2844 572 2889 deponentia
599 2846 633 2879 in
662 2845 780 2879 verbis
808 2856 890 2879 vere
915 2845 1067 2889 passivis
1093 2846 1169 2880 haec
1197 2847 1364 2891 exempla
1390 2847 1486 2890 apud
1504 2846 1675 2879 Plautum

179 2903 319 2937 notavi:
346 2905 483 2947 {efflatus
507 2905 566 2947 faci
590 2904 674 2946 (Mil.
703 2904 755 2938 Gl.
783 2904 825 2945 ΙΙ,
853 2904 884 2946 1,
917 2903 961 2937 24
989 2908 1023 2939 et
1049 2905 1153 2939 Truc.
1180 2906 1206 2947 Ι,
1234 2906 1265 2947 1,
1301 2905 1368 2948 75),
1402 2906 1595 2939 conductus
1617 2906 1677 2947 fui

179 2960 314 3003 (Aulul.
342 2962 402 3003 ΙΙΙ,
429 2962 462 3003 3,
489 2962 560 3005 10),
587 2974 762 3006 expensus
784 2964 843 3005 fui
867 2962 987 3004 (Merc.
1014 2964 1057 3005 II,
1083 2963 1116 3006 4,
1143 2962 1230 3006 20).]

1696 1976 1746 2001 227,
