1915 3235
839 124 924 166 623

86 253 185 294 ficto
217 252 363 293 utitur.
411 253 561 305 Itaque
593 253 774 294 dubium
805 266 892 295 non
923 253 1105 303 videtur,
1140 254 1243 307 quin
1270 256 1352 296 hoc
1375 256 1677 309 imperfectum

86 323 407 376 interpolationi
447 323 670 374 debeatur,
719 337 805 377 qua
847 324 1054 365 damnata
1095 338 1182 366 non
1224 327 1367 367 minus
1406 329 1571 368 rectum
1613 331 1679 369 est

86 392 282 446 efficeret;
329 393 411 434 hoc
457 394 572 434 enim
619 394 726 436 Cato
768 394 881 443 dicit,
931 395 1183 436 effecturam
1225 395 1269 436 id
1310 400 1589 449 senectutem,
1639 399 1675 440 si

86 463 209 505 aliter
239 463 331 504 fieri
362 476 449 504 non
480 466 646 516 posset;
687 477 801 505 nunc
838 466 1006 506 ratione
1043 465 1088 505 id
1120 467 1163 506 et
1194 466 1408 519 sapientia
1440 468 1564 510 effici.
1628 470 1677 511 In

84 533 290 587 proximis
322 533 464 575 verbis
498 547 631 587 quum
664 535 882 576 ederetur:
932 534 1115 589 Impedit
1147 537 1256 576 enim
1288 539 1505 579 consilium
1536 540 1676 594 volup-

84 610 162 657 tas,
209 604 368 645 rationi
413 605 587 645 inimica
634 609 691 646 est
730 619 779 645 ac
817 606 964 646 mentis
1005 627 1056 634 ——
1088 608 1356 662 prcestrinqz't
1393 609 1540 660 oculos,
1588 623 1676 652 non

84 674 365 717 Ciceroniana
395 674 691 716 membrorum
725 675 1022 717 coniunctione
1047 675 1149 729 (vid.
1174 676 1333 730 Opusc.
1358 682 1507 721 nostra
1529 680 1675 733 priora

82 759 124 798 p.
158 745 244 786 334
275 744 401 798 sqq),
450 758 528 798 ego
569 759 618 786 ac
657 746 811 787 sustuli
850 747 1105 788 auctoritate
1137 747 1263 789 Nonii
1305 751 1349 790 et
1380 750 1536 792 codicis
1569 751 1674 804 regii

83 816 352 869 duorumque
383 818 596 868 praeterea
628 814 885 869 codicum.¹)

200 886 245 928 C.
281 886 348 935 14,
390 887 446 927 46
484 887 671 937 restitui,
721 887 836 939 quod
882 889 1157 940 praestantior
1199 889 1394 931 codicum
1437 893 1671 934 auctoritas

81 955 200 1010 (reg,
234 957 336 1006 Erf.,
378 956 558 1007 Haenel.,
605 956 702 1010 cet.)
748 958 1095 1008 commendabat,
1144 961 1358 1001 sententia
1400 962 1669 1015 requirebat:

79 1028 292 1082 voluptati,
326 1028 444 1068 euius
476 1032 533 1068 est
561 1027 743 1080 fortasse
774 1029 948 1083 quidam
979 1030 1192 1070 naturalis
1221 1031 1389 1079 modus;
1428 1045 1530 1073 nam
1563 1033 1671 1075 Cato

80 1098 298 1151 quendam
331 1098 510 1139 modum
543 1098 775 1151 voluptatis
809 1098 942 1152 (quod
973 1100 1089 1141 idem
1122 1103 1188 1141 est
1220 1114 1270 1142 ac
1293 1102 1329 1143 si
1354 1102 1483 1152 dicas,
1517 1104 1670 1156 volup-

77 1170 213 1210 tatem
246 1181 383 1221 usque
417 1168 473 1209 ad
506 1169 721 1222 quendam
754 1168 951 1222 modum)
985 1171 1180 1212 concedit
1205 1171 1388 1214 fortasse
1416 1174 1672 1216 naturaliter

79 1239 238 1292 appeti,
279 1242 327 1280 ut
358 1242 528 1280 tantum
567 1239 623 1289 id,
665 1240 781 1292 quod
812 1240 926 1281 hunc
958 1241 1137 1282 modum
1171 1243 1362 1292 excedat,
1412 1244 1670 1296 reprehendi

79 1310 250 1352 debeat.
311 1310 565 1351 Necessaria
613 1311 706 1351 haec
753 1314 967 1352 certorum
1008 1311 1158 1353 finium
1202 1313 1454 1365 significatio
1492 1328 1670 1368 prorsus

79 1381 201 1422 deest
231 1381 276 1422 111
308 1381 445 1422 altera
477 1382 689 1434 scriptura
727 1386 871 1431 motus,
921 1395 1017 1434 quae
1055 1383 1199 1425 nescio
1238 1397 1369 1436 quam
1409 1385 1593 1427 formam
1627 1389 1671 1427 et

77 1452 388 1505 proprietatem
430 1452 631 1493 movendi
663 1452 903 1505 significare
934 1452 1117 1494 videtur.
1181 1454 1267 1495 Sed
1300 1455 1449 1496 fefellit
1482 1456 1668 1498 editores

75 1523 350 1572 recentiores,
406 1523 523 1576 quod
564 1524 608 1564 in
649 1523 715 1564 his
757 1523 920 1566 verbis:
968 1528 1025 1564 est
1062 1524 1234 1578 quidam
1273 1527 1486 1568 naturalis
1522 1527 1669 1568 modus

76 1596 246 1634 tantum
279 1594 396 1635 modi
428 1594 783 1647 significationem
816 1593 1229 1645 animadverterunt,
1275 1597 1399 1648 quasi
1438 1598 1519 1638 hoc
1552 1598 1668 1639 dice—

75 1667 214 1705 retur:
263 1665 329 1705 eui
367 1664 595 1717 fortasse
636 1664 782 1705 modus
824 1663 1086 1706 adhibendus
1127 1670 1195 1715 est,
1243 1666 1510 1719 ineptissime
1548 1682 1666 1718 sane,

77 1735 339 1776 concedendi
371 1735 471 1785 vim,
507 1749 593 1788 qua
624 1736 824 1788 voluptas
858 1748 994 1787 usque
1028 1735 1084 1776 ad
1108 1735 1222 1777 hunc
1245 1737 1423 1778 modum
1450 1739 1665 1792 recipitur,

77 1817 164 1847 non
195 1805 408 1846 viderunt.

196 1876 241 1918 C.
277 1876 343 1925 14,
376 1876 432 1917 49
466 1876 599 1917 edunt
630 1876 729 1917 inde
762 1876 817 1917 ab
850 1877 1059 1926 Ernestio,
1092 1877 1278 1929 probata
1311 1878 1465 1920 Graevii
1499 1881 1665 1921 coniec-

75 1948 192 1987 tura:
241 1945 356 1986 ᾹΙονί
393 1960 517 2000 pcene
563 1946 804 1988 videbamus
851 1948 895 1987 in
940 1947 1077 1987 studio
1123 1947 1367 1989 dimetiendi
1413 1951 1503 1990 eceli
1545 1955 1666 2005 atque

74 2021 198 2057 terroe
231 2016 276 2058 C.
312 2016 482 2058 Gallum
516 2020 609 2067 cet.,
643 2018 832 2059 Klotzius
866 2020 1011 2059 autem
1035 2032 1159 2072 poene
1184 2019 1353 2068 delevit,
1388 2021 1504 2072 quod
1535 2033 1664 2062 voca·
1684 2030 1737 2056 2⁷5

73 2087 223 2128 bulum
268 2091 311 2128 et
351 2087 395 2128 in
436 2088 636 2129 omnibus
680 2091 746 2130 est
790 2088 1021 2138 codicibus,
1071 2092 1250 2142 excepto
1289 2102 1374 2132 uno
1415 2090 1573 2141 Oxou,
1622 2094 1666 2134 et

73 2161 189 2199 certo
231 2158 324 2200 loco
366 2158 554 2211 positum
596 2159 706 2200 inter
748 2159 991 2200 dimetiendi
1035 2162 1077 2200 et
1116 2160 1227 2208 coeZi;
1275 2163 1424 2202 contra
1457 2162 1663 2202 moriendi

71 2229 204 2270 verbo
235 2242 364 2271 nemo
397 2230 732 2271 controversiam
765 2230 912 2279 movit,
962 2230 1078 2282 quod
1116 2231 1160 2271 in
1200 2230 1344 2272 codice
1385 2232 1501 2284 regio
1534 2233 1662 2273 omit-

69 2300 186 2349 titur,
234 2300 279 2341 in
326 2300 470 2342 codice
516 2300 756 2341 Erfurtensi
802 2300 846 2341 in
891 2313 1045 2341 rasura
1092 2303 1170 2350 est,
1218 2302 1262 2342 in
1306 2301 1398 2342 aliis
1442 2302 1661 2344 codicibus

68 2371 365 2423 transponitur
396 2383 483 2412 non
514 2384 600 2412 uno
638 2370 782 2412 modo.
845 2371 1112 2412 Sententiam
1153 2371 1235 2412 hoc
1273 2372 1469 2422 verbum,
1517 2375 1661 2414 trans-

67 2441 208 2494 posito
231 2455 368 2495 pcene,
406 2443 455 2482 ut
487 2454 585 2484 cum
617 2455 668 2482 eo
701 2441 898 2494 coniungi
930 2442 1080 2494 possit,
1129 2454 1226 2482 eam
1254 2442 1402 2493 efficit,
1452 2456 1548 2496 quae
1581 2444 1660 2484 etsi

68 2512 168 2553 ferri
214 2512 364 2564 possit,
411 2514 559 2553 tamen
604 2525 684 2553 nec
731 2513 826 2565 ipsa
873 2512 1099 2565 aptissima
1131 2512 1200 2565 >sit
1243 2511 1401 2565 (neque
1449 2513 1563 2554 enim
1604 2514 1658 2555 de

67 2582 219 2624 studiis
252 2582 308 2624 ad
339 2583 539 2624 ultimum
571 2583 670 2624 vitae
702 2585 874 2636 tempus
906 2583 1084 2624 retentis
1124 2583 1205 2624 hoc
1246 2583 1339 2625 loco
1377 2584 1530 2637 agitur,
1579 2584 1657 2625 sed

66 2653 304 2694 universius
337 2653 390 2694 de
422 2656 643 2695 senectute
675 2654 719 2694 in
750 2651 901 2694 studiis
934 2652 1162 2706 occupata)
1201 2666 1282 2694 nec
1315 2667 1411 2695 cum
1443 2654 1508 2703 iis,
1556 2667 1654 2707 quae

65 2726 315 2776 sequuntur,
363 2724 523 2776 optime
565 2723 866 2777 coniungatur;
913 2737 1015 2765 nam
1054 2724 1221 2766 minora
1260 2724 1445 2778 graviori
1477 2724 1652 2765 subiici-

100 2884 129 2929 1)
154 2887 195 2921 111
219 2887 328 2921 Laelio
354 2885 375 2930 ἓ
400 2887 446 2921 95
471 2887 624 2922 eandem
650 2898 797 2923 causam
830 2898 873 2922 ex
899 2898 972 2922 uno
998 2887 1074 2922 cod.
1101 2887 1254 2922 Vindob.
1281 2888 1392 2922 edidi:
1432 2893 1648 2922 constantem

157 2951 187 2980 et
212 2957 370 2980 severum
394 2952 426 2980 et
448 2958 612 2991 yram-em.-
