1915 3235
950 130 1036 171 392

198 257 501 310 acquieverint,
536 260 584 298 ut
614 257 707 299 illos
742 259 873 300 etiam
904 259 1284 312 reprehenderent,
1317 272 1500 312 pravam
1532 272 1582 300 ac
1613 272 1788 312 perver-

196 341 289 369 sam
322 341 417 369 esse
450 328 758 370 demonstrem.
821 328 1020 371 Ostendit
1059 329 1219 381 Cicero,
1269 343 1403 383 quum
1444 342 1499 370 ne
1543 329 1790 371 Graecorum

196 399 370 451 quidem
403 399 661 452 populorum
694 400 919 442 iracundia
951 403 993 442 et
1032 400 1183 442 levitas
1223 401 1441 442 deterrere
1483 400 1673 453 egregios
1710 400 1789 441 ho-

196 470 333 510 mines
365 471 566 522 potuerit,
600 471 829 523 quominus
862 472 906 512 in
937 472 1079 524 patria
1110 471 1273 513 tuenda
1306 474 1349 512 et
1373 470 1670 512 conservanda
1702 470 1789 512 ela-

195 540 413 591 borarent,
447 541 583 582 multo
616 542 752 594 magis
785 542 937 583 Romae
972 542 1155 583 eandem
1187 542 1338 595 optimi
1361 542 1567 594 cuiusque
1589 543 1790 583 constan-

194 612 300 652 tiam
333 612 376 653 in
408 613 550 665 patria
582 612 772 653 iuvanda
805 625 899 654 esse
932 613 1104 662 debere,
1137 613 1181 653 in
1202 615 1293 654 tam
1316 613 1435 666 gravi
1462 613 1634 665 populo,
1668 614 1791 654 tanta

195 682 417 735 proposita
462 683 609 735 gloria,
658 685 749 724 tam
791 684 1017 736 praestanti
1061 684 1121 725 rei
1160 683 1344 737 publicae
1388 683 1609 736 dignitate.
1682 683 1791 735 Quid

195 766 269 794 nos
300 753 481 803 tandem,
516 753 665 806 inquit,
697 754 840 806 faeere
872 754 1076 807 debemus,
1111 754 1168 795 ad
1200 768 1291 795 eam
1322 768 1410 795 vrem
1439 754 1649 808 publicam
1674 758 1791 795 tuen-

196 823 296 864 dam
329 825 530 878 aqyressi,
564 839 655 879 quse
686 829 807 866 tanta
839 825 1042 879 diynz‘tate
1075 830 1144 877 est,
1177 830 1222 866 ut
1255 839 1346 865 eam
1378 824 1664 878 defendentem
1690 826 1789 865 oeci-

196 893 293 935 dere
340 908 422 935 non
469 895 589 935 alind
635 896 689 936 sit
735 910 861 950 quam
908 900 1213 950 op‘lmgsnamtemr
1260 910 1403 937 rerum
1433 896 1598 950 potiri?
1647 896 1791 946 Quum

196 965 407 1007 Lambino
440 966 598 1007 mirum
619 966 773 1007 -visum
806 969 932 1016 esset,
968 967 1120 1008 eodem
1153 967 1245 1008 loco
1277 966 1429 1008 haberi
1451 979 1542 1025 rem
1572 966 1790 1019 publicam

196 1036 428 1077 defendere
461 1039 504 1078 et
535 1050 801 1090 oppugnare,
843 1036 1049 1087 Graevius,
1088 1037 1153 1078 vir
1184 1051 1271 1079 non
1303 1037 1592 1087 acutissimus,
1634 1037 1790 1088 docuit,

195 1107 378 1148 occidere
409 1121 497 1149 non
530 1120 624 1148 esse
655 1108 737 1149 hoc
770 1108 862 1149 loco
877 1109 1036 1162 perire,
1070 1108 1147 1149 sed
1168 1122 1329 1161 necare,
1362 1108 1612 1161 interficet-m
1645 1109 1791 1160 itaque

193 1178 275 1219 hoc
308 1178 403 1229 dici,
443 1192 522 1231 par
555 1191 649 1220 esse
681 1179 820 1220 scelus
854 1179 914 1220 rei
946 1179 1131 1232 publicae
1164 1179 1435 1220 defensorem
1468 1178 1707 1220 interficere
1741 1191 1791 1219 ac

194 1249 422 1302 tyrannide
454 1250 496 1290 vi
528 1249 669 1302 potiri.
734 1250 950 1291 Graevium
991 1250 1126 1291 secuti
1166 1252 1266 1291 sunt
1308 1250 1488 1291 Mueller
1526 1251 1567 1290 et
1607 1249 1789 1291 Orellius

192 1333 271 1361 nec
320 1320 390 1361 alii
439 1321 735 1362 dissenserunt
781 1323 940 1374 praeter
987 1321 1262 1362 Schuetzium
1311 1323 1354 1362 et
1393 1321 1438 1361 F.
1473 1321 1518 1362 C.
1552 1320 1788 1362 Wolffium.

193 1390 318 1431 Subit
350 1391 497 1432 mirari
539 1392 607 1432 hic
651 1394 693 1432 et
738 1391 853 1442 alibi,
903 1405 1034 1444 quam
1077 1392 1289 1433 incuriose
1329 1391 1547 1432 interdum
1587 1391 1790 1444 philologi

192 1461 337 1514 legant
370 1466 413 1502 et
444 1463 794 1514 interpretentur.
844 1463 940 1504 Non
972 1464 1224 1515 conquiram
1257 1463 1344 1504 iam
1376 1462 1544 1503 minora
1577 1464 1619 1502 et
1642 1463 1791 1503 tamen

193 1534 309 1573 certa
343 1535 599 1585 argumenta
631 1533 675 1573 in
707 1546 753 1574 re
785 1534 1026 1586 perspicua,
1062 1536 1109 1575 ut
1134 1533 1356 1586 explicem,
1390 1546 1531 1586 neque
1556 1546 1638 1574 non
1671 1532 1790 1573 alind

193 1617 275 1644 esse
307 1603 389 1644 isto
422 1603 552 1645 modo
585 1603 667 1644 dici
700 1604 752 1645 de
785 1605 915 1646 rebus
949 1618 1071 1657 aeque
1104 1617 1181 1645 seu
1212 1603 1337 1645 bonis
1370 1617 1447 1644 seu
1477 1604 1619 1654 malis„
1649 1617 1789 1657 neque

191 1674 419 1727 participia
466 1675 526 1716 ita
572 1688 650 1727 pro
698 1676 980 1716 substantivis
1013 1675 1127 1728 poni,
1176 1677 1224 1715 ut
1271 1675 1454 1715 occidere
1501 1674 1789 1727 defendentem

193 1759 278 1786 rem
303 1745 520 1799 publicam
553 1746 720 1786 dicatur
751 1759 830 1799 pro
864 1759 926 1796 eo,
962 1746 1078 1798 quod
1110 1748 1175 1787 est
1200 1760 1304 1795 eum,
1338 1747 1409 1801 (sni
1433 1744 1646 1798 defendat.
1702 1744 1789 1785 Sed

192 1816 277 1858 duo
310 1816 442 1858 miror
475 1829 593 1866 sane,
633 1817 835 1869 primum,
885 1817 957 1869 qui
990 1818 1209 1869 potuerint
1240 1817 1319 1857 viri
1352 1816 1465 1858 docti
1499 1818 1540 1857 et
1573 1815 1786 1857 Ciceronis

192 1887 392 1937 editores,
442 1900 575 1939 quum
615 1887 842 1937 diceretur,
891 1889 1118 1941 perspicue
1150 1890 1333 1941 utroque
1365 1887 1563 1934 membro
1596 1886 1790 1927 similiter

120 1967 170 1993 506
192 1958 482 1999 conformato:
531 1971 614 1998 non
655 1963 711 1999 est
750 1959 870 1999 aliud
902 1973 993 1999 eam
1026 1958 1313 2012 defendentem
1346 1958 1530 1999 occidere
1561 1971 1687 2012 qnam
1719 1971 1786 2010 op-

185 2034 445 2083 pugnantem
477 2042 619 2069 *rerum
644 2030 791 2082 potiri,
825 2029 1054 2082 participia
1085 2029 1157 2070 iila
1188 2043 1276 2071 non
1309 2029 1461 2070 eodem
1485 2028 1615 2070 modo
1647 2027 1788 2068 infini-

191 2099 288 2140 tivis
323 2100 526 2140 adiuncta
557 2101 725 2152 putare,
775 2100 853 2141 sed
892 2101 1076 2141 alterum
1110 2101 1279 2150 obiecti,
1329 2100 1445 2153 quod
1475 2100 1646 2149 vocant,
1694 2098 1786 2139 loco

191 2170 354 2210 habere
373 2169 710 2223 (defendentem),
734 2171 919 2212 alterum
943 2171 998 2212 ad
1021 2171 1353 2213 describendum
1377 2169 1594 2218 additum;
1618 2168 1785 2218 deinde,

191 2241 408 2293 quomodo
454 2255 517 2292 ea,
567 2255 698 2294 quam
738 2243 878 2283 inesse
920 2242 1079 2293 dicunt,
1128 2242 1344 2283 sententia
1389 2241 1439 2282 iis
1486 2253 1531 2281 se
1579 2239 1787 2293 probarit.

191 2311 304 2361 Quid
337 2312 478 2353 enim?
521 2313 569 2353 In
602 2325 709 2354 eone
743 2315 807 2354 est
840 2313 1000 2363 Cicero,
1034 2317 1081 2354 ut
1112 2314 1265 2366 patriae
1292 2312 1541 2353 defensores
1573 2324 1660 2352 non
1692 2324 1787 2352 esse

191 2381 446 2423 occidendos
481 2383 761 2433 demonstret,
803 2397 951 2424 eorum
984 2385 1258 2425 sanctitatem
1292 2385 1493 2424 tueatur?
1540 2382 1676 2423 Immo
1708 2395 1787 2434 pa-

190 2453 283 2493 triae
308 2453 524 2495 defensori
545 2467 632 2494 non
655 2467 749 2495 esse
772 2455 1119 2507 pertimescenda
1139 2455 1332 2507 pericula
1355 2454 1492 2504 docet,
1526 2467 1579 2494 ne
1601 2456 1786 2495 mortem

190 2523 378 2575 quidem,
415 2537 509 2576 quae
543 2526 634 2565 tam
667 2525 850 2577 gloriose
882 2527 1075 2578 oppetita
1107 2526 1316 2578 praeclara
1350 2527 1392 2566 et
1415 2525 1546 2566 beata
1571 2525 1786 2566 censenda

190 2594 256 2634 sit.
320 2593 433 2643 Quid
467 2594 594 2646 igitur
626 2596 707 2636 isto
747 2596 878 2637 totius
918 2596 998 2637 loci
1039 2596 1154 2637 exitu
1193 2595 1465 2648 perversius?
1513 2594 1642 2648 (Nam
1680 2595 1786 2635 illud

190 2663 324 2704 levius
358 2666 435 2714 est,
486 2665 724 2717 tyrannidis
768 2666 1011 2707 foeditatem
1048 2680 1136 2708 non
1167 2666 1293 2707 Valde
1327 2667 1507 2719 exprimi
1540 2665 1682 2706 verbis
1716 2679 1783 2719 op-

184 2738 441 2788 puynantem
473 2748 616 2775 rernm
639 2735 806 2789 potiri.)
870 2737 1117 2778 Teneamus
1150 2737 1289 2790 igitur,
1334 2737 1387 2777 de
1421 2749 1504 2789 quo
1537 2736 1783 2777 dubitatum

190 2817 283 2845 esse
315 2817 402 2845 non
435 2805 637 2857 oportuit,
688 2820 779 2846 eam
819 2807 1106 2860 defendentem
1139 2807 1321 2848 occidere
1354 2820 1447 2848 esse
1482 2808 1526 2847 in
1557 2820 1606 2847 ea
1637 2806 1782 2859 defen-

188 2874 327 2915 denda
360 2880 531 2916 mortem
569 2881 767 2930 oppetere,
818 2878 1145 2931 compararique
1184 2880 1369 2920 mortem
1407 2891 1486 2931 pro
1524 2890 1571 2918 re
1609 2876 1782 2930 publica

189 2959 286 2986 cum
318 2946 499 2998 imperio
531 2959 577 2987 re
609 2960 651 2999 p.
685 2948 977 3000 oppugnanda
1009 2949 1190 3001 quaesito
1231 2947 1353 3000 eique
1385 2947 1593 3000 praeferri.
1656 2946 1781 2997 Quod
