1915 3235
150 246 201 271 362

140 2302 191 2327 363

979 98 1066 140 690

340 230 433 271 Lib.
466 229 595 277 XXV,
635 229 677 270 4.
740 228 946 281 Exposita
993 229 1188 269 oratione
1236 229 1459 271 consulum
1508 231 1561 272 de
1608 231 1648 272 vi
1691 236 1823 285 atque

222 301 404 342 audacia
447 300 792 353 publicanorum,
841 299 913 352 qui
958 299 1182 340 concilium
1226 300 1364 353 plebis
1408 301 1679 352 disiecerant,
1726 303 1822 345 haec

220 372 366 413 Livius
399 371 588 412 subiicit:
639 370 745 412 Hcec
786 384 911 425 quum
946 370 997 410 ab
1030 371 1181 424 optimo
1214 384 1370 426 qaoque
1394 386 1477 425 pro
1510 373 1727 414 atrocitate
1757 375 1822 415 rei

222 448 315 484 acta
348 447 477 484 essent
510 443 672 497 vimque
704 455 795 482 eam
834 446 979 482 contra
1020 454 1108 482 rem
1143 441 1359 495 publicam
1403 447 1438 483 et
1473 445 1710 497 pernicioso
1754 459 1821 486 esc-

220 514 351 568 emplo
381 513 543 566 factam
575 517 744 553 senatus
776 512 988 564 decresset,
1029 512 1242 565 confestim
1281 512 1461 554 Carvilii
1500 514 1661 555 tribuni
1686 515 1822 569 plebis

220 608 274 614 —-
319 585 381 625 rei
423 584 619 638 capitalis
660 583 770 624 diem
814 583 1024 624 Postumio
1066 583 1278 625 dixerunt.
1341 583 1389 625 In
1430 584 1497 631 his
1529 585 1672 627 verbis
1706 586 1820 628 solos

219 656 345 697 video
377 655 579 697 Ursinum
617 657 656 696 et
690 655 720 696 Ι.
743 655 812 696 Fr.
836 654 1100 696 Gronovium
1134 654 1400 696 difficultatis
1434 655 1595 709 aliquid
1618 656 1817 708 sensisse,

220 739 471 780 quanquam
504 738 558 766 ne
591 725 634 766 hi
668 725 843 779 quidem
886 727 1190 778 exposuerunt,
1241 738 1316 766 cur
1359 739 1438 778 pro
1480 739 1545 776 eo,
1595 728 1711 780 quod
1753 730 1820 769 est

220 802 326 847 aeta,
365 797 666 850 reponendum
706 799 932 838 censerent
971 797 1104 845 iacta;
1154 795 1284 836 ceteri
1316 796 1421 837 nihil
1454 800 1681 839 annotant.
1744 798 1821 840 Est

218 871 365 910 autem
415 870 528 909 certe
577 867 739 920 aliquid
786 867 855 908 hic
901 867 1055 909 vitiosi.
1125 867 1372 908 Pronomen
1416 867 1531 908 enim
1573 868 1660 910 hoec
1701 869 1820 911 nulla

220 940 385 981 ratione
416 939 565 980 referri
599 939 682 980 alio
714 940 858 992 potest
889 938 970 979 nisi
1003 938 1058 979 ad
1091 938 1316 979 consulum
1350 938 1591 980 orationem
1623 939 1819 992 proxime

217 1011 558 1064 praecedentem,
599 1023 650 1052 ea
690 1012 837 1051 autem
876 1008 1093 1061 quomodo
1133 1008 1189 1050 ab
1223 1009 1316 1050 aliis
1350 1010 1422 1063 aya·
1452 1010 1621 1062 potuit?
1668 1010 1819 1063 Neque

217 1083 406 1136 optimus
450 1081 630 1135 quisque
673 1080 843 1122 videtur
886 1093 982 1120 eam
1025 1093 1118 1120 rem
1160 1080 1325 1122 orando
1365 1080 1595 1134 peregisse,
1646 1081 1699 1122 de
1732 1094 1820 1134 qua

217 1153 360 1194 Livius
393 1166 480 1195 non
513 1151 724 1206 significat
757 1151 1093 1193 controversiam
1127 1150 1272 1193 fuisse.
1322 1151 1510 1192 Maxime
1542 1153 1687 1193 autem
1723 1152 1818 1193 vul—

216 1227 361 1277 gatam
406 1224 664 1277 scripturam
708 1223 880 1272 evertit,
931 1222 1046 1276 quod
1087 1222 1130 1262 in
1173 1235 1225 1263 ea
1267 1222 1583 1264 sententiarum
1626 1223 1732 1265 ordo
1776 1226 1820 1264 et

215 1309 352 1337 nexus
384 1308 470 1336 non
510 1296 693 1336 constat.
755 1293 864 1334 Nam
907 1298 949 1335 et
986 1293 1127 1346 ipsum
1167 1306 1408 1346 pronomen
1447 1293 1534 1334 haec
1573 1293 1818 1334 subiectum

216 1366 398 1408 orationi
432 1366 655 1407 consulum
690 1367 733 1406 et
764 1378 861 1418 quae
895 1364 1064 1405 adiecta
1088 1366 1208 1405 sunt:
1242 1365 1404 1419 vimque
1437 1378 1528 1404 eam
1561 1387 1618 1393 —
1649 1369 1820 1406 senatus

215 1439 427 1483 decresset,
461 1437 565 1478 satis
599 1436 835 1485 declarant,
869 1435 1035 1476 Livium
1068 1448 1154 1475 non
1188 1448 1417 1488 exponere,
1457 1435 1561 1488 quid
1594 1436 1818 1477 senatores

215 1509 412 1558 dixerint,
462 1508 536 1550 sed
582 1521 678 1560 quae
721 1507 850 1548 fuerit
891 1507 955 1547 vis
998 1505 1204 1548 orationis
1246 1508 1287 1547 et
1320 1506 1541 1548 relationis
1574 1507 1815 1557 consulum,

214 1581 307 1633 quis
342 1580 534 1621 effectus.
597 1578 740 1620 Facile
778 1578 864 1619 iam
909 1577 1148 1630 reperietur
1192 1577 1381 1630 corrupti
1424 1577 1624 1618 vocabuli
1668 1590 1817 1618 emen-

215 1652 353 1700 datio3
401 1650 506 1691 nihil
538 1663 625 1691 non
659 1649 932 1702 aptissimum
965 1648 1058 1698 erit,
1101 1648 1136 1689 si
1175 1648 1440 1701 reposueris:
1481 1662 1565 1702 pro
1599 1649 1818 1689 atrocitate

215 1724 276 1763 ret
309 1727 514 1776 accepta
548 1725 690 1762 essent.
754 1719 967 1761 Commoti
1000 1720 1101 1760 sunt
1133 1721 1383 1760 senatorum
1408 1718 1554 1769 animi,
1589 1720 1637 1759 ut
1658 1719 1702 1759 in
1724 1721 1817 1760 tam

213 1794 387 1847 indigna
421 1807 467 1834 re
499 1792 591 1833 fieri
623 1804 800 1833 necesse
833 1793 939 1832 erat.
1003 1790 1206 1844 Acceptas
1239 1793 1282 1831 et
1315 1794 1433 1831 actas
1463 1803 1551 1831 non
1584 1803 1682 1831 raro
1715 1803 1815 1843 per-

213 1866 456 1912 mutantur;
490 1866 538 1904 ut
560 1864 650 1905 Liv.
673 1863 805 1912 XXX,
841 1862 909 1911 33,
948 1863 967 1901 1
1003 1861 1126 1902 multi
1160 1860 1329 1902 codices
1362 1874 1440 1914 pro
1474 1861 1630 1915 accepti
1651 1861 1818 1902 habent

213 1937 308 1977 acti.
373 1934 480 1988 [Cfr.
513 1934 680 1984 XXVII,
716 1934 784 1983 20,
819 1932 880 1986 8.]

331 2007 423 2048 Lib.
456 2006 586 2055 XXV,
628 2005 697 2046 30.
762 2004 903 2059 Neque
939 2004 1034 2044 altis
1067 2004 1204 2044 minus
1230 2002 1432 2056 praesidii
1465 2007 1537 2044 aut
1562 2003 1816 2057 pertinaciae

213 2078 270 2119 ad
316 2077 572 2119 manendwn
620 2090 743 2132 qaam
792 2075 1031 2129 transfayt's
1075 2074 1175 2127 fuit.
1244 2074 1314 2115 Ad
1362 2073 1489 2115 huius
1536 2073 1617 2115 loci
1665 2087 1815 2115 veram

212 2150 471 2202 scripturam
504 2148 697 2200 ipsorum
731 2147 926 2188 codicum
959 2145 1140 2198 vestigia
1171 2145 1358 2194 ducunt3
1407 2158 1505 2186 eam
1548 2144 1676 2194 enim,
1718 2158 1816 2197 quae

211 2233 325 2261 nunc
359 2223 424 2261 est
455 2219 498 2260 in
532 2218 804 2263 editionibus,
850 2217 1105 2258 mendosam
1139 2228 1246 2266 esse,
1295 2229 1399 2256 usus
1432 2215 1636 2268 loquendi
1668 2219 1815 2256 osten-

212 2292 286 2332 dit.
335 2290 478 2341 Quum
513 2289 627 2331 enim
661 2288 815 2330 dicitur
848 2288 975 2328 meltis
1006 2288 1145 2327 minus
1168 2286 1370 2340 prcesz'dii
1402 2299 1484 2327 esse
1516 2299 1642 2340 quam
1676 2290 1815 2327 trans-

209 2362 339 2416 fayz's,
375 2363 450 2402 aut
480 2361 584 2401 nihil
617 2360 881 2413 significatur
906 2361 981 2401 aut
1004 2359 1099 2400 hoc.
1132 2357 1381 2410 transfugas
1406 2356 1600 2398 omnium
1624 2356 1814 2398 maxime

212 2432 410 2485 periculis
444 2431 634 2473 obiectos
668 2444 761 2472 esse
794 2443 936 2483 neque
968 2430 1054 2471 ullo
1087 2428 1289 2482 praesidio
1323 2427 1517 2477 defendi3
1562 2427 1678 2480 quod
1711 2427 1815 2480 quid

211 2504 265 2544 sit
296 2504 378 2544 hoc
410 2502 504 2543 loco
537 2505 579 2543 et
611 2501 828 2555 quomodo
862 2501 1028 2550 ceteris,
1062 2513 1158 2553 quae
1191 2499 1396 2540 adiuncta
1421 2501 1535 2548 sunt,
1570 2498 1812 2548 conveniat,

211 2587 339 2615 nemo
383 2572 507 2613 facile
551 2572 718 2613 dixerit.
790 2572 832 2613 Si
875 2571 918 2612 id
962 2570 1190 2624 significari
1234 2569 1377 2620 debet,
1425 2582 1582 2622 parum
1623 2569 1814 2622 praesidii

212 2643 458 2696 transfugas
490 2643 587 2684 urbi
620 2643 827 2692 attulisse,
861 2641 1106 2683 necessario
1140 2640 1372 2682 dicendum
1400 2642 1465 2681 est
1490 2640 1535 2680 in
1560 2639 1811 2694 transfuqis,

212 2717 259 2756 ut
290 2715 357 2764 III,
401 2714 458 2755 45
491 2714 698 2766 scriptum
739 2716 822 2755 est:
867 2714 926 2753 tta
967 2713 1010 2753 in
1043 2726 1091 2752 ea
1120 2711 1292 2765 firmam
1324 2710 1509 2752 libertati
1538 2710 1634 2764 fore
1663 2711 1812 2764 proesi-

212 2786 343 2826 dium.
404 2785 495 2826 Iam
529 2798 662 2838 quum
696 2783 1074 2825 Drakenborchius
1108 2783 1259 2824 decem
1293 2782 1461 2824 codices
1495 2785 1734 2831 enumeret,
1768 2780 1813 2822 in

213 2857 368 2909 quibus
401 2856 607 2908 scriptum
642 2856 714 2895 sit:
748 2868 874 2909 quam
906 2855 951 2894 tn
982 2854 1232 2908 transfuyts,
1267 2853 1379 2894 inter
1402 2866 1510 2906 quos
1535 2854 1600 2894 est
1622 2851 1811 2905 optimus

212 2927 280 2968 ille
324 2926 608 2974 Florentinus,
656 2938 767 2966 unus
810 2926 941 2966 etiam
983 2926 1029 2965 in
1066 2925 1165 2966 ultis
1203 2924 1412 2977 praebeat,
1462 2924 1566 2977 quid
1608 2925 1686 2973 est,
1736 2935 1813 2963 cur
