1915 3235
802 111 883 152 661

59 242 206 281 tamen
233 239 332 292 fuit,
366 239 481 292 quod
512 239 555 280 in
586 239 703 281 Leid.
737 243 780 281 et
811 241 903 282 aliis
935 253 1111 293 prorsus
1144 239 1281 289 abest,
1316 239 1359 280 in
1391 239 1477 281 Erf.
1510 251 1642 292 supra

60 310 265 362 scriptum
299 307 381 361 est)
414 309 636 360 efficiatur,
686 313 880 364 apparet.
942 310 1135 352 Modeste
1168 309 1316 351 Cicero
1358 312 1400 350 et
1430 309 1643 362 pudenter

60 380 275 433 Ligarium
308 379 558 430 defendens,
606 381 649 421 in
688 381 800 422 bello
839 394 926 422 non
965 381 1170 422 acerbum
1203 380 1334 422 fuisse
1367 379 1480 428 dicit,
1528 391 1642 420 nunc

59 452 197 491 totum
230 449 412 491 Caesaris
444 449 621 491 factum.
683 451 731 492 In
769 452 961 493 eiusdem
994 451 1199 493 orationis
1231 449 1254 503 ξ
1287 451 1342 492 28
1386 451 1538 492 eadem
1570 463 1642 492 ars

59 519 163 561 nihil
193 533 280 561 non
312 520 541 561 enarrandi
572 521 616 562 in
647 521 859 564 Beneckio
890 522 1076 575 perspici
1106 524 1268 574 potest3
1316 534 1418 562 nam
1461 524 1503 561 et
1533 521 1569 563 is
1602 522 1645 562 et

50 589 272 632 'Soldanus
306 592 427 641 enim,
459 596 506 632 ut
539 604 630 645 eg0‚
664 605 687 633 e
720 593 936 634 codicibus
969 592 1248 640 addiderunt;
1281 592 1358 633 sed
1389 592 1522 633 verba
1545 593 1644 632 tan-

61 674 191 714 quam
231 661 399 714 integra
441 664 483 702 et
525 675 631 703 sana
675 662 734 703 sic
778 663 1047 704 continuant:
1097 676 1165 714 (m,
1214 666 1257 702 ut
1295 661 1343 714 fit
1380 662 1424 702 in
1456 661 1645 702 civilibus

61 731 188 784 bellis,
234 745 307 772 nec
345 732 391 772 in
432 731 542 772 vobis
575 733 722 787 mayis,
771 747 895 788 quam
929 734 972 773 in
1003 732 1204 787 reliquis?
1248 745 1385 773 omnes
1417 733 1525 773 enim
1555 732 1644 773 vin-

60 802 179 843 cendi
208 802 345 843 studio
377 802 630 843 tenebamur.
692 803 776 844 Ubi
808 804 843 845 si
875 804 969 856 quis
1003 803 1259 856 quaesiverit,
1309 802 1423 855 quod
1462 803 1644 843 verbum

61 873 312 914 subiiciatur
343 873 565 925 particulae
598 887 666 922 an,
703 876 745 914 et
776 874 832 915 ad
864 887 993 926 quam
1026 874 1284 915 sententiam
1309 873 1521 914 referatur
1551 873 1646 915 haec

62 943 347 996 comparatio:
405 948 449 984 ut
499 943 547 996 fit
601 946 702 994 cet.,
751 944 1081 997 respondebitur
1133 944 1215 985 hac
1268 943 1643 996 interpretatione:

67 1013 218 1065 „Oder‚
266 1027 357 1055 was
398 1013 481 1066 bey
519 1014 859 1068 Bfirgerkriegen
899 1015 975 1056 der
1013 1015 1102 1056 Fall
1145 1028 1195 1056 zu
1227 1028 1333 1068 seyn
1364 1014 1506 1067 pflegt,
1555 1027 1646 1055 war

62 1085 151 1125 dies
183 1085 302 1125 nicht
333 1085 444 1125 auch
478 1085 561 1138 bey
594 1085 704 1126 euch
743 1085 853 1127 noch
895 1087 1019 1126 mehr
1061 1085 1136 1126 der
1178 1085 1282 1137 Fall,
1331 1085 1393 1126 als
1436 1086 1519 1139 bey
1561 1084 1646 1128 den

61 1155 292 1208 iibrigen?“
360 1155 509 1208 Itaque
541 1169 619 1209 pro
651 1157 732 1197 hac
764 1156 1115 1208 interrogatione:
1157 1170 1225 1207 cm,
1258 1168 1363 1204 QUOD
1391 1155 1439 1208 fit
1472 1157 1515 1196 in
1545 1156 1646 1196 civi-

62 1224 168 1266 libus
201 1224 327 1278 bellis,
360 1239 398 1266 ID
431 1239 550 1267 E'riAM
583 1228 625 1267 in
658 1226 768 1267 vobis
798 1229 965 1267 FIEBAT?
1004 1226 1096 1267 haec
1136 1226 1214 1266 erit
1245 1226 1331 1267 iam
1364 1226 1536 1267 Latina:
1575 1239 1645 1279 an,

62 1308 112 1336 UT
140 1294 188 1348 fit
219 1296 264 1335 in
296 1295 486 1337 civilibus
518 1296 644 1348 bellis,
678 1298 723 1337 in
758 1296 893 1337 cobis?
923 1299 965 1337 et
995 1310 1073 1349 pro
1105 1296 1207 1338 hoc:
1239 1296 1286 1349 fit
1309 1297 1431 1337 etiam
1457 1298 1500 1336 ῖη
1523 1295 1646 1349 vobis,

62 1379 132 1406 nec
164 1366 210 1405 in
242 1365 352 1406 vobis
383 1368 519 1421 mayis
551 1367 717 1408 dicetur
749 1367 939 1408 brevius:
977 1366 1024 1419 fit
1057 1381 1127 1408 nec
1158 1368 1203 1407 in
1233 1367 1344 1408 <vobis
1375 1368 1530 1421 mayis3
1568 1380 1647 1419 po-

62 1439 222 1478 stremo
254 1451 332 1490 pro
367 1438 469 1478 hoc:
517 1451 589 1478 nec
632 1438 675 1478 in
720 1437 827 1478 vobis
867 1450 981 1478 MINL‘s
1021 1452 1142 1492 quam
1187 1438 1229 1478 2712
1262 1438 1433 1492 reliquis
1464 1440 1539 1478 aut
1569 1450 1648 1490 pro

61 1507 163 1549 hoc:
210 1521 259 1549 ET
300 1509 344 1548 in
383 1508 494 1548 vobis
532 1521 647 1549 MAe1s
687 1522 811 1563 quam
845 1509 888 1549 in
919 1509 1091 1563 reliquis
1123 1508 1452 1549 substituemus:
1499 1521 1573 1549 NEC
1604 1509 1649 1549 in

64 1577 173 1619 cobis
203 1592 320 1619 MAGis
346 1593 470 1633 quam
505 1579 546 1618 in
580 1579 762 1633 reliquis.
812 1578 938 1631 (Nam
965 1579 1172 1619 hactenus
1198 1579 1457 1631 putavimus,
1492 1578 1562 1632 qui
1589 1578 1649 1620 sic

63 1649 244 1690 diceret:
291 1662 378 1689 non
409 1650 455 1690 in
490 1649 596 1690 cobis
628 1650 763 1703 magis
794 1662 915 1703 queem
953 1650 995 1689 in
1027 1650 1211 1703 reliquis,
1260 1649 1512 1702 significare,
1561 1662 1647 1700 θος,

64 1732 169 1772 quos
202 1719 506 1772 alloqueretur,
539 1733 625 1760 non
657 1723 864 1772 praestare
896 1719 1089 1771 reliquis:
1128 1732 1241 1760 nunc
1273 1720 1542 1773 significabit,
1575 1733 1648 1762 eos

62 1803 148 1831 non
189 1791 342 1831 cedere
384 1790 589 1843 reliquis.)
602 1787 635 1842 ¹)
707 1790 759 1830 Et
806 1803 936 1842 quum
985 1789 1045 1830 sic
1091 1802 1343 1831 enarramus
1390 1790 1647 1843 scriptorum

64 1860 196 1901 verba
229 1863 270 1901 et
309 1861 411 1902 talia
450 1861 662 1914 fingimus,
711 1873 806 1901 cum
850 1860 1170 1901 notissimarum
1214 1873 1358 1901 rerum
1402 1861 1648 1902 confusione

64 1933 106 1972 et
138 1944 300 1981 eorum,
349 1945 445 1984 quae
486 1931 591 1972 alias
631 1934 827 1972 tenemus
869 1932 911 1971 et
942 1930 1218 1979 inculcamus,
1267 1931 1508 1972 voluntaria
1539 1932 1647 1973 obli-

62 2001 200 2051 vione,
241 2002 411 2054 ingenia
451 2015 477 2044 a
515 2002 640 2043 nobis
681 2001 736 2042 ad
769 2001 1052 2042 subtilitatem
1086 2001 1273 2041 exerceri
1306 2001 1505 2043 dicimus!
1554 2002 1648 2043 Sol-

64 2071 202 2113 danus
235 2073 363 2113 etiam
399 2072 605 2113 adscribit
637 2072 756 2125 (nam
790 2072 906 2124 apud
939 2071 1143 2112 Orellium
1167 2085 1236 2112 me
1262 2075 1648 2114 commemoratum

62 2141 343 2195 reppererat),
378 2156 446 2183 me
479 2155 649 2195 quoque
682 2143 851 2191 vidisse,
892 2155 967 2190 „ea
998 2143 1067 2182 hic
1101 2142 1322 2192 excidisse,
1356 2156 1451 2195 quae
1476 2142 1648 2195 proprie

65 2212 117 2254 de
165 2213 443 2254 Tuberonum
493 2214 634 2254 studio
689 2213 802 2254 dicta
857 2214 1042 2254 essent“.
1122 2213 1185 2253 Ita
1238 2225 1352 2254 vero.
1430 2212 1648 2254 Excidisse

0 2286 1 2290 ’
65 2283 277 2333 dixeram,
335 2296 421 2325 non
478 2284 731 2325 stultissima
787 2284 858 2324 illa
916 2283 1052 2336 ellipsi
1105 2295 1207 2323 usus
1263 2295 1395 2323 eram.
1480 2282 1648 2336 Scripta

66 2358 211 2395 autem
258 2354 429 2396 fuerant
477 2355 549 2403 sic,
597 2357 656 2404 ut,
705 2367 837 2406 quum
885 2354 1031 2395 Cicero
1072 2353 1323 2394 Tuberones
1371 2353 1647 2394 vehementes

66 2428 108 2465 et
140 2425 326 2466 victoriae
362 2425 659 2477 cupidissimos
703 2424 835 2465 fuisse
875 2424 1063 2474 dixisset,
1111 2426 1216 2474 tum,
1264 2436 1318 2464 ne
1362 2436 1433 2465 eos
1477 2424 1648 2477 proprie

67 2497 108 2535 et
154 2497 312 2547 praeter
360 2498 524 2537 ceteros
572 2507 774 2536 accusare
824 2494 1059 2544 videretur,
1106 2494 1188 2535 hoc
1235 2494 1433 2535 adderet:
1488 2508 1558 2534 nee
1603 2495 1649 2534 in

106 2679 133 2723 ¹)
159 2679 251 2723 [Hac
276 2681 504 2716 enarratione
529 2692 602 2715 non
628 2680 747 2715 minus
773 2681 894 2725 inepte
926 2680 1049 2714 fictam
1074 2680 1281 2714 anacoluthi
1307 2681 1575 2715 excusationem
1600 2680 1646 2714 ab

160 2740 303 2774 Halmio
333 2740 479 2785 probari
510 2739 671 2784 potuisse
701 2751 847 2784 prorsus
882 2740 1003 2774 miror.
1059 2738 1173 2782 Quale
1206 2742 1259 2773 est
1290 2739 1386 2774 enim
1421 2740 1488 2774 hoc
1520 2749 1646 2774 anaco-

159 2799 298 2841 luthon,
335 2802 387 2840 ut,
424 2799 589 2843 abrupta,
628 2809 707 2843 quae
732 2799 791 2833 vix
822 2799 988 2832 instituta
1019 2798 1075 2839 sit,
1112 2798 1400 2841 interrogatione,
1438 2798 1648 2832 subiiciatur

160 2867 224 2901 per
247 2860 340 2891 enim
365 2868 474 2892 causa
499 2857 575 2891 eius
600 2857 798 2898 sententiae,
825 2868 904 2901 quae
930 2857 1078 2891 omnino
1103 2856 1303 2900 significata
1327 2867 1400 2891 non
1426 2854 1510 2898 sitP]

1665 884 1715 911 326
