1915 3235
122 1176 172 1200 159

958 122 1039 164 128

200 250 448 291 Latinorum
480 263 646 291 morem
679 252 721 291 et
752 263 903 291 verum
930 251 1134 292 orationis
1157 250 1385 291 artificium
1411 249 1639 303 duplicatae
1666 251 1789 291 erant

199 320 253 361 ab
287 320 537 371 editoribus,
576 321 693 361 velut
733 334 812 373 pro
845 321 930 362 Mil.
964 321 1033 371 28,
1075 321 1144 371 76,
1183 320 1257 361 ubi
1289 320 1615 373 interrogationi
1647 319 1788 373 (pecu-

199 392 313 431 niam
361 390 494 443 dico?)
549 391 810 432 contrariam
864 394 904 432 et
952 391 1092 432 maius
1141 404 1236 432 cum
1285 390 1530 432 affirmandi
1577 390 1789 444 particula

197 461 347 502 subiici
372 461 519 502 debet:
553 475 580 501 α
604 461 758 513 liberis,
790 460 1092 514 mediusfidius,
1121 464 1200 503 cet.
1249 462 1302 503 Et
1326 462 1386 503 sic
1411 462 1591 503 codices.
1640 461 1790 513 Itaque

197 533 373 573 correxi.
437 531 639 572 Eiusdem
671 533 839 585 generis
873 534 965 574 erat
1003 532 1106 574 ibid.
1140 533 1209 583 31,
1251 533 1307 574 84
1346 532 1414 574 Ea
1455 533 1530 585 vis,
1579 531 1790 588 eci-iqitur

197 604 301 656 ipsa,
335 616 412 655 pro
445 615 529 655 quo
563 616 615 643 ex
647 602 751 644 BaV.
785 605 828 644 et
859 603 946 644 Erf.
981 603 1115 645 edidi:
1159 603 1227 644 Εα
1258 604 1320 644 vis
1355 604 1494 658 assitme
1517 603 1624 656 ipsa.
1686 601 1788 643 Phi-

195 673 296 726 lipp.
331 686 501 726 quoque
532 673 580 723 II,
622 673 691 724 28,
732 674 787 715 69
828 672 997 727 (Nolite,
1037 675 1161 715 nolite
1200 673 1401 730 quoerere)
1443 675 1626 715 alterum
1666 673 1790 714 nolite

193 746 309 785 recte
341 744 572 785 Vaticanus
605 744 806 786 excludit.
861 745 1032 786 Leniter
1054 745 1202 788 Cicero
1234 746 1383 787 irridet
1416 744 1669 795 Antonium,
1702 757 1790 786 non

194 814 305 855 serio
339 817 380 855 et
412 815 692 856 vehementer
723 817 857 856 vetat.
1212 866 1220 872 ²

312 884 493 926 Deducti
526 899 674 927 sumus
713 900 739 928 a
771 886 1015 928 Milonianae
1054 888 1258 929 orationis
1299 888 1392 929 loco
1433 887 1490 928 ad
1533 900 1642 936 eam,
1693 899 1789 939 quae

193 955 390 1007 proxima
423 960 499 1006 est,
548 957 835 1010 Ligarianam,
885 959 1004 999 cuius
1049 972 1182 1012 quum
1221 958 1423 1011 permulti
1455 958 1536 999 loci
1568 957 1789 1010 insigniter

194 1026 347 1066 mutati
380 1039 405 1067 a
438 1039 505 1068 me
545 1028 642 1078 sint,
691 1029 745 1070 de
784 1029 953 1071 duobus
992 1031 1163 1071 tantum
1202 1029 1271 1070 hic
1316 1029 1545 1070 dicendum
1589 1031 1665 1078 est,
1713 1027 1789 1069 ubi

194 1097 460 1138 coniecturas
494 1111 520 1139 a
551 1112 620 1139 me
652 1099 746 1152 ipso
779 1100 917 1142 factas
949 1114 1199 1159 persequor.

311 1167 356 1209 C.
381 1169 429 1218 7,
465 1170 521 1210 20
553 1170 716 1211 editum
749 1174 860 1212 erat:
900 1170 983 1212 Sed
1021 1176 1065 1212 ut
1096 1173 1283 1212 omittam
1315 1184 1569 1212 communem
1601 1183 1786 1223 ccmsam,

194 1239 407 1280 veniamus
439 1240 496 1280 ad
527 1245 727 1282 nostram.
809 1241 958 1282 Utrum
989 1242 1158 1283 tandem
1190 1244 1403 1284 existimas
1433 1242 1611 1295 facilius
1639 1240 1786 1294 fuisse,

198 1308 371 1362 Tubero,
421 1310 648 1366 Lz'yarz'mn
696 1326 744 1353 ex
790 1311 947 1366 Africa
994 1315 1120 1367 exire,
1169 1327 1225 1354 cm
1274 1327 1340 1354 vos
1378 1314 1424 1353 in
1467 1312 1667 1366 Africam
1706 1325 1789 1353 non

192 1381 359 1421 ‹venir-e?
389 1382 658 1435 Ineptissime
690 1384 835 1436 priora
867 1386 1195 1438 coniunguntur,
1230 1386 1353 1438 quasi
1386 1384 1482 1426 ideo
1516 1384 1631 1425 dicat
1663 1384 1715 1425 de
1739 1396 1786 1424 re
1827 1371 1830 1374 ⁵

192 1452 235 1492 in
266 1451 470 1494 iudicium
504 1457 669 1505 vocata,
718 1469 772 1496 ne
811 1456 864 1497 de
904 1456 1122 1498 communi
1162 1469 1293 1497 causa
1326 1455 1467 1497 dicere
1502 1468 1679 1496 necesse
1713 1455 1787 1504 sit;

193 1525 508 1575 apertumest,
557 1526 857 1568 invertendam
897 1527 1029 1569 fuisse
1069 1526 1332 1569 orationem:
1382 1526 1465 1577 Secl
1497 1527 1685 1567 omittam
1715 1549 1787 1578 -—-,

192 1597 235 1633 ut
271 1595 494 1637 veniamus.
543 1596 729 1639 Omnino
762 1599 822 1639 ita
853 1599 946 1639 haec
980 1611 1172 1639 connexa
1203 1600 1315 1647 sunt,
1349 1599 1398 1638 ut
1422 1597 1467 1638 in
1491 1600 1581 1639 tam
1606 1596 1789 1650 simplici

191 1667 405 1707 sententia
438 1667 585 1709 Cicero
618 1682 704 1710 non
737 1669 921 1710 alterum
955 1669 1131 1710 alterius
1165 1681 1297 1709 causa
1336 1668 1428 1710 fieri
1462 1668 1603 1709 dicere
1636 1668 1786 1718 soleat,

194 1736 270 1776 sed
313 1738 560 1791 coniungat:
609 1741 810 1793 omittam,
861 1741 1035 1781 veniam.
1098 1740 1248 1792 Itaque
1290 1741 1534 1781 necessario
1577 1739 1788 1781 mutanda

195 1810 286 1848 erat
318 1811 630 1851 sententiarum
664 1811 892 1861 distinctio,
927 1824 1011 1863 quo
1044 1810 1158 1851 facto
1190 1811 1320 1863 paulo
1352 1810 1487 1852 fiebat
1513 1810 1718 1864 apertius,
1752 1809 1788 1851 si

194 1880 384 1930 apertius
401 1880 494 1921 fieri
511 1883 694 1934 poterat,
727 1895 978 1935 perversam
997 1895 1090 1923 esse
1115 1882 1233 1923 illam
1254 1882 1594 1934 inaequalitatem
1618 1881 1788 1922 numeri

194 1949 438 2001 verborum,
472 1953 659 1993 omittam
691 1955 734 1994 et
765 1954 991 2002 veniamus
1026 1966 1122 2006 quae
1154 1952 1413 1994 Lambinum
1447 1965 1617 2006 quoque
1650 1952 1786 1993 offen-

192 2020 336 2069 derat;
370 2022 472 2074 quid
505 2026 569 2064 est
602 2024 728 2074 enim,
765 2025 830 2066 vel
862 2025 905 2065 in
937 2025 1112 2077 vulgata
1144 2024 1431 2073 distinctione,
1468 2037 1543 2065 cur
1574 2023 1617 2064 in
1650 2023 1787 2065 altero

192 2094 590 2136 communicationis
637 2096 774 2148 figura
812 2098 956 2137 orator
994 2098 1154 2145 utatur,
1202 2096 1246 2136 in
1293 2095 1428 2136 altero
1475 2108 1562 2136 non
1608 2096 1786 2136 utatur?

192 2161 477 2206 Scribendum
515 2165 642 2219 igitur
681 2169 792 2208 erat:
842 2167 943 2220 Sed,
992 2172 1036 2207 ut
1081 2167 1267 2207 omittam
1307 2178 1561 2206 communem
1599 2177 1784 2216 causam,

286 2374 351 2397 nec
378 2365 451 2399 ulla
477 2370 560 2400 sunt
587 2368 799 2411 corruptelae
825 2367 861 2401 in
888 2367 1002 2408 codd,
1041 2367 1170 2408 verbis,
1209 2367 1327 2400 forma
1352 2365 1525 2400 orationis
1551 2365 1710 2409 vestigia,
1750 2366 1809 2406 et,

285 2423 361 2457 fieri
388 2424 540 2458 fortasse
565 2429 693 2469 potest,
721 2429 762 2460 ut
788 2426 955 2461 fefellerit
980 2427 1115 2461 flumen
1142 2427 1337 2461 verborum
1364 2428 1645 2471 persequentem
1670 2423 1785 2458 facilis

286 2485 320 2516 et
346 2486 471 2526 aperta
497 2484 689 2525 conclusio,
723 2496 804 2529 quae
836 2496 879 2519 ex
905 2485 960 2519 his
986 2486 1106 2519 verbis
1132 2486 1254 2520 oritur.
1307 2486 1376 2520 Sed
1403 2489 1539 2526 tamen,
1576 2494 1690 2528 quum
1716 2482 1785 2516 usi-

286 2545 361 2575 tata
398 2542 443 2575 sit
482 2542 638 2577 formula
676 2554 718 2577 ex
753 2544 964 2587 quotidiano
998 2544 1171 2588 loquendi
1197 2544 1315 2586 modo,
1355 2548 1395 2578 ut
1433 2544 1586 2581 videtur,
1627 2544 1784 2585 sumpta,

285 2612 363 2634 sero
389 2606 449 2642 est,
488 2613 552 2645 pro
585 2613 638 2641 eo,
676 2603 772 2646 quod
799 2606 853 2636 est
878 2615 1007 2645 serum,
1047 2614 1119 2647 qua
1145 2614 1230 2637 usus
1257 2607 1311 2637 est
1338 2603 1460 2637 Cicero
1488 2603 1525 2636 in
1553 2602 1616 2646 Ep.
1644 2600 1690 2635 ad
1716 2600 1784 2643 Qu.

286 2659 398 2694 Fratr.
426 2661 451 2701 Ι,
479 2660 510 2701 2,
538 2672 565 2694 c.
585 2660 606 2694 3
633 2664 668 2695 et
693 2661 815 2696 Livius
836 2662 960 2703 XXIII,
987 2662 1043 2704 44,
1070 2662 1301 2696 scribendum
1327 2663 1440 2696 videri
1467 2660 1598 2705 possit:
1625 2661 1686 2693 sed
1710 2663 1786 2692 tum

285 2730 362 2753 sero
389 2724 475 2753 erat.
527 2721 620 2754 Erat
644 2722 737 2754 enim
764 2725 841 2762 cet.‚
874 2721 909 2754 id
937 2725 1000 2762 est,
1035 2732 1157 2755 serum
1191 2724 1268 2756 erat
1301 2732 1428 2765 pacem
1455 2721 1608 2755 suadere
1634 2723 1670 2754 et
1695 2718 1785 2763 cogi-

286 2782 378 2819 ta1·e;
418 2778 550 2822 itaque,
589 2780 651 2823 qui
683 2791 828 2824 semper
859 2780 959 2821 alias,
998 2783 1077 2814 tum
1109 2791 1182 2814 non
1215 2780 1321 2814 suasi.
1374 2780 1480 2823 Quod
1506 2779 1682 2814 Patricius
1708 2778 1785 2812 haec

286 2837 396 2871 verba
414 2837 687 2881 interpretatur:
715 2840 775 2872 sed
792 2841 919 2881 seriuS,
947 2851 1055 2882 quam
1076 2842 1243 2883 oportuit,
1270 2844 1396 2874 auctor
1408 2841 1514 2883 pacis
1530 2840 1598 2881 feci,
1625 2837 1785 2882 primum

286 2901 360 2929 mm
385 2895 542 2939 negligit,
581 2896 710 2931 deinde
743 2897 831 2931 nihil
865 2899 978 2942 magis
1011 2899 1233 2933 contrarium
1265 2898 1445 2932 Ciceronis
1479 2897 1593 2932 menti
1620 2900 1683 2938 est,
1723 2895 1786 2940 qui

285 2954 481 2998 saepissime
507 2955 603 2997 dicit,
629 2956 675 2989 ab
702 2955 803 2990 initio
831 2968 869 2991 se
895 2958 1094 2992 concordiae
1119 2958 1310 2992 studuisse.
