1915 3235
157 1112 207 1138 264

982 121 1068 161 214

227 254 325 295 latis
363 252 686 306 perveniebant,
735 250 925 292 subactis
972 249 1141 303 populis
1189 262 1320 291 onera
1357 249 1532 303 publica
1569 263 1728 303 magna
1767 263 1819 292 ex

227 327 350 377 parte
390 322 700 365 sustinentibus
748 333 950 374 agroque,
999 320 1072 373 qui
1118 320 1168 360 iis
1215 320 1488 362 adimebatur
1534 333 1613 362 nec
1660 321 1818 363 colonis

228 394 545 448 assignabatur,
593 392 781 445 primum
822 391 996 444 quidem
1035 404 1306 444 possessores
1339 391 1515 441 ditante,
1564 390 1642 433 sed
1672 394 1820 434 tamen

227 466 299 515 ita,
340 468 387 506 ut
420 477 482 505 eae
516 463 673 504 divitiae
706 475 783 515 per
814 464 955 504 totum
986 462 1194 515 populum
1227 462 1372 515 aliqua
1404 475 1455 503 ex
1487 465 1610 515 parte
1643 476 1820 516 sparge-

228 539 394 585 rentur3
430 534 674 587 licebatque
707 533 883 586 singulis
918 533 1081 574 civibus
1113 535 1207 574 tuto
1239 533 1350 574 inter
1381 533 1605 575 universos
1637 534 1820 587 populos

228 607 430 648 subactos
464 604 626 646 versari
661 603 1095 657 commodissimaque
1135 603 1384 645 condicione
1425 606 1639 656 quaestum
1677 617 1820 657 perse-

228 678 313 730 qui.
375 677 600 717 Postremo
647 674 907 728 permissum
956 676 1048 715 erat
1086 675 1350 727 pauperibus
1389 675 1599 716 Romanis
1638 675 1822 717 civitatis

227 748 435 789 honorem
470 751 511 787 et
543 747 607 787 ius
642 759 739 786 cum
772 745 951 799 privatis
986 745 1220 787 commodis
1255 746 1432 787 coloniae
1456 746 1621 787 Latinae
1646 759 1821 799 permu-

227 821 333 868 tare,
368 818 484 870 quod
516 830 602 859 non
628 830 790 870 paucos
815 816 980 867 fecisse,
1015 816 1236 857 minuente
1260 816 1502 869 praesertim
1527 817 1824 870 magnitudine

228 889 287 930 rei
319 889 505 942 publicae
538 888 804 941 singulorum
837 887 993 928 civium
1026 889 1309 938 momentum,
1349 887 1575 940 probabile
1616 890 1681 929 est
1720 887 1824 942 (Cic.

228 974 305 1013 pro
339 959 448 1001 Caec.
484 959 552 1010 33,
588 957 676 1011 98).
739 958 895 999 Ardeae
928 959 1072 999 Livius
1106 957 1189 1011 (IV,
1226 956 1298 1011 11)
1340 971 1379 999 a.
1413 958 1499 999 442
1540 958 1671 1000 etiam
1708 960 1824 1012 ipsos

227 1031 475 1072 triumviros
507 1030 769 1071 remansisse
801 1031 970 1079 narrat;
1011 1032 1103 1071 erat
1135 1031 1282 1070 autem
1315 1029 1482 1070 Latina.
1546 1030 1695 1083 Itaque
1727 1033 1826 1083 post

228 1101 550 1154 antiquissimas
592 1101 686 1142 illas
730 1101 810 1141 sub
853 1100 1025 1153 regibus
1070 1099 1277 1141 deductas
1323 1102 1527 1153 quattuor
1559 1101 1734 1142 omnino
1767 1101 1826 1142 ci-

228 1174 345 1214 vium
380 1172 556 1214 coloniae
590 1172 633 1212 in
665 1172 759 1212 loca
792 1185 817 1212 a
848 1171 958 1212 mari
990 1174 1158 1212 remota
1191 1171 1390 1212 deductae
1415 1173 1822 1222 commemorantur,

228 1244 271 1284 in
303 1257 429 1296 agros
462 1256 548 1285 non
580 1243 706 1284 Valde
740 1244 795 1284 ab
829 1244 936 1283 urbe
968 1245 1170 1292 remotos,
1205 1243 1349 1283 Lavici
1379 1241 1435 1295 (a.
1459 1240 1577 1295 418),
1612 1242 1826 1283 Satricum

230 1314 286 1367 (a.
321 1313 437 1367 384),
486 1314 626 1364 tertia,
679 1313 798 1355 cuius
839 1326 998 1355 nomen
1037 1314 1270 1366 ignoratur,
1319 1313 1397 1354 sed
1439 1313 1624 1354 fortasse
1655 1313 1825 1355 Vitellia

230 1386 309 1426 fuit
342 1385 397 1438 (a.
433 1384 549 1437 395),
583 1385 779 1426 AEsulum
812 1384 868 1438 (a.
892 1384 976 1425 246
1013 1386 1120 1425 teste
1143 1381 1329 1437 Vell.).¹)
1378 1384 1640 1426 Colonorum
1672 1396 1825 1424 nume-

229 1470 302 1498 rus
335 1457 378 1497 in
410 1456 477 1497 his
510 1458 656 1497 tantus
691 1460 1068 1505 commemoratur,
1110 1457 1158 1496 ut
1197 1454 1331 1495 videri
1371 1455 1538 1508 possint
1568 1467 1655 1495 non
1687 1454 1825 1495 solum

229 1527 432 1580 praesidia
464 1527 667 1580 imposita
699 1527 917 1568 veteribus
950 1526 1097 1567 incolis
1130 1526 1300 1575 relictis,
1342 1526 1419 1567 sed
1457 1527 1550 1567 tota
1581 1525 1741 1578 oppida
1774 1538 1827 1566 ex

231 1598 390 1639 colonis
437 1598 647 1640 Romanis
697 1597 943 1640 constituta.
1017 1596 1195 1638 Lavicos
1244 1598 1358 1637 enim
1407 1596 1522 1637 mille
1569 1596 1825 1649 quingentos

231 1669 404 1710 colonos
436 1669 617 1722 scriptos
648 1669 792 1710 Livius
824 1669 969 1719 tradit,
1010 1668 1237 1718 Vitelliam,
1279 1669 1313 1709 si
1346 1667 1390 1708 id
1421 1680 1580 1709 nomen
1612 1666 1704 1717 fuit,
1743 1666 1827 1708 tria

229 1740 375 1790 millia,
424 1740 638 1781 Satricum
683 1740 767 1781 duo
810 1739 956 1780 millia.
1020 1739 1215 1791 Reliquae
1258 1751 1408 1780 omnes
1453 1738 1609 1779 civium
1649 1737 1827 1779 coloniae

229 1824 306 1864 per
353 1811 446 1852 haec
493 1811 652 1852 saecula
689 1811 919 1851 maritimae
960 1811 1145 1860 fuerunt,
1194 1809 1408 1862 impositae
1456 1822 1544 1850 orae
1590 1808 1724 1850 Italiae
1771 1808 1828 1850 ad

230 1884 462 1934 utrumque
501 1895 635 1923 mare.
698 1881 793 1923 Hoc
840 1895 974 1935 genus
1023 1880 1286 1922 coloniarum
1330 1880 1474 1921 Livius
1514 1879 1683 1921 duobus
1724 1879 1827 1921 locis

232 1955 556 2003 commemorat,
591 1952 663 1993 lib.
696 1953 862 2003 XXVII,
897 1952 965 2003 38,
999 1952 1074 1993 ubi
1106 1951 1207 1992 belli
1238 1951 1388 1993 Punici
1421 1950 1599 1992 secundi
1630 1952 1826 2003 tempore

232 2037 270 2065 a.
300 2024 398 2074 207,
433 2037 566 2076 quum
598 2026 775 2077 propter
806 2024 997 2077 inopiam
1029 2022 1262 2064 iuventutis
1294 2022 1451 2063 milites
1485 2021 1589 2063 dare
1622 2033 1826 2074 cogeren-

232 2096 314 2144 tur,
363 2097 531 2147 septem
571 2108 624 2135 ex
665 2095 715 2135 iis
755 2097 954 2135 senatum
988 2094 1128 2136 adisse
1163 2094 1375 2143 dicuntur,
1424 2094 1746 2134 sacrosanctam
1779 2104 1825 2133 se

232 2165 503 2207 vacationem
535 2165 699 2207 habere
732 2165 1013 2215 affirmantes,
1048 2178 1178 2218 quam
1212 2169 1360 2205 tamen
1391 2163 1472 2205 nisi
1496 2164 1540 2204 in
1565 2163 1752 2205 Ostiensi
1784 2164 1827 2203 et

272 2364 299 2408 ¹)
324 2367 376 2400 De
403 2366 542 2400 Lavicis
574 2369 699 2400 auctor
732 2369 785 2400 est
819 2365 942 2401 Livius
968 2366 1026 2408 IV,
1059 2365 1104 2398 47
1130 2365 1223 2409 (coll.
1250 2365 1351 2399 Diod.
1380 2364 1447 2398 Sic.
1473 2364 1567 2405 XIII,
1602 2361 1654 2406 6);
1692 2362 1826 2397 civium

329 2437 410 2459 eam
435 2425 557 2465 fuisse,
591 2436 664 2459 non
691 2426 808 2460 solum
835 2436 879 2459 ex
904 2426 995 2460 Livii
1021 2425 1140 2460 verbis
1174 2424 1301 2468 (coloni
1326 2425 1369 2458 ab
1396 2424 1482 2457 urbe
1507 2422 1624 2465 missi)
1650 2422 1825 2456 concludo

328 2484 421 2525 (coll.
448 2483 644 2518 Niebuhrio
671 2484 713 2526 II,
740 2483 836 2526 489),
862 2486 925 2520 sed
952 2485 1110 2519 maxime
1136 2495 1180 2518 ex
1206 2495 1258 2522 eo,
1293 2483 1389 2527 quod
1416 2482 1500 2516 belli
1526 2480 1652 2515 Punici
1678 2480 1826 2515 secundi

328 2546 492 2586 tempore
518 2546 614 2577 certe
640 2543 734 2578 inter
758 2544 906 2578 Latinas
932 2554 1005 2578 non
1031 2543 1098 2578 fuit
1107 2556 1114 2584 ;
1154 2543 1198 2578 de
1224 2543 1361 2577 Satrico
1387 2542 1510 2576 Livius
1535 2541 1594 2583 VI,
1622 2540 1681 2579 16;
1720 2541 1825 2581 hanc,

329 2612 350 2635 a
374 2601 605 2635 Praenestinis
631 2605 667 2636 et
692 2602 829 2636 Volscis
856 2606 1100 2647 expugnatam
1126 2600 1195 2644 (VI,
1223 2600 1293 2644 22),
1320 2613 1351 2636 a.
1379 2600 1448 2634 348
1473 2600 1679 2635 restitutam
1704 2599 1826 2634 Livius

328 2660 461 2703 scribit,
489 2660 624 2694 colonis
650 2661 695 2694 ab
722 2661 940 2704 Antiatibus,
974 2662 1010 2696 id
1036 2665 1100 2703 est,
1126 2660 1247 2702 Antio,
1280 2672 1351 2705 quo
1378 2660 1625 2703 confugerant,
1664 2658 1827 2693 deductis

328 2720 403 2753 sive
429 2720 549 2764 potius
575 2720 732 2754 reductis
758 2719 847 2762 (VII,
879 2719 948 2763 27).
999 2721 1052 2755 De
1084 2720 1160 2755 eius
1193 2719 1393 2754 defectione
1420 2719 1465 2753 ad
1493 2718 1673 2753 Samnites
1699 2729 1730 2752 a.
1756 2716 1826 2752 320

331 2778 420 2820 (Liv.
448 2778 506 2820 IX,
540 2777 595 2820 12,
629 2778 690 2816 16;
730 2779 853 2821 XXVI,
885 2779 947 2821 33)
978 2779 1040 2814 cfr.
1068 2790 1177 2823 supra
1202 2790 1236 2823 p.
1263 2776 1342 2812 227.
1392 2777 1552 2811 Tertiam
1578 2777 1678 2811 illam
1704 2776 1825 2810 Livius

330 2838 368 2877 V,
395 2836 439 2870 24
467 2841 728 2871 commemorat
737 2851 745 2879 ;
772 2837 954 2872 Vitelliam
980 2838 1090 2872 fuisse
1115 2837 1333 2871 Niebuhrius
1359 2835 1416 2879 (II,
1443 2835 1528 2879 550)
1554 2847 1597 2871 ex
1618 2836 1693 2870 Liv.
1714 2835 1754 2876 V,
1781 2833 1825 2867 29

328 2895 540 2940 suspicatur.
591 2896 754 2930 AEsulum
781 2894 898 2939 (Vell.)
931 2897 1025 2930 inter
1050 2896 1197 2930 Latinas
1228 2896 1264 2929 in
1298 2895 1392 2930 bello
1424 2895 1560 2930 Punico
1594 2905 1666 2929 non
1698 2904 1822 2928 nume-

327 2958 439 2989 ratur.
