1915 3235
824 105 911 146 455

76 234 187 286 leaeti,
228 234 460 283 intellextis,
505 234 661 275 extrita
691 234 803 275 inter
835 234 942 275 duas
974 249 994 276 s
1025 236 1162 276 vocali
1195 238 1237 276 et
1269 236 1405 278 altera
1435 251 1455 278 s
1486 238 1531 279 in
1562 250 1663 279 con-

77 317 204 345 cursu
237 305 565 345 consonantium
598 302 762 357 elisa.¹)
809 305 986 347 Rectius
1019 306 1147 358 igitur
1177 307 1271 348 haec
1300 307 1470 361 pridem
1504 322 1529 349 a
1555 308 1663 350 Vos-

76 375 138 416 sio
171 373 243 427 (ΙΙΙ
275 374 328 415 de
362 375 474 415 anal.
507 373 594 427 42),
629 388 758 427 quem
790 375 942 428 reliqui
974 379 1224 429 sequuntur,
1267 379 1493 419 coniuncta
1526 381 1662 429 erant,

75 458 173 498 quae
213 445 408 486 Struvius
453 445 627 486 divellit.
691 445 815 496 Quod
856 459 911 487 ne
953 447 1047 499 quis
1090 447 1270 498 dubitet,
1318 449 1507 501 primum
1548 452 1664 490 recte

74 515 202 568 vulgo
235 515 455 563 definiunt,
503 517 617 557 hanc
658 517 1069 570 plusquamperfecti
1102 522 1144 558 et
1174 518 1371 559 infinitivi
1404 519 1589 561 formam
1621 520 1665 560 in

74 587 125 627 iis
156 586 457 627 tantummodo
491 586 660 627 admitti
691 588 830 628 tertiae
873 588 1181 641 coniugationis
1219 589 1377 640 verbis,
1427 603 1523 642 quae
1565 603 1664 643 per-

74 656 235 698 fectum
267 657 409 697 littera
440 671 460 697 s
490 659 653 707 notent,
689 659 755 698 cui
787 658 1077 700 observationi
1100 659 1185 700 duo
1208 672 1260 700 ex
1281 673 1519 713 permagna
1543 663 1665 714 copia

75 728 274 780 exempla
319 728 731 780 plusquamperfecti
778 729 941 770 incerta
988 729 1182 780 obstant,
1236 730 1433 772 infinitivi
1479 729 1664 784 nulla²);

75 811 208 852 capse,
239 798 358 851 βακε,
393 812 482 850 (axe,
515 803 624 851 taxe,
665 798 803 839 obiexe
833 812 961 841 nemo
994 813 1185 853 unquam
1220 801 1338 842 dixit.
1402 802 1578 852 Deinde,
1620 805 1667 843 ut

74 868 153 910 has
201 868 363 910 formas
412 882 464 909 ex
510 882 700 922 syncopa
747 872 863 911 ortas
910 870 1156 923 longissime
1204 873 1259 912 ab
1308 873 1488 925 antiqua
1534 873 1666 914 futuri

74 938 214 980 forma
247 939 532 992 diiungamus,
566 940 633 980 vel
665 940 708 980 id
740 940 973 982 admonere
1005 944 1161 994 potest,
1196 942 1311 995 quod
1343 944 1426 984 hac
1453 943 1594 985 forma
1626 946 1669 984 et

75 995 344 1050 coniunctivo
376 1010 475 1051 inde
519 1011 712 1052 derivato
751 1024 879 1052 nemo
921 1014 1020 1064 post
1062 1012 1315 1054 Terentium
1360 1016 1424 1055 est
1466 1027 1584 1065 usus,
1633 1016 1667 1055 si

71 1079 189 1132 faxo,
220 1080 374 1133 faxim,
418 1082 554 1122 ausim
587 1082 817 1134 exceperis,
860 1095 910 1123 ac
942 1096 996 1123 ne
1028 1083 1062 1123 is
1095 1083 1271 1135 quidem
1303 1085 1383 1125 nisi
1416 1085 1667 1137 parcissime

75 1148 158 1203 (bis
191 1151 377 1201 omnino,
419 1152 500 1193 nisi
539 1152 675 1201 fallor,
718 1154 889 1193 accessis
920 1153 1054 1194 Andr.
1088 1154 1155 1203 IV,
1189 1153 1216 1193 5
1249 1153 1324 1206 (4),
1359 1156 1412 1195 21
1449 1158 1489 1196 et
1530 1157 1668 1210 appel-

74 1221 198 1262 lassis
228 1221 402 1263 Phorm.
436 1223 502 1273 IV,
537 1224 562 1264 6
596 1222 663 1275 [V,
700 1222 758 1275 1],
795 1222 878 1275 15),
922 1226 1069 1265 contra
1108 1223 1181 1264 illa
1213 1238 1404 1278 syncopa
1437 1230 1480 1267 et
1512 1227 1668 1268 Lucre—

74 1291 157 1332 tius
191 1294 233 1333 et
264 1293 462 1345 Virgilius
497 1296 538 1334 et
569 1290 837 1346 Horatius.3)

112 1454 139 1499 1)
166 1457 340 1502 Exempla
366 1458 475 1499 dabit,
503 1458 531 1491 si
557 1469 648 1502 opus
674 1462 737 1499 est,
771 1458 936 1493 Struvius
962 1470 994 1502 p.
1016 1458 1092 1499 153,
1120 1459 1281 1503 Hjortius
1298 1472 1332 1504 p.
1353 1460 1431 1501 127,
1458 1464 1493 1495 et
1510 1461 1671 1505 pluralis,

169 1517 271 1551 cuius
296 1517 321 1550 ii
346 1517 447 1551 nulla
473 1518 619 1556 habent,
647 1517 715 1551 tria
742 1518 871 1551 saltem
896 1518 1163 1552 Ramshornius
1190 1530 1222 1562 p.
1250 1518 1329 1553 139.

112 1573 142 1618 ²)
167 1576 343 1620 Exempla
368 1577 476 1620 paulo
502 1577 606 1620 plura
634 1588 744 1620 quam
772 1577 937 1611 Struvius
957 1576 1004 1621 (p.
1028 1577 1095 1609 177
1122 1581 1157 1611 et
1176 1576 1258 1617 HS)
1278 1578 1387 1612 habet
1406 1578 1670 1613 Ramshornius

168 1647 201 1679 p.
231 1634 309 1669 141.
359 1635 553 1680 Repugnat
575 1642 756 1679 percepset
789 1637 885 1680 apud
918 1636 1117 1670 Pacuvium
1152 1636 1221 1670 Cic.
1256 1637 1300 1670 de
1333 1637 1400 1671 Off.
1427 1638 1486 1678 III,
1520 1637 1576 1678 26,
1609 1638 1670 1672 uhi

169 1695 205 1728 in
240 1694 422 1729 codicibus
457 1698 510 1729 est
537 1698 763 1738 percepisset,
803 1696 866 1729 sed
898 1696 1054 1729 alterum
1086 1698 1245 1729 metrum
1279 1696 1425 1739 flagitat,
1465 1697 1494 1730 si
1526 1696 1670 1731 initium

168 1765 294 1788 versus
331 1757 428 1788 recte
466 1754 587 1788 habet.
637 1754 715 1788 Non
753 1765 894 1798 negem,
933 1754 1131 1788 Pacuvium
1170 1754 1282 1788 semel
1321 1756 1486 1799 analogia
1523 1756 1670 1790 liberius

169 1813 325 1847 abusum
351 1824 548 1856 syncopam
575 1813 763 1847 admisisse
790 1824 863 1847 non
889 1813 1116 1857 praecedente
1141 1824 1169 1847 s.
1209 1813 1319 1857 Magis
1346 1814 1471 1848 dubito
1491 1816 1534 1848 de
1549 1817 1668 1858 faa-cem

169 1872 265 1916 apud
292 1872 464 1906 Plautum
498 1872 628 1905 Pseud.
655 1872 680 1912 I,
715 1872 745 1912 5,
779 1871 834 1913 84,
870 1873 965 1916 quod
998 1872 1041 1906 ad
1076 1872 1280 1906 inauditum
1310 1874 1394 1915 faa-i
1418 1874 1583 1908 refertur.
1635 1875 1671 1908 Si

171 1931 251 1975 quis
275 1932 393 1973 faxim
419 1931 524 1974 legat,
558 1930 720 1964 discedat
752 1942 773 1964 a
798 1942 882 1965 vera
909 1931 1051 1974 syntaxi
1079 1932 1341 1966 sententiarum
1369 1933 1671 1967 condicionalium

171 1994 207 2024 et
232 1990 392 2034 legitimo
418 1993 625 2033 temporum
661 2001 729 2023 usu
763 1991 921 2034 (sabam,
959 1993 992 2023 εἰ
1025 1992 1061 2024 id
1091 1990 1235 2033 faxim),
1276 2001 1343 2024 nec
1374 1995 1497 2025 tamen
1530 1992 1671 2036 longius

170 2060 279 2093 quam
306 2048 382 2092 ipse
416 2048 578 2082 discessit
604 2049 754 2083 Plautus
781 2050 917 2093 Captiv.
945 2050 1004 2090 III,
1038 2050 1068 2091 5,
1102 2050 1164 2084 54:
1203 2053 1236 2084 si
1267 2052 1347 2094 quis
1378 2051 1441 2085 hoc
1470 2057 1579 2093 φιατο
1612 2057 1671 2085 tuo

173 2109 304 2142 Servus
334 2109 441 2151 faxit,
481 2109 621 2151 qualem
652 2109 797 2142 haberes
829 2110 1014 2151 φ’(ιΐίαηιζέ
1050 2113 1085 2143 et
1111 2110 1242 2143 Cistell.
1270 2110 1327 2151 IV,
1354 2108 1386 2150 2,
1421 2109 1480 2143 15:
1521 2111 1615 2144 Nam
1641 2113 1674 2143 si

171 2179 268 2201 nemo
294 2168 360 2200 hac
380 2169 588 2210 praeteriit„
606 2172 800 2210 postquam
835 2170 928 2201 intro
962 2168 1046 2209 abiet,
1092 2170 1235 2202 Cistella
1267 2170 1324 2201 hie
1356 2171 1494 2202 *iac-eret.
1547 2169 1617 2203 Sed
1643 2170 1672 2203 si

169 2226 249 2270 quis
277 2225 466 2270 diligenter
493 2225 698 2265 attenderit,
739 2226 888 2260 forsitan
915 2227 1059 2270 gravius
1086 2228 1261 2261 mendum
1289 2239 1367 2262 esse
1393 2231 1512 2272 putet;
1553 2239 1672 2272 neque

168 2284 264 2318 enirn
292 2284 473 2318 sententia
498 2285 682 2328 requirere
710 2285 868 2319 videtur:
895 2288 929 2319 si
955 2288 991 2319 id
1014 2288 1142 2329 faa-im,
1170 2287 1250 2320 sed:
1278 2289 1317 2320 πῖ
1343 2289 1379 2321 id
1402 2289 1520 2330 faa-im
1550 2286 1595 2329 (te
1615 2299 1672 2321 ea·-

161 2349 299 2387 pertem
331 2346 466 2377 amoris
499 2346 577 2377 nate?
608 2345 820 2385 habuerim).
879 2344 943 2377 His
975 2345 1124 2379 tertium
1158 2345 1393 2389 adiungerem
1426 2352 1561 2387 tamem,
1601 2359 1672 2391 quo

167 2403 281 2436 utitur
307 2403 473 2446 exemplo
500 2403 774 2436 Lindemannus
808 2403 854 2436 ad
880 2403 980 2447 Capt.
1008 2404 1033 2444 I,
1067 2403 1099 2445 2,
1132 2403 1178 2437 45
1208 2405 1277 2445 (ed.
1307 2404 1422 2447 1823),
1460 2405 1490 2439 si
1516 2417 1671 2449 usquam

167 2462 264 2505 apud
290 2462 458 2505 antiquos
485 2463 674 2506 legeretur.
726 2462 806 2503 Sed,
833 2462 870 2496 ni
897 2462 1012 2504 fallor,
1040 2463 1093 2497 vir
1119 2464 1246 2497 doetus
1272 2464 1348 2507 ipse
1374 2465 1442 2498 hoc
1468 2465 1671 2508 composuit

167 2521 212 2554 ad
250 2520 527 2555 similitudinem
566 2521 653 2562 eius,
694 2521 790 2564 quod
828 2522 1010 2564 praecedit,
1047 2524 1181 2565 farem.
1233 2521 1399 2565 [Frustra
1436 2524 1598 2567 Boppius
1635 2524 1672 2557 in

166 2578 257 2613 libro
296 2579 339 2612 de
365 2579 517 2613 flexione
552 2580 746 2613 verborum
774 2580 943 2614 Sanscrit.
972 2592 1004 2624 p.
1032 2580 1076 2614 98
1111 2583 1234 2624 fatrem
1277 2582 1532 2626 imperfectum
1575 2582 1670 2618 facit.

166 2638 267 2672 nulla
292 2637 440 2672 omnino
467 2638 643 2682 analogia.
696 2637 814 2680 1842]

109 2693 138 2738 ³)
164 2697 216 2730 De
243 2698 427 2732 colzibessit
464 2697 562 2741 apud
600 2697 809 2731 Lucretium
843 2709 954 2742 supra
987 2698 1124 2733 dictum
1157 2703 1222 2734 est.
1272 2702 1378 2734 Faoeo
1403 2700 1440 2734 in
1466 2700 1670 2733 minitando

166 2758 201 2789 et
226 2755 417 2799 magnifice
442 2756 688 2799 promittendo
717 2756 826 2800 (Virg.
853 2757 929 2790 AEn.
957 2757 1033 2798 XII,
1059 2756 1143 2800 316)
1177 2769 1243 2802 pro
1270 2759 1392 2793 futuro
1418 2759 1572 2802 simplici
1599 2759 1672 2792 dix-

165 2817 272 2848 erunt
298 2814 478 2858 Virgilius,
505 2815 667 2856 Ovidius,
694 2815 816 2849 Livius
843 2826 988 2859 quoque
1014 2817 1127 2850 semel
1154 2821 1189 2851 et
1214 2818 1350 2862 Virgilii
1374 2818 1535 2852 imitator
1553 2817 1670 2851 Silius.

164 2872 233 2906 Pro
259 2873 381 2908 futuro
409 2877 534 2907 exacto
560 2873 683 2908 Livius
709 2874 830 2918 posuit
856 2874 892 2908 in
921 2875 1155 2918 antiquarum
1188 2876 1429 2911 formularum
1469 2876 1671 2910 imitatione

164 2930 273 2971 XXII,
301 2931 355 2973 10,
381 2931 403 2964 4
431 2931 556 2974 (etiam
582 2931 719 2976 clepsit)
747 2937 781 2967 et
806 2934 913 2975 XXV,
941 2934 995 2975 12,
1032 2934 1086 2976 10,
1120 2938 1198 2969 tum
1224 2936 1261 2969 in
1288 2935 1395 2980 Appii
1422 2935 1585 2969 oratione
1612 2935 1670 2976 VI,

1684 602 1718 627 69
