1915 3235
864 126 917 167 91

100 258 233 298 menti
279 256 509 306 videretur,
558 256 736 304 mutari;
783 255 871 305 sed,
920 268 1053 308 quum
1100 256 1298 297 mutandi
1339 256 1682 310 emendandique

99 327 267 367 initium
299 325 462 367 factum
494 329 619 376 esset,
668 325 711 367 id
742 339 868 367 omne
901 325 1176 367 efficiendum
1207 331 1314 376 erat,
1362 327 1477 379 quod
1508 327 1682 379 quidem

100 409 177 448 ego
209 397 252 437 in
283 397 349 437 his
381 397 647 438 orationibus
671 395 965 444 emendandis,
999 397 1063 446 iis,
1098 409 1194 449 quae
1225 400 1380 450 parata
1411 399 1547 447 erant,
1580 398 1682 438 sub—

98 466 215 507 sidiis
263 467 509 516 instructus,
557 466 726 507 efficere
772 479 886 507 nunc
931 468 1144 519 poteram.
1208 466 1397 508 Tantum
1444 468 1488 508 in
1528 480 1683 509 vocum

98 535 423 578 scribendarum
455 537 634 586 ratione,
683 539 725 578 et
763 538 797 578 si
837 550 932 590 quae
964 537 1113 578 similis
1145 537 1313 590 generis
1344 540 1456 587 sunt,
1505 538 1609 579 nihil
1640 538 1684 578 in

97 606 344 648 huiusmodi
389 607 575 648 editione
617 607 865 648 novandum
897 607 1138 648 videbatur.
1202 607 1265 648 Ita
1306 607 1468 649 factum
1512 610 1588 658 est,
1637 610 1684 650 ut

98 677 153 717 ab
201 676 419 719 Orelliana
465 677 679 719 Ciceronis
726 691 906 731 operum
953 679 1158 726 editione,
1212 666 1346 730 'quam
1401 679 1682 731 corrigebam,

98 759 314 800 quamque
346 748 389 788 in
421 748 658 789 minoribus
690 748 770 789 illis
802 748 895 789 haec
927 749 1132 801 sequitur,
1173 748 1268 801 plus
1310 761 1441 801 quam
1473 750 1684 790 sexcentis

98 816 275 859 locis·in
306 818 371 859 his
404 818 480 860 XII
512 819 778 860 orationibus
811 818 1115 868 discederetur,
1165 831 1297 872 quum
1335 820 1504 860 veriora
1543 818 1683 860 minus

97 887 221 938 veris,
270 890 598 930 auctoritatibus
632 889 883 930 confirmata
916 889 1087 930 incertis
1120 888 1496 939 substituerentur,
1545 890 1684 931 mani-

98 958 206 1000 festo
238 960 404 1010 vitiosa,
439 973 622 1013 quorum
655 959 899 1001 emendatio
926 973 1013 1001 non
1037 964 1299 1012 suppeteret,
1332 962 1598 1006 notarentur,
1633 973 1684 1001 ea

97 1031 256 1078 autem,
290 1043 386 1082 quae
418 1031 478 1071 ita
511 1030 825 1071 dubitationem
857 1030 1019 1071 habere
1051 1030 1311 1080 viderentur,
1352 1032 1400 1071 ut
1431 1032 1577 1071 tamen
1610 1033 1684 1071 aut

97 1099 206 1140 falsa
238 1113 331 1141 esse
365 1100 572 1142 affirmari
604 1113 690 1142 non
722 1103 880 1153 posset,
921 1103 1008 1150 aut,
1049 1101 1123 1141 ubi
1155 1101 1284 1141 situm
1318 1103 1432 1142 esset
1463 1101 1682 1150 mendum,

96 1171 321 1221 constitui,
342 1172 503 1212 intacta
527 1171 882 1224 relinquerentur.
931 1171 1089 1212 Verum
1113 1171 1240 1212 huius
1266 1184 1378 1212 curae
1396 1172 1551 1212 criticae
1570 1172 1683 1213 fruc-

95 1243 201 1291 tum,
235 1241 270 1282 si
302 1243 395 1295 quis
429 1245 505 1292 est,
540 1242 633 1283 haec
665 1242 794 1283 editio
820 1230 1035 1290 'confinem
1076 1241 1412 1294 disputationem
1444 1243 1683 1283 rationum-

97 1324 180 1363 que
222 1314 533 1365 expositionem
575 1326 660 1354 non
703 1313 962 1354 admittebat
1004 1312 1241 1353 consilium.
1310 1312 1457 1365 Itaque
1499 1313 1562 1363 iis,
1613 1315 1684 1366 qui

97 1381 190 1423 haec
230 1385 382 1424 curant
423 1382 769 1436 (namdiscipuli
802 1397 888 1425 non
920 1382 1259 1435 desiderabunt),
1300 1396 1353 1423 ne
1392 1383 1520 1436 plane
1560 1383 1684 1425 dees-

96 1465 201 1501 sem,
241 1457 283 1494 et
315 1456 363 1494 ut
393 1457 570 1507 possent
600 1455 721 1505 scire,
763 1454 865 1507 quid
897 1456 1193 1507 quantumque
1227 1456 1442 1495 mutatum
1476 1459 1601 1503 esset,
1643 1458 1685 1495 et

96 1536 147 1564 ex
186 1527 309 1576 parte
349 1526 492 1575 etiam,
543 1538 628 1577 qua
668 1526 936 1574 auctoritate,
987 1525 1279 1578 discrepantes
1320 1525 1554 1577 scripturas
1595 1525 1684 1565 edi—

94 1594 222 1635 tionis
255 1595 483 1636 Orellianae
516 1597 558 1636 in
590 1597 677 1636 ima
709 1597 865 1648 pagina
898 1597 957 1636 ita
991 1596 1213 1648 adscripsi,
1247 1598 1306 1645 ut,
1348 1596 1421 1636 ubi
1455 1608 1507 1636 ex
1540 1594 1685 1636 Orellii

96 1665 281 1706 editione
314 1667 513 1707 universe
546 1667 722 1719 intelligi
753 1669 912 1719 posset,
947 1667 1084 1719 qualis
1109 1667 1332 1719 scripturae
1358 1680 1381 1706 a
1406 1679 1474 1707 me
1500 1668 1684 1718 receptae

96 1735 190 1776 fons
223 1741 348 1786 esset,
381 1737 485 1778 nihil
519 1737 737 1787 adderem,
771 1738 845 1779 ubi
872 1750 970 1778 mea
995 1738 1208 1790 scriptura
1233 1737 1287 1777 ab
1313 1736 1470 1778 Orellio
1496 1750 1685 1778 comme-

96 1809 264 1847 morata
296 1820 381 1848 non
415 1810 540 1857 esset,
581 1810 694 1848 esset
732 1811 879 1848 tamen
918 1807 1176 1860 deprompta
1208 1821 1261 1848 ex
1294 1810 1507 1860 apparatu
1540 1808 1684 1848 critico

97 1877 152 1918 ab
186 1878 278 1918 aliis
311 1878 501 1927 collecto,
535 1879 834 1931 significarem,
869 1878 1142 1919 codicibusne
1176 1878 1322 1919 aliisve
1356 1878 1685 1918 auctoritatibus

96 1961 151 1988 an
185 1949 440 1989 coniecturae
474 1949 717 1998 deberetur,
762 1949 962 2001 idemque
996 1948 1198 1998 facerem,
1240 1948 1313 1989 ubi
1346 1953 1683 1989 commemorata

97 2019 271 2071 quidem
304 2020 420 2072 apud
452 2019 658 2061 Orellium
691 2021 901 2072 scriptura
942 2022 1067 2067 esset,
1117 2019 1193 2060 sed
1234 2031 1331 2060 cum
1371 2019 1574 2071 singulari
1608 2019 1684 2059 ali-

96 2089 180 2143 qu0
213 2104 370 2143 errore,
404 2091 707 2132 nonnullarum
735 2091 1045 2143 scripturarum
1070 2102 1183 2130 nunc
1206 2089 1395 2142 primum
1417 2090 1684 2142 prolatarum

99 2160 238 2202 fontes
277 2162 564 2211 ostenderem,
614 2162 816 2214 quicquid
863 2161 1045 2213 denique
1094 2174 1191 2202 mea
1239 2161 1482 2201 coniectura
1531 2160 1684 2200 ductus

95 2234 352 2281 mutassem,
401 2233 651 2274 indicarem.
715 2232 915 2274 Codicem
958 2231 1273 2280 Erfurtensem,
1323 2244 1375 2271 ex
1417 2244 1519 2283 quo,
1569 2230 1685 2282 quod
1706 2241 1756 2265 113

96 2305 139 2343 et
170 2303 358 2355 optimus
392 2307 457 2344 est
489 2305 534 2344 et
565 2303 654 2343 fere
688 2303 802 2344 solus
834 2305 1033 2343 accurate
1068 2301 1259 2351 collatus,
1303 2302 1346 2342 in
1387 2301 1549 2353 aliquot
1587 2314 1683 2341 ora-

96 2374 285 2414 tionibus
318 2374 455 2415 multa
486 2374 699 2415 sumenda
727 2375 861 2423 erant,
895 2373 1151 2413 nominatim
1176 2372 1431 2425 plerumque
1456 2371 1683 2424 appellavi,

97 2446 260 2485 ceteros
293 2458 404 2495 raro,
444 2445 660 2486 interdum
700 2457 753 2485 ne
787 2457 936 2485 eorum
970 2444 1203 2484 auctoritas
1235 2443 1344 2484 falso
1377 2442 1685 2483 obtenderetur

96 2515 318 2567 scripturis
352 2529 377 2556 a
408 2528 478 2556 ine
510 2516 692 2556 reiectis.
755 2515 913 2555 Verum
945 2514 1038 2554 haec
1077 2516 1167 2555 tam
1209 2513 1351 2554 brevis
1384 2513 1606 2554 annotatio
1638 2517 1684 2552 ut

95 2585 226 2626 fidem
273 2586 414 2627 facere
462 2588 616 2639 potest,
664 2586 769 2626 nihil
809 2598 911 2626 casu
951 2586 1178 2633 variatum,
1227 2585 1305 2633 ita,
1355 2597 1486 2637 quam
1525 2583 1684 2635 ubique

98 2656 357 2697 emendandi
389 2657 601 2697 rationem
641 2659 683 2697 et
723 2657 837 2697 viam
878 2658 1049 2697 secutus
1089 2655 1183 2704 sim,
1229 2667 1282 2695 ex
1328 2667 1379 2695 ea
1426 2667 1512 2695 non
1559 2653 1684 2694 intel-

96 2725 251 2778 ligitur,
286 2727 412 2780 idque
445 2727 658 2768 difficilius
690 2729 965 2779 perspectum
997 2727 1046 2767 iri
1078 2725 1204 2766 video
1236 2727 1412 2778 propter
1444 2726 1682 2777 apparatus

97 2796 241 2846 critici,
276 2810 359 2850 quo
391 2798 435 2838 in
466 2798 532 2839 his
565 2798 831 2838 orationibus
855 2797 1028 2846 utimur,
1062 2809 1210 2849 genus.
1258 2796 1310 2837 Et
1335 2796 1486 2836 ceteris
1511 2794 1683 2847 quidem

96 2866 279 2908 sufficiet
312 2868 495 2909 fortasse
526 2868 627 2909 fidei
658 2870 702 2908 et
734 2868 942 2908 cautionis
974 2867 1205 2920 professio;
1254 2866 1371 2919 apud
1410 2879 1482 2906 eos
1523 2867 1682 2913 autem,

97 2937 170 2989 qui
201 2937 390 2979 iudicare
415 2939 496 2991 ipsi
521 2939 573 2979 de
598 2939 679 2979 hoc
703 2951 857 2990 genere
890 2938 1052 2987 volunt,
1086 2938 1197 2978 inter
1221 2950 1328 2989 quos
1353 2938 1479 2977 erunt
1502 2935 1683 2976 fortasse
