1915 3235
847 109 929 150 737

89 253 177 282 non
221 240 407 281 hominis
455 238 574 292 (quia
618 238 805 280 criminis
849 238 1046 280 confictio
1095 252 1182 281 non
1223 241 1313 281 tam
1358 242 1462 282 certi
1503 242 1689 284 hominis

94 313 187 353 erat
208 324 339 363 quam
363 311 466 357 eius,
501 309 746 362 quicunque
772 310 1010 351 conductus
1043 313 1158 351 esset
1190 310 1246 351 ab
1276 311 1444 353 Rosciis
1478 315 1520 354 et
1552 313 1688 367 Chry-

90 379 282 434 sogono),
317 383 364 421 ut
387 381 481 421 haec
505 381 617 421 inter
642 394 688 421 se
710 380 994 421 referrentur:
1029 381 1689 439 accusator—Roscii—Chryso-

87 465 232 507 9onus,
266 454 418 504 postea
452 452 507 491 ab
541 451 684 502 aliquo
718 451 983 504 adscriptum
1018 453 1084 491 est
1115 451 1257 504 ipsum
1291 452 1431 494 Erucii
1464 468 1637 496 nomen.

208 521 230 573 ξ
264 522 317 562 61
353 521 553 562 Halmius
596 521 833 562 Hotomani
874 522 1165 563 coniecturam
1205 523 1417 565 Lambino
1458 526 1689 578 probatam

91 605 277 645 sequens
310 593 370 632 sic
402 592 591 644 scripsit:
625 593 793 633 restitue
824 592 941 633 nobis
973 593 1203 646 aliquando
1234 598 1407 634 veterem
1432 599 1548 635 taam
1569 595 1686 635 illam

88 663 363 704 calliditatem
397 668 518 718 atque
541 662 832 717 prudentiam,
867 667 940 703 aut
971 663 1160 715 confitere
1192 668 1229 704 te
1251 664 1330 704 hue
1354 678 1403 705 ea
1425 678 1496 718 spe
1518 666 1688 717 venisse,

89 733 199 788 quod
223 738 402 787 putares
432 733 500 774 hic
531 734 812 786 latrocinium,
845 746 928 773 non
951 733 1156 774 iudicium
1179 734 1388 787 futuram,
1423 735 1688 788 addiditque,

89 804 228 857 qualis
275 805 319 845 in
365 804 542 857 vulgata
589 804 802 856 scriptura
836 803 1155 858 (pradentiams
1208 805 1417 859 confitere,
1465 806 1544 847 hue
1591 805 1689 857 cet.)

87 875 302 916 sententia
335 877 461 924 esset,
496 874 589 915 aliis
622 887 668 915 se
701 875 1088 915 demonstrandum
1122 876 1378 928 relinquere.
1426 877 1488 918 Ea
1513 877 1689 918 demon-

90 946 242 987 stratio
275 945 401 999 (pace
434 946 702 998 egregiorum
736 946 927 986 virorum
961 945 1160 998 dixerim)
1192 960 1279 988 non
1311 947 1371 988 ita
1396 947 1579 988 difficilis
1605 950 1688 996 est;

87 1016 183 1069 ipsa
215 1017 328 1057 enim
369 1016 638 1058 confessione
681 1015 958 1056 calliditatem
1002 1017 1249 1058 restitutum
1292 1018 1342 1058 iri
1382 1018 1529 1059 Cicero
1562 1019 1689 1070 signi-

87 1087 202 1137 ficat,
251 1087 480 1128 scitissime
521 1087 688 1128 ludens.
751 1087 876 1127 Nunc
909 1086 1036 1136 enim,
1086 1087 1291 1129 Cicerone
1324 1092 1474 1130 contra
1506 1089 1688 1138 dicente,

89 1157 230 1199 Erucii
263 1160 520 1211 argumenta
551 1161 643 1198 tam
675 1158 903 1210 nugatoria
937 1170 1031 1198 esse
1064 1162 1259 1211 apparet,
1293 1162 1341 1200 ut
1365 1160 1508 1200 obtusi
1530 1159 1689 1212 ingenii

86 1231 313 1270 accusator
344 1229 556 1278 videatur,
591 1228 663 1282 qui
695 1241 782 1269 non
815 1228 1077 1280 speciosiora
1109 1229 1416 1282 excogitaverit
1447 1232 1536 1279 aut,
1577 1231 1612 1270 si
1644 1230 1687 1270 id

85 1312 172 1341 non
213 1301 421 1352 potuerit,
471 1300 646 1341 omnino
688 1300 733 1340 in
775 1300 996 1340 certamen
1038 1299 1329 1347 descenderit;
1377 1301 1498 1341 salva
1540 1303 1687 1341 autem

85 1370 166 1411 erit
208 1370 454 1412 calliditatis
497 1371 612 1419 laus,
662 1370 696 1410 si
739 1369 918 1410 Erucius
961 1370 1182 1411 confessus
1226 1370 1373 1421 fuerit,
1421 1370 1597 1411 minime
1640 1383 1687 1411 se

84 1441 258 1494 fugisse,
293 1454 423 1494 quam
457 1454 613 1494 parum
646 1441 703 1482 ad
734 1440 1088 1493 persuadendum
1114 1441 1317 1492 ponderis
1341 1441 1385 1482 in
1412 1441 1686 1482 accusatione

85 1514 212 1562 esset,
247 1512 323 1553 sed
356 1511 589 1553 credidisse
621 1524 680 1559 se,
713 1511 933 1552 neminem
958 1523 1282 1563 responsurum,
1316 1513 1364 1552 ut
1389 1511 1557 1565 quidvis
1583 1525 1684 1553 con-

83 1582 246 1635 fingere
279 1585 321 1623 et
361 1583 503 1624 dicere
542 1582 647 1623 satis
687 1583 813 1622 esset.
879 1581 1038 1622 Contra
1078 1582 1122 1622 in
1160 1582 1397 1623 Hotomani
1438 1583 1685 1623 coniectura

83 1653 202 1694 nulla
235 1655 301 1694 est
332 1656 451 1694 recta
484 1653 719 1701 sententia3
751 1665 893 1704 neque
927 1651 1038 1692 enim
1074 1653 1191 1705 optio
1224 1653 1413 1694 dabatur
1437 1653 1603 1702 Erucio,
1637 1655 1685 1694 ut

84 1729 159 1765 aut
189 1724 283 1764 haec
316 1723 594 1765 confiteretur
626 1727 700 1763 aut
731 1725 923 1763 veterem
957 1722 1235 1764 callidItatem
1264 1724 1532 1772 restitueret;
1565 1723 1683 1765 nulla

85 1795 197 1836 enim
233 1795 317 1836 alia
350 1795 440 1835 eius
472 1793 751 1835 restituendae
784 1795 977 1846 potestas
1009 1796 1247 1846 supererat,
1289 1795 1564 1835 accusatione
1596 1794 1683 1834 iam

83 1868 274 1919 peracta.

203 1935 226 1988 ἓ
255 1936 312 1978 80
345 1936 576 1977 edebatur:
614 1935 725 1986 Quid
757 1948 852 1989 erqo
886 1939 955 1987 est,
990 1948 1067 1989 quo
1099 1934 1268 1975 tandem
1301 1939 1517 1975 aecusator
1539 1935 1682 1988 inopia

85 2012 429 2062 arqamentorum
461 2006 726 2061 eonfuoerit?
760 2005 1020 2057 ambagibus
1053 2005 1347 2057 interrogandi
1379 2018 1466 2046 non
1498 2005 1682 2053 Latinis;

83 2077 232 2130 itaque
273 2078 361 2118 iam
400 2080 501 2118 ante
549 2076 748 2129 separavi
794 2078 944 2117 notam
990 2076 1109 2116 illam
1156 2075 1449 2128 interrogandi
1497 2076 1682 2116 formam

85 2147 218 2202 (Quid
250 2162 345 2203 erqo
378 2147 493 2201 esst),
528 2161 614 2200 qua
645 2147 820 2196 utimur,
856 2159 1002 2199 quum,
1044 2146 1137 2187 aliis
1169 2146 1351 2196 reiectis,
1396 2147 1607 2187 instamus
1641 2152 1682 2186 et

83 2219 140 2269 id,
175 2220 291 2272 quod
324 2222 454 2272 caput
487 2221 529 2260 et
560 2231 712 2259 verum
753 2219 830 2266 est,
877 2216 1111 2257 subiecturi
1151 2230 1315 2258 sumus.
1379 2217 1464 2257 Sed
1504 2217 1681 2257 vitiosus

86 2292 152 2331 est
183 2290 500 2339 coniunctivus;
533 2302 675 2342 neque
709 2289 823 2329 enim
857 2288 979 2340 quasi
1012 2287 1256 2328 deliberans
1286 2287 1339 2328 de
1363 2287 1509 2328 futuro
1534 2287 1682 2328 Cicero

84 2361 334 2414 interrogat,
383 2361 461 2402 sed
503 2359 604 2412 quid
644 2359 823 2400 Erucius
863 2359 949 2399 iam
983 2357 1150 2399 dixerit.
1214 2358 1356 2399 Etiam
1389 2358 1587 2399 Halmius
1622 2357 1681 2410 (in

83 2431 198 2472 Add.
232 2434 275 2472 et
307 2431 408 2472 edit.
433 2429 617 2483 minore)
650 2429 837 2484 eonfuyz't
859 2428 987 2469 scribi
1010 2428 1156 2478 voluit,
1191 2429 1267 2469 sed
1290 2428 1681 2481 interpunctionem

83 2502 305 2555 vulgarem
340 2502 529 2543 retinuit.
544 2498 577 2553 1)

122 2640 153 2685 ¹)
178 2644 230 2677 Ex
255 2643 354 2687 praef.
382 2643 437 2677 ed.
465 2642 502 2676 6:
529 2641 550 2684 ἓ
575 2640 619 2674 89
651 2643 796 2684 „pos-sis,
823 2640 853 2674 si
880 2651 1006 2674 verum
1034 2643 1138 2680 esset,
1166 2639 1306 2673 infinite
1332 2639 1492 2683 positum
1520 2641 1614 2672 esset
1636 2651 1678 2665 :z

179 2713 266 2736 man
292 2703 408 2739 kann;
441 2702 505 2736 sed
531 2701 691 2735 secunda
716 2710 872 2744 persona
898 2699 1056 2732 eundem
1083 2698 1162 2739 dici,
1190 2698 1253 2742 qui
1279 2709 1389 2742 supra
1414 2697 1451 2730 in
1477 2697 1562 2730 illis:
1589 2707 1679 2730 esses

180 2787 188 2795 .
216 2788 223 2795 .
252 2788 258 2795 .
286 2763 419 2795 diceres
446 2788 453 2794 .
481 2787 488 2794 .
517 2787 523 2794 .
550 2763 705 2793 iactares
731 2782 738 2789 .
767 2785 774 2792 .
804 2782 810 2788 -
838 2763 868 2792 te
893 2760 1008 2792 oratio
1029 2758 1197 2800 deficeret,
1223 2757 1328 2790 facile
1354 2766 1468 2799 quum
1494 2766 1538 2788 ex
1563 2755 1679 2798 proxi-

179 2831 239 2854 me
265 2820 518 2864 sequentibus:
553 2823 583 2852 te
610 2819 786 2861 copiosius
818 2828 926 2860 quam
951 2827 1004 2849 me
1029 2817 1143 2849 dicere
1170 2843 1176 2849 .
1206 2839 1212 2846 .
1241 2843 1248 2850 .
1274 2821 1306 2849 te
1332 2819 1573 2849 accusatore-m
1597 2814 1679 2855 fecit

178 2878 402 2921 intelligitur,
428 2882 508 2912 tum
534 2888 578 2911 ex
604 2876 624 2918 ἓ
651 2876 711 2910 91ε
740 2881 778 2909 ut
804 2877 893 2918 coepe?
917 2876 1041 2918 dicere,
1067 2880 1099 2908 et
1124 2876 1293 2917 Erucius,
1319 2875 1392 2907 liceo
1417 2874 1450 2906 se?
1473 2873 1614 2905 haberet
1642 2873 1678 2904 in

180 2948 302 2981 causa,
322 2942 443 2981 posset
469 2948 510 2970 ea
535 2937 698 2980 quamvis
723 2936 787 2968 clia
812 2936 936 2977 dicere,
969 2939 1001 2968 et
1031 2944 1091 2977 eqo
1110 2930 1291 2976 possum.¹·'
1344 2931 1575 2974 Wesenberg.
1627 2930 1677 2963 De

1350 2989 1394 3022 47
