1915 3235
834 143 915 183 119

194 275 300 316 Haec
347 286 478 326 quum
525 273 584 314 ita
632 272 878 314 communia
925 274 1069 313 essent
1114 272 1321 314 Italorum
1362 273 1570 325 instituta,
1619 279 1667 317 ut

76 345 228 387 eadem
261 346 375 386 esset
405 345 703 385 Romanorum
734 343 845 384 inter
877 343 996 392 alios,
1031 356 1126 395 quae
1158 343 1270 384 inter
1292 344 1515 387 Romanos
1539 359 1665 399 pere-

74 416 306 469 grinorum,
354 414 558 463 condicio,
607 413 754 466 populi
794 413 982 454 Romani
1023 413 1105 454 hoc
1146 427 1281 454 unum
1324 417 1389 455 est
1426 418 1663 469 proprium,

74 487 190 539 quod
222 499 274 527 ex
305 485 500 538 pluribus
532 484 736 537 stirpibus
770 485 830 525 ita
863 483 1127 534 coniunctusv
1177 488 1225 525 ut
1262 485 1367 525 nulli
1407 487 1663 537 adhaereret,

72 557 178 598 nulli
225 555 453 606 eiusmodi,
502 555 628 608 quale
677 554 903 607 descripsi,
951 555 1210 606 populorum
1250 556 1402 597 foederi
1442 557 1664 599 immixtus

73 628 188 669 solus
220 640 298 680 per
329 639 376 668 se
408 625 608 674 excrevit,
641 625 890 666 interiectus
923 625 1034 665 inter
1067 625 1237 665 illorum
1262 627 1534 679 populorum,
1569 630 1664 681 qui-

71 699 254 739 buscum
301 698 445 750 aliqua
493 710 544 737 ex
590 699 713 749 parte
762 697 968 748 cognatus
1017 699 1121 745 erat,
1170 696 1405 738 foederatas
1454 698 1662 740 civitates.

71 769 183 810 Hinc
225 781 359 821 quum
400 767 485 809 alia
530 767 768 820 repetenda
815 768 928 809 sunt,
978 766 1348 817 quemadmodum
1395 768 1439 809 in
1487 769 1661 810 coloniis

70 839 248 892 patebit,
290 841 383 879 tum
414 838 531 887 illud,
573 837 689 889 quod
721 837 876 878 dicam.
940 836 1084 886 Quum
1116 837 1327 889 paulatim
1361 839 1662 881 Romanorum

70 910 255 951 victoriis
304 909 504 950 effectum
552 910 677 956 esset,
726 910 773 948 ut
816 910 1058 948 ceterarum
1100 907 1365 960 singularum
1407 910 1578 950 urbium
1618 911 1662 951 in

69 980 192 1022 Italia
234 980 428 1021 civitates
475 978 601 1019 unius
649 978 768 1018 urbis
816 978 975 1030 populo
1022 982 1238 1031 parerent⁷
1289 980 1466 1021 concilia
1515 984 1660 1022 autem

69 1051 320 1103 foederaque
360 1049 547 1103 plurium
590 1049 811 1095 civitatum
851 1049 961 1090 inter
1000 1062 1046 1090 se
1078 1047 1388 1102 tollerentur¹)7
1438 1054 1480 1092 et
1527 1065 1660 1104 quum

70 1124 166 1174 post
198 1121 359 1162 bellum
391 1120 547 1162 sociale
581 1133 730 1161 omnes
752 1120 886 1160 ltaliae
908 1120 1056 1172 populi
1087 1120 1129 1160 in
1155 1121 1367 1162 universae
1393 1123 1454 1162 rei
1476 1123 1661 1174 publicae

69 1195 111 1233 et
142 1192 309 1245 imperii
341 1192 589 1233 societatem
623 1193 880 1244 partemque
913 1191 1120 1239 veni1²ent‚
1170 1204 1257 1232 non
1297 1197 1361 1232 est
1400 1192 1481 1233 hoc
1520 1206 1661 1246 neque

68 1263 124 1304 ad
156 1262 400 1315 exemplum
432 1262 617 1303 nominis
650 1262 789 1302 Latini
822 1261 1111 1314 similiumque
1144 1262 1357 1303 foederum
1390 1263 1450 1303 ita
1482 1263 1659 1314 factum,

69 1336 114 1375 ut
146 1333 323 1387 singulae
356 1333 549 1375 civitates
578 1335 816 1381 manerent,
851 1332 927 1373 sed
951 1346 1178 1373 commune
1205 1333 1424 1385 quoddam
1448 1334 1659 1376 haberent

67 1405 301 1460 concilium,
325 1408 367 1446 et
398 1418 614 1445 summam
654 1417 758 1454 rem,
798 1403 1101 1444 tantummodo
1134 1405 1268 1444 artius
1302 1404 1518 1446 adstrictae
1550 1405 1661 1447 inter

66 1488 125 1525 se,
159 1478 206 1516 ut
238 1478 339 1516 suut
359 1475 657 1516 Helvetiorum
691 1478 733 1515 et
754 1474 1111 1515 Americanorum
1144 1487 1211 1514 res
1242 1475 1440 1527 publicae,
1474 1489 1553 1517 nec
1585 1477 1658 1527 ita⁷

66 1549 112 1587 ut
144 1559 231 1587 una
264 1546 595 1587 constitueretur
626 1559 740 1586 nova
773 1545 1012 1586 communis
1045 1558 1114 1585 res
1145 1546 1333 1598 publica,
1368 1547 1423 1587 ab
1458 1547 1658 1588 omnibus

66 1616 242 1658 urbanis
274 1617 478 1658 institutis
511 1617 726 1665 seiuncta3
775 1616 852 1657 sed
891 1618 1045 1657 ceterae
1085 1617 1269 1657 sublatae
1310 1620 1411 1658 sunt
1451 1617 1657 1668 civitates,

64 1690 112 1727 ut
142 1689 312 1728 tantum
351 1688 511 1740 oppida
549 1689 788 1736 manerent,
838 1700 988 1728 omnes
1037 1690 1182 1728 autem
1222 1688 1418 1729 homines
1458 1689 1501 1729 in
1543 1689 1660 1730 urbis

63 1757 274 1798 Romanae
308 1758 523 1799 civitatem
556 1758 717 1810 recepti
751 1760 862 1807 sunt,
913 1758 1281 1810 quemadmodum
1324 1759 1411 1800 iam
1453 1764 1583 1800 antea
1615 1760 1658 1800 in

63 1827 112 1868 iis
144 1828 314 1881 populis
356 1829 518 1870 factum
561 1831 668 1878 erat,
718 1828 874 1881 quibus
918 1828 1164 1881 singulatim
1210 1830 1358 1870 civitas
1403 1830 1507 1871 data
1550 1834 1656 1883 erat,

64 1898 240 1951 eiusque
279 1899 397 1940 urbis
436 1903 479 1940 et
517 1901 577 1940 rei
610 1899 793 1952 publicae
827 1902 975 1940 vetera
1022 1900 1218 1940 instituta
1266 1901 1322 1940 ad
1369 1903 1506 1942 totam
1539 1902 1656 1942 illam

63 1969 209 2021 populi
248 1970 405 2011 molem
446 1971 588 2011 subito
626 1967 887 2022 traducta.²’)
956 1970 1106 2022 Itaque
1155 1983 1205 2011 ea
1254 1971 1340 2011 iam
1390 1972 1544 2013 effecta
1592 1974 1658 2013 est

62 2052 130 2080 res
158 2041 343 2093 publica,
378 2055 473 2094 quae
506 2042 573 2082 Vel
606 2041 778 2094 optimis
811 2041 1003 2082 moribus
1035 2044 1150 2082 stare
1183 2042 1299 2083 nullo
1333 2043 1462 2084 modo
1495 2046 1655 2096 posset,

159 2205 287 2240 dicam.
345 2207 414 2240 Sed
452 2206 497 2240 ad
536 2206 759 2240 connubium
799 2216 841 2239 ex
875 2205 1127 2249 antiquissimo
1159 2207 1293 2240 fosdere
1325 2210 1464 2250 spectat
1496 2207 1655 2242 narratio

156 2264 246 2298 Livii
273 2265 316 2298 de
342 2265 477 2309 nuptiis
504 2264 642 2299 Octavii
668 2264 817 2298 Mamilii
843 2265 1039 2298 Tusculani
1066 2269 1101 2298 et
1127 2265 1208 2299 ffliae
1234 2266 1420 2309 Tarquinii
1453 2266 1494 2307 (l,
1527 2266 1589 2307 49)
1621 2270 1656 2300 et

155 2323 315 2367 Dionysii
347 2324 459 2358 Halic.
493 2323 565 2365 (Vl,
600 2322 633 2365 1)
668 2324 712 2357 de
747 2323 919 2356 uxoribus
955 2324 1113 2358 remissis
1147 2328 1231 2359 ante
1263 2336 1420 2369 pugnam
1457 2326 1502 2359 ad
1534 2326 1655 2359 lacum

154 2381 345 2426 Regillum,
373 2394 524 2426 quaeque
550 2382 673 2416 Livius
694 2380 765 2422 (IV,
792 2381 827 2423 3)
851 2382 1065 2417 Canuleium
1087 2383 1266 2418 dicentem
1294 2384 1398 2418 facit:
1431 2385 1655 2418 Connubium

150 2442 313 2484 petimus,
348 2443 441 2485 quod
472 2443 636 2484 finitimis
662 2443 886 2485 externisque
911 2443 997 2475 dari
1020 2443 1114 2476 solet.
1165 2443 1216 2476 Ex
1244 2454 1296 2483 eo,
1331 2444 1428 2487 quod
1456 2443 1649 2487 Dionysius

153 2499 342 2543 aliquoties
368 2501 552 2534 Romanos
578 2504 614 2534 et
638 2500 785 2534 Latinos
811 2502 994 2543 συγγενεῖς
1019 2502 1188 2545 appellat,
1215 2502 1304 2535 nihil
1331 2502 1497 2536 efficitur.

97 2555 126 2597 1)
151 2558 227 2592 Hoc
254 2559 297 2592 de
323 2559 460 2594 Latinis
485 2564 521 2594 et
547 2559 709 2593 Hernicis
736 2559 857 2593 Livius
889 2560 999 2593 tradit
1033 2559 1138 2603 (VIII,
1174 2560 1227 2602 14,
1255 2562 1313 2602 IX,
1340 2561 1418 2602 43);
1461 2561 1524 2595 sed
1556 2561 1653 2595 idem

152 2616 189 2650 in
215 2618 368 2659 Etruria,
401 2618 560 2659 Samnio,
593 2619 677 2652 alibi
703 2618 840 2652 factum
867 2630 954 2660 esse,
987 2623 1118 2653 natura
1144 2620 1194 2654 rei
1222 2624 1257 2654 et
1283 2620 1508 2663 insequentis
1535 2620 1650 2653 fetatis

152 2676 301 2710 historia
327 2678 492 2711 ostendit.
532 2677 658 2712 Omnis
684 2677 760 2711 eius
786 2677 954 2718 historiae,
983 2688 1062 2721 quae
1088 2679 1198 2712 ltaliae
1225 2679 1271 2712 ad
1296 2678 1492 2722 imperium
1520 2679 1650 2712 Roma-

152 2746 241 2768 num
266 2735 535 2770 adiunctionem
562 2736 733 2777 continet,
760 2736 881 2769 nullus
906 2737 1015 2779 paulo
1042 2737 1219 2781 copiosior
1245 2740 1280 2771 et
1306 2737 1504 2781 probabilis
1526 2740 1652 2771 auctor

152 2797 315 2836 superest
343 2793 401 2835 (ab
428 2806 458 2828 a.
487 2795 549 2828 Ch.
577 2794 644 2827 293
671 2795 716 2828 ad
742 2794 844 2828 initia
870 2795 953 2828 belli
979 2795 1105 2829 Punici
1132 2796 1263 2840 primi).

94 2848 125 2891 ²)
151 2851 220 2885 Cfr.
235 2863 344 2896 supra
362 2864 395 2897 p.
410 2852 478 2886 *218
496 2865 530 2887 n.
570 2852 652 2896 [Dio
667 2854 762 2887 Cass.
778 2853 850 2893 LH,
879 2853 932 2894 19,
960 2855 1021 2888 ubi
1040 2856 1237 2900 Agrippam
1256 2856 1471 2889 suadentem
1487 2855 1649 2898 Augusto

152 2912 299 2949 inducit,
326 2916 366 2946 ut
392 2912 575 2946 civitatem
600 2913 805 2946 Romanam
831 2924 895 2956 per
921 2924 1047 2947 omnes
1073 2915 1275 2958 provincias
1300 2915 1506 2957 pervulget:
1535 2911 1648 2956 ὥσπερ

1302 2972 1365 3005 12*

1682 1063 1730 1088 221
