1915 3235
153 1811 202 1837 164

981 111 1063 152 132

227 238 467 289 emendavi,
490 237 691 292 primum,
716 237 831 290 quod
849 241 941 280 erat
958 239 1000 280 in
1019 239 1223 281 orationis
1240 241 1392 293 primae
1417 253 1452 281 c.
1471 240 1510 290 3,
1545 241 1584 282 8.
1632 241 1818 294 Exponit

227 308 387 360 Cicero,
437 322 523 359 cur,
573 322 705 362 quum
737 309 880 350 Roma
922 309 1202 361 discessisset,
1251 313 1298 351 ut
1330 323 1407 363 per
1439 311 1613 364 aliquod
1643 314 1817 365 tempus

226 379 417 430 abesset,
467 379 608 421 subito
655 379 899 420 revertendi
947 380 1170 421 consilium
1218 382 1394 434 ceperit.
1471 382 1630 422 Narrat
1675 381 1816 435 igitur,

226 449 388 502 aliquot
421 449 572 491 diebus
604 452 704 502 post
735 450 953 491 Kalendas
987 450 1181 502 Sextiles,
1231 465 1364 505 quum
1404 452 1447 493 in
1487 465 1589 505 agro
1620 451 1817 505 Rhegino

224 522 467 561 moraretur
499 518 631 573 (diem
664 519 796 561 fuisse
827 520 900 561 VII
932 520 992 561 Id.
1026 520 1186 572 Sextil.,
1230 524 1399 564 constat
1438 536 1490 563 ex
1531 535 1598 575 ep.
1637 522 1694 563 ad
1724 522 1816 564 Att.

223 590 330 640 XVI,
367 588 422 642 7),
464 591 631 631 venisse
665 590 721 631 ad
752 603 799 631 se
830 590 1039 643 homines,
1080 592 1153 645 qui
1183 593 1326 641 Roma
1357 606 1495 646 nuper
1527 593 1815 645 advenissent,

224 660 431 713 laetosque
477 660 650 701 nuntios
697 660 750 701 de
797 674 843 702 re
881 662 1056 714 publica
1102 663 1310 705 attulisse.
1379 663 1616 715 Addebaut,
1665 664 1815 717 inquit,

215 735 446 784 prseterea,
494 745 582 771 rem
620 736 913 773 conventuram
921 747 939 785 ;
986 732 1197 775 Kalendis
1235 733 1459 775 Sextilibus
1504 739 1694 775 senatum
1729 734 1818 788 fre-

223 806 409 856 quentem
438 801 557 854 fore;
604 801 848 856 Antonium,
898 804 1132 857 repudiatis
1172 804 1297 844 malis
1328 804 1584 858 suasoribus,
1632 805 1819 846 remissis

214 873 448 925 provinciis
481 872 648 927 Galliis,
689 874 746 914 ad
778 875 1066 916 auctoritatem
1097 880 1266 916 senatus
1299 888 1381 915 esse
1414 875 1662 916 rediturum.
1709 875 1817 917 Haec

222 944 380 993 omnia,
415 943 450 985 si
482 944 688 987 orationis
720 945 905 988 formam
939 948 981 988 et
1004 959 1131 987 usum
1163 945 1295 987 futuri
1318 947 1526 999 temporis
1553 948 1816 999 spectamus,

220 1013 282 1054 ita
314 1013 527 1065 dicuntur,
576 1018 624 1057 ut
665 1016 718 1057 de
756 1029 803 1058 re
842 1017 987 1058 futura
1018 1030 1220 1058 narrasse
1252 1017 1311 1057 illi
1342 1017 1540 1058 homines
1572 1016 1817 1059 necessario

220 1084 532 1139 intelligantur3
581 1089 623 1128 et
660 1090 809 1129 tamen
846 1089 907 1129 ita
944 1089 1078 1129 verba
1116 1087 1293 1141 intelligi
1333 1090 1452 1129 vetat
1485 1088 1681 1129 additum
1713 1086 1817 1128 Sea·-

220 1155 380 1206 tiZibus;
428 1157 574 1210 itaque
613 1159 881 1212 accipiuntur
918 1159 1012 1200 haec
1050 1158 1178 1212 vulgo
1216 1158 1289 1209 ita,
1338 1161 1398 1209 ut,
1447 1171 1697 1212 quanquam
1727 1158 1816 1200 iam

220 1227 514 1279 praeterissent
545 1229 640 1270 Kal.
673 1229 786 1279 Sex.,
834 1232 985 1270 tamen
1023 1230 1160 1271 oratio
1199 1230 1529 1271 accommodata
1561 1229 1728 1271 dicatur
1760 1231 1818 1272 ad

220 1300 405 1351 tempus,
455 1312 539 1352 quo
578 1300 720 1342 Roma
760 1300 1068 1341 discessissent.
1131 1300 1290 1341 Verum
1335 1303 1427 1341 tum
1466 1313 1553 1341 non
1586 1299 1816 1342 dicendum

221 1372 334 1410 erat:
383 1370 593 1412 addebant
633 1394 685 1398 —
717 1371 811 1424 fore
845 1395 897 1399 —
932 1385 1015 1412 esse
1046 1370 1296 1421 rediturum,
1337 1371 1433 1412 sed:
1483 1371 1707 1424 addebant,
1751 1386 1817 1412 ea·—

219 1445 421 1494 spectasse
466 1441 651 1483 homiues
697 1442 786 1484 sive
833 1442 942 1483 huuc
987 1455 1216 1483 sermonem
1260 1440 1394 1494 fuisse
1440 1442 1621 1483 similive
1668 1443 1814 1485 modo.

220 1511 400 1554 Subiicit
439 1512 600 1563 Cicero,
649 1526 707 1563 se,
757 1527 890 1566 quum
929 1513 1023 1554 haec
1062 1513 1267 1563 audisset,
1318 1512 1553 1565 cupiditate
1590 1513 1816 1555 incensum

220 1582 440 1634 redeundi,
490 1597 660 1625 summo
700 1597 828 1637 opere
871 1584 1111 1634 festinasse,
1160 1597 1242 1624 uon
1280 1596 1358 1638 quo
1396 1597 1437 1624 se
1477 1583 1534 1624 ad
1565 1588 1724 1638 tempus
1755 1598 1816 1625 oc-

220 1667 443 1695 cursurum
475 1668 556 1695 uon
579 1659 766 1709 putaret,
799 1655 871 1696 sed
901 1669 951 1696 ne
982 1654 1163 1707 tardius,
1196 1668 1321 1709 quam
1349 1659 1525 1708 cuperet,
1558 1655 1622 1695 rei
1634 1654 1817 1709 publicae

217 1725 527 1779 yratularetur3
576 1739 673 1778 quae
718 1726 854 1768 oratio
896 1726 1060 1767 nullum
1104 1725 1279 1766 omnino
1320 1737 1495 1766 sensum
1534 1725 1681 1776 habet,
1729 1739 1817 1768 non

221 1796 495 1849 praecedente
541 1797 747 1850 temporis
794 1797 1026 1847 mentione,
1075 1796 1132 1837 ad
1178 1796 1294 1848 quod
1333 1797 1644 1837 occurrendum
1689 1799 1816 1838 esset.

221 1868 333 1908 Nam
373 1865 569 1918 Orellius,
618 1881 751 1920 quum
791 1868 955 1908 infinite
995 1867 1077 1908 dici
1116 1866 1173 1907 ad
1211 1871 1369 1920 tempus
1408 1867 1635 1908 ostendere
1675 1867 1815 1921 vellet,

222 1938 314 1992 ipse
347 1951 398 1980 ea
430 1939 644 1990 addendo,
694 1952 790 1991 quae
832 1939 949 1992 apud
988 1938 1239 1980 Ciceronem
1280 1951 1367 1979 non
1399 1938 1611 1991 leguntur,
1661 1939 1815 1989 effecit,

222 2012 270 2051 ut
302 2009 496 2060 haberet,
531 2024 614 2063 quo
646 2010 893 2051 referretur.
949 2009 1067 2050 Idem
1099 2011 1246 2050 tamen
1278 2011 1393 2049 recte
1426 2008 1647 2059 intellexit,
1680 2009 1816 2050 multo

223 2080 364 2122 minus
398 2083 595 2122 constare
628 2081 709 2122 sibi
742 2081 981 2122 orationem
1014 2079 1230 2122 Ciceronis
1263 2080 1307 2120 in
1339 2092 1390 2120 ea
1422 2079 1549 2121 huius
1592 2080 1817 2121 sententiae

223 2151 447 2204 scriptura,
497 2165 594 2204 quae
641 2152 743 2193 olim
791 2154 896 2202 erat,
945 2165 1213 2192 occursurum
1251 2155 1464 2203 putarem.
1542 2150 1680 2200 Patet,
1729 2163 1816 2192 non

223 2221 441 2263 Kalendas
474 2222 654 2264 Sextiles
686 2224 729 2264 in
761 2221 931 2264 illorum
963 2222 1187 2263 hominum
1222 2233 1420 2262 sermone
1453 2223 1814 2263 commemoratas

223 2292 367 2343 fuisse,
416 2293 492 2334 sed
531 2294 663 2334 talem
703 2294 831 2345 diem,
880 2294 937 2335 ad
977 2306 1106 2346 quem
1146 2292 1293 2334 Cicero
1326 2291 1480 2332 Romae
1520 2304 1615 2332 esse
1653 2293 1816 2344 posset.

223 2363 355 2416 quue
387 2364 447 2405 ita
478 2363 527 2405 fit
559 2367 771 2417 apertum,
810 2368 858 2406 ut
888 2364 993 2405 nihil
1026 2362 1305 2404 dubitationis
1338 2362 1619 2414 relinquatur,
1661 2375 1713 2403 ex
1744 2362 1816 2404 illa

223 2434 280 2475 ad
311 2435 501 2475 Atticum
543 2435 737 2487 epistola,
786 2436 945 2488 scripta
988 2447 1122 2488 quum
1159 2434 1203 2474 in
1243 2433 1384 2474 reditu
1426 2433 1513 2473 iam
1552 2434 1665 2474 esset
1704 2431 1817 2485 (XIV

224 2505 316 2546 Kal.
366 2504 516 2558 Sept).
593 2505 657 2546 Ibi
704 2506 817 2547 enim
866 2506 1050 2547 eandem
1096 2517 1188 2546 rem
1236 2517 1439 2553 narrans,
1494 2503 1809 2553 „Afferebant,“

224 2576 372 2629 inquit,
413 2576 526 2627 „fore
560 2576 830 2629 frequentem
864 2579 1063 2618 senatum
1087 2575 1331 2617 Kalendis.“
1384 2574 1481 2616 Non
1513 2574 1660 2615 addito
1692 2586 1815 2614 men-

224 2648 280 2688 sis
313 2648 499 2697 nomine,
547 2647 651 2689 satis
691 2650 824 2700 patet,
872 2647 1100 2700 significari
1132 2646 1350 2688 Kalendas
1384 2645 1611 2696 instantes,
1659 2644 1703 2685 id
1736 2646 1814 2694 est,

226 2716 491 2771 Septembres,
532 2720 579 2758 ut
611 2717 825 2759 Corradus
858 2719 1085 2767 intellexit3
1125 2720 1166 2758 et
1205 2717 1285 2758 fuit
1316 2717 1386 2758 illo
1420 2716 1488 2757 die
1521 2717 1696 2757 senatus
1728 2715 1815 2756 fre-

224 2801 374 2841 quens,
422 2789 465 2828 in
505 2801 589 2840 quo
621 2789 833 2830 Antonius
874 2802 924 2830 ea
966 2789 1083 2839 dixit,
1132 2788 1287 2841 quibus
1326 2787 1409 2828 hac
1441 2787 1634 2828 oratione
1667 2785 1816 2827 Cicero

224 2859 469 2912 respondet.
516 2859 605 2899 Nec
636 2861 784 2900 tamen
815 2861 896 2900 hoc
928 2860 1020 2901 loco
1052 2858 1350 2912 reponendum
1377 2859 1470 2898 erat
1496 2855 1812 2910 Septembribus,

225 2930 301 2972 sed
333 2929 570 2972 tollendum
594 2930 752 2970 mensis
777 2943 948 2980 nomen,
983 2930 1097 2982 quod
1122 2942 1254 2982 quum
1279 2928 1426 2970 Cicero
1450 2928 1493 2968 in
1516 2940 1562 2968 re
1586 2927 1814 2980 perspicua
