1915 3235
832 1037 892 1098 ll.

161 1148 242 1209 De
281 1149 427 1209 loeis
455 1150 702 1231 *aliquot
740 1149 1044 1209 Iuvenalis
1082 1151 1568 1228 interpretandis

669 1244 1022 1322 disputatio.
1038 1244 1069 1310 1)

189 1434 351 1515 Quum
383 1470 427 1512 in
459 1471 724 1524 argumentis
757 1471 1037 1525 scriptionum
1078 1471 1425 1513 academicarum
1459 1470 1663 1524 eligendis
1685 1487 1719 1511 29

69 1543 153 1584 alia
192 1541 313 1595 sequi
351 1541 529 1595 possint,
573 1542 646 1594 qui
678 1543 811 1583 semel
844 1547 919 1584 aut
950 1556 1049 1584 raro
1082 1543 1138 1584 ad
1170 1543 1417 1584 huiusmodi
1450 1541 1665 1583 scribendi

68 1627 225 1655 munus
258 1615 480 1663 vocantur,
514 1612 599 1654 alia
621 1613 864 1655 necessario
887 1618 1106 1667 sequatur,
1142 1614 1207 1655 cui
1232 1614 1389 1667 saepius
1415 1612 1664 1655 obeundum

68 1687 145 1735 est,
193 1684 342 1726 videor
384 1683 488 1725 mihi
530 1697 617 1725 non
658 1684 803 1737 inepte
845 1684 1050 1735 facturus,
1100 1685 1147 1734 si,
1197 1685 1401 1737 quoniam
1450 1684 1554 1725 mihi
1596 1683 1664 1724 hae

1 1798 3 1800 .
67 1758 214 1809 partes
248 1758 383 1796 coetus
417 1754 688 1796 academicos
722 1754 936 1796 indicendi
971 1755 1245 1797 demandatae
1279 1758 1391 1806 sunt,
1435 1754 1664 1796 materiam

68 1826 251 1868 subinde
285 1839 337 1867 ex
368 1826 418 1866 iis
450 1825 581 1867 rebus
614 1839 854 1879 sumpsero,
895 1827 951 1867 ad
991 1840 1098 1879 quas
1141 1826 1184 1867 in
1216 1826 1372 1868 scholis
1406 1824 1664 1867 academicis

66 1897 318 1939 tractandas
351 1896 519 1938 delatus
552 1896 687 1947 fuero,
736 1899 795 1947 ut,
845 1897 879 1938 si
919 1910 1005 1950 qua
1043 1897 1103 1938 ibi
1134 1897 1373 1947 inciderint,
1423 1896 1476 1937 de
1509 1895 1665 1949 quibus

68 1967 311 2011 accuratius
345 1970 388 2008 et
418 1967 586 2020 plenius
628 1967 850 2020 disputare
882 1981 1026 2021 operae
1058 1968 1245 2021 pretium
1278 1967 1489 2018 videatur,
1532 1980 1584 2008 ex
1615 1966 1665 2007 iis

67 2039 272 2082 nonnulla
305 2052 383 2092 per
414 2038 527 2079 hanc
554 2038 769 2079 scribendi
797 2039 1165 2092 opportunitatem
1193 2041 1477 2091 exponantur.
1525 2037 1665 2078 Huius

70 2110 233 2153 consilii
281 2109 543 2162 exsequendi
589 2109 671 2150 hoc
718 2108 859 2162 ipsum
906 2109 1075 2150 initium
1121 2109 1227 2150 libet
1273 2109 1429 2151 facere.
1507 2109 1666 2150 Versor

70 2181 184 2223 enim
217 2195 350 2234 quum
383 2180 572 2222 maxime
604 2180 648 2221 in
680 2180 892 2221 Iuvenalis
925 2180 1066 2222 satiris
1110 2180 1376 2231 enarrandis,
1425 2179 1469 2221 in
1509 2179 1665 2232 quibus

67 2266 201 2305 quum
248 2265 336 2294 non
383 2251 521 2293 solum
565 2264 652 2292 uno
693 2255 735 2291 et
773 2251 908 2292 altero
956 2251 1048 2293 loco
1097 2251 1152 2293 ab
1201 2251 1293 2293 aliis
1342 2249 1665 2293 enarratoribus

67 2322 310 2364 necessario
343 2322 448 2363 mihi
480 2322 789 2363 discedendum
823 2321 888 2372 sit,
931 2322 1008 2363 sed
1050 2322 1408 2375 reprehendenda
1447 2321 1666 2363 interdum

69 2394 284 2444 universa,
318 2406 404 2446 qua
435 2395 629 2443 utuntur,
664 2393 895 2434 enarrandi
927 2393 1050 2444 ratio,
1085 2393 1254 2435 decrevi
1274 2393 1341 2434 ·de
1373 2392 1476 2434 locis
1503 2392 1667 2445 aliquot

68 2464 280 2506 Iuvenalis
312 2463 373 2505 ita
405 2464 628 2513 disserere,
662 2466 710 2505 ut
743 2467 785 2506 et
816 2464 1030 2506 sententia
1062 2477 1173 2514 mea,
1207 2477 1339 2517 quam
1372 2463 1425 2505 de
1449 2462 1665 2505 nonnullis

68 2535 156 2577 iam
202 2535 392 2576 breviter
438 2535 482 2576 in
528 2535 683 2577 scholis
724 2535 942 2588 proposui,
991 2535 1166 2577 uberius
1214 2535 1469 2585 declaretur,
1520 2536 1574 2585 et,
1623 2532 1667 2575 in

70 2606 226 2659 quibus
264 2606 394 2647 rebus
434 2606 586 2659 positae
628 2606 712 2647 sint
754 2619 947 2647 errorum
987 2619 1142 2657 causae,
1191 2606 1458 2648 ostendatur.
1520 2604 1665 2657 Atque

71 2676 288 2718 neminem
329 2689 422 2718 esse
461 2677 647 2718 arbitror
688 2690 739 2718 ex
777 2676 840 2727 iis,
893 2676 965 2730 qui
1003 2677 1047 2718 in
1086 2677 1366 2730 scriptoribus
1406 2675 1569 2717 Latinis
1601 2675 1662 2716 le·
1685 2693 1719 2718 30

69 2747 219 2801 gendis
265 2747 425 2789 versati
473 2750 590 2798 sunt,
641 2747 713 2800 qui
759 2747 944 2800 ignoret,
993 2750 1204 2800 quantum
1251 2749 1385 2789 restet
1431 2759 1575 2800 operae
1621 2745 1666 2786 in

106 2909 135 2954 1)
161 2911 266 2946 Edita
290 2922 415 2946 mense
440 2911 609 2946 Ianuario
636 2909 740 2953 1830,
773 2911 949 2946 redeunte
983 2911 1040 2946 die
1066 2911 1178 2946 natali
1203 2911 1296 2956 regis
1323 2909 1580 2956 augustissimi,
1619 2908 1665 2943 ad

164 2974 297 3006 coetum
324 2971 573 3006 academicum
599 2970 846 3005 indicendum.
