1915 3235
861 106 949 148 445

110 241 216 292 puto
272 236 656 291 (quemadmodum
712 248 746 277 c.
787 236 861 286 21,
916 236 971 276 48
1026 236 1069 276 in
1123 235 1323 277 omnibus
1371 235 1494 277 codd.
1542 249 1700 276 nomen

112 309 346 363 Spoletinus
393 321 445 348 ex
491 306 784 359 superioribus
831 306 1062 359 repetitum
1110 308 1183 362 cst
1235 307 1346 347 inter
1399 311 1614 347 (cecusaret
1660 312 1701 347 et

112 379 232 428 discit,
267 378 441 419 exclusa
472 376 712 429 negatione,
747 389 878 429 quum
912 376 971 416 ibi
1003 376 1208 417 omissum
1243 382 1354 418 esset
1388 389 1550 425 errore;
1585 390 1619 418 c.
1646 378 1702 417 20

112 451 271 498 autem,
307 447 422 500 §452
456 448 499 488 in
523 447 713 487 secunda
746 449 788 488 et
819 447 945 487 tertia
980 446 1173 488 codicum
1208 447 1370 488 familia
1403 461 1455 489 ex
1485 449 1571 489 his:
1605 449 1701 488 reli-

109 521 245 574 qe'one,
280 520 484 574 (equitate.
548 517 594 558 Is
627 518 756 571 iqe'tm·
789 518 989 558 effectum
1023 520 1105 558 est:
1154 518 1369 572 reliyiom's
1410 520 1538 573 iqitm·
1576 521 1700 574 seque?-

111 588 224 642 tate),
280 590 466 642 indeque
521 590 670 629 natam
727 588 905 628 alteram
962 588 1338 640 interpolationem
1387 589 1526 630 credo.
1605 590 1702 630 Fuit

112 661 239 713 igitur
271 660 456 701 fortasse
490 673 513 700 a
548 659 751 700 Cicerone
783 659 842 699 sic
875 659 1102 711 scriptum:
1147 660 1189 698 in
1221 660 1359 699 minis
1392 661 1544 701 nostris
1575 661 1700 700 lacri—

112 732 280 785 masque.
343 730 488 780 Quum
532 733 645 770 esset
684 730 724 769 in
767 730 903 770 ruinis
941 730 1182 783 nostrisque,
1217 730 1483 782 geminatum
1522 732 1700 783 propter

109 801 364 854 particulam
413 813 651 853 pronomen
700 803 765 840 est
812 802 854 840 et
899 800 1218 840 substantivum
1267 798 1546 851 adiectum.¹)
1609 801 1733 842 Nisi5

110 871 175 912 cui
218 872 355 924 magis
398 872 552 924 placet.
594 871 745 911 fuisse:
796 871 838 910 in
882 871 1018 911 ruinis
1051 872 1202 911 nostris
1237 873 1457 926 vestrisque
1490 872 1698 919 lacrimis,

108 942 184 982 sed
229 942 427 982 lacrimas
469 942 657 982 iudicum
702 941 1029 982 commemorari
1073 942 1288 983 Ciceronis
1332 955 1479 983 casum
1511 956 1699 983 moeren-

108 1013 228 1062 tium,
262 1012 441 1054 nimium
474 1013 655 1053 videtur.

228 1084 433 1125 Extrema
467 1084 651 1136 denique
683 1085 876 1125 oratione
901 1083 952 1135 (c.
977 1084 1045 1133 28,
1081 1082 1153 1136 63)
1187 1084 1349 1124 editum
1385 1086 1468 1124 est:
1503 1084 1554 1124 In
1582 1098 1698 1138 pra:-

107 1159 218 1206 tura,
260 1155 303 1194 in
336 1155 550 1195 consulatu
577 1154 825 1208 sat-refectam
856 1154 1029 1207 fabrum.
1063 1154 1220 1207 detulit,
1262 1155 1376 1207 quod
1410 1155 1698 1207 interpretan-

107 1227 188 1275 tur,
224 1225 440 1266 Caesarem
473 1225 657 1266 Balbum
692 1226 734 1265 in
765 1225 983 1265 beneficiis
1017 1224 1072 1265 ad
1106 1225 1305 1265 aerarium
1340 1225 1557 1266 detulisse.
1613 1225 1698 1266 Sed

106 1298 247 1348 negat,
283 1298 324 1336 et
356 1296 459 1343 iure,
494 1296 723 1337 Manutius.
759 1296 987 1344 Caesarem,
1024 1296 1095 1348 qui
1127 1295 1320 1336 nondum
1354 1297 1574 1348 provincia
1601 1310 1697 1337 con-
1753 1311 1760 1318 ·

106 1366 237 1407 sulari
270 1366 523 1407 decessisset
548 1369 589 1407 et
622 1367 752 1407 etiam
775 1379 888 1407 nunc
911 1366 1095 1407 Balbum
1127 1366 1381 1418 praefectum
1414 1366 1587 1407 fabrum
1619 1368 1697 1407 ha-

106 1437 227 1478 beret
262 1436 366 1490 (64),
401 1450 499 1477 eum
532 1438 618 1478 iam
652 1437 820 1478 deferre
852 1438 1057 1490 potuisse.
1121 1437 1195 1477 Est
1227 1436 1311 1477 alia
1344 1437 1483 1478 maior
1515 1437 1697 1478 difficul-

106 1509 186 1548 tas.
235 1507 329 1558 Qua
363 1508 476 1549 enim
509 1507 674 1549 ratione
707 1508 749 1547 in
766 1512 976 1562 proetura,
1013 1508 1293 1548 inmusulum
1323 1508 1501 1549 detulit?
1549 1508 1697 1561 Neque

104 1580 264 1630 praetor
294 1591 435 1631 neque
468 1578 615 1619 consul
648 1579 900 1631 praefectum
940 1578 1111 1619 fabrum
1145 1578 1298 1618 habuit
1331 1580 1405 1619 aut
1438 1578 1601 1628 detulit,
1651 1582 1698 1620 ut

106 1649 178 1701 qui
209 1649 374 1690 nullum
408 1649 640 1690 exercitum
674 1651 862 1702 regeret;
910 1649 953 1689 in
994 1650 1260 1701 provinciam
1304 1649 1480 1690 demum
1519 1649 1696 1702 praefec-

104 1722 198 1760 tum
231 1720 364 1761 duxit.
428 1721 653 1761 Neminem
695 1722 839 1761 autem
880 1719 970 1760 fore
1009 1722 1127 1772 puto.
1177 1720 1248 1772 qui
1289 1721 1331 1760 in
1362 1725 1558 1774 lit-cetura
1596 1721 1696 1761 velit

106 1802 220 1831 esse:
255 1804 303 1831 ex
326 1793 562 1844 provincia,
596 1805 718 1846 qnam
745 1804 828 1844 pro
852 1795 1036 1844 lsi-(etore
1069 1792 1187 1843 rexit,
1223 1792 1263 1830 in
1291 1792 1504 1831 consulatu
1529 1793 1694 1832 autem:

105 1875 154 1901 ex
185 1862 397 1902 consulare?
421 1862 658 1916 proc-incia.
722 1861 994 1914 Quanquam,
1043 1861 1122 1901 nisi
1163 1861 1436 1911 admoneam,
1486 1863 1570 1902 sint
1610 1862 1695 1903 foi·-

104 1933 233 1981 tasse,
283 1933 353 1984 qui
395 1945 465 1973 me
509 1933 703 1981 doceant,
752 1934 981 1984 praetorem
1031 1932 1112 1972 dici
1161 1933 1289 1972 etiam
1339 1945 1449 1981 eum,
1500 1932 1571 1984 qui
1618 1945 1696 1984 pro

104 2005 289 2055 praetore
336 2004 401 2050 sit,
450 2005 685 2056 praeturam
734 2003 928 2043 similiter
975 2003 1133 2044 scilicet
1181 2003 1316 2055 accipi
1358 2005 1599 2044 statuentes
1642 2003 1695 2043 de

104 2074 380 2125 propraetoris
413 2074 796 2123 administratione,
847 2073 899 2114 de
941 2073 1165 2114 consulatu
1197 2075 1343 2114 autem
1376 2087 1462 2114 non
1495 2074 1694 2126 cogitent.

105 2143 190 2185 Sed
223 2147 265 2185 et
295 2144 338 2185 in
377 2147 566 2198 praetura
612 2150 652 2186 et
695 2146 736 2185 in
780 2144 1004 2185 consulatu
1044 2144 1188 2185 Caesar
1227 2144 1480 2196 praefectum
1522 2144 1695 2185 fabrum

104 2214 185 2255 sibi
217 2215 385 2268 delegit,
419 2229 552 2268 quum
584 2218 682 2268 post
712 2215 1013 2268 magistratum
1047 2215 1103 2255 ad
1136 2215 1371 2256 exercitum
1404 2218 1519 2256 esset
1542 2216 1694 2256 iturus.

103 2284 198 2326 Hoc
231 2287 306 2335 est,
342 2286 457 2339 quod
488 2286 668 2327 Ursinus
702 2299 724 2326 e
747 2286 892 2327 codice
915 2299 1005 2335 suo,
1038 2286 1082 2326 id
1105 2288 1182 2333 est,
1217 2298 1239 2326 e
1266 2285 1511 2326 coniectura
1532 2284 1694 2326 Panta—

104 2356 234 2408 gathi,
268 2356 395 2398 scribi
428 2357 537 2398 vult:
577 2356 880 2411 prcefecturam
922 2356 1097 2409 fctbrmn
1129 2356 1287 2396 detulit.
1352 2355 1535 2409 Deferre
1567 2357 1697 2396 alicui

103 2427 360 2481 leqationem,
400 2429 675 2482 prceconium,
726 2428 885 2468 accensi
922 2428 1067 2479 locum,
1109 2426 1413 2480 proefecturam
1452 2425 1526 2479 (ad
1564 2426 1693 2467 Attic.

103 2498 170 2548 VI,
206 2496 248 2551 1)
280 2499 452 2552 proprie
484 2495 697 2551 dicitur.‘²)

142 2637 170 2681 ¹)
195 2640 247 2674 De
273 2650 301 2674 c.
328 2639 384 2681 27,
412 2639 456 2673 60
482 2639 554 2673 dixi
580 2643 687 2673 antea
711 2650 745 2683 p.
772 2638 804 2672 8.
855 2638 895 2671 In
921 2636 942 2679 ξ
968 2637 1010 2670 61
1043 2648 1155 2681 prave
1187 2637 1351 2672 additum
1384 2639 1544 2681 aliquam
1575 2636 1696 2680 (quasi

198 2710 272 2738 una
297 2699 419 2743 aliqua
444 2699 623 2733 sententia
648 2697 871 2732 moderanda
903 2699 1006 2737 esset,
1046 2707 1087 2730 ac
1120 2707 1193 2731 non
1226 2697 1396 2731 universa
1431 2695 1620 2736 sententia,
1659 2695 1695 2728 id

199 2761 270 2799 est,
307 2761 385 2792 tota
422 2758 465 2791 de
502 2758 611 2791 rebus
647 2756 801 2801 publicis
832 2754 1010 2789 sentiendi
1042 2755 1148 2798 ratio)
1184 2760 1281 2790 recte
1313 2755 1487 2790 omittunt
1518 2754 1590 2794 PE;
1629 2764 1695 2787 nec

197 2816 399 2850 Bernenses
425 2816 524 2850 codd.
553 2815 819 2859 discrepabunt,
845 2825 912 2848 nec
938 2814 1191 2858 discrepabant
1218 2815 1250 2849 S.
1278 2814 1368 2848 Vict.
1396 2817 1431 2848 et
1458 2813 1533 2847 Pal.
1561 2812 1591 2846 9.

142 2872 170 2918 2)
194 2875 313 2909 Etiam
339 2875 514 2916 consules,
554 2874 615 2918 qui
647 2885 712 2918 pro
745 2873 952 2908 consulibus
985 2876 1115 2914 essent,
1154 2874 1354 2918 appellatos
1386 2872 1582 2912 interdum,
1621 2871 1694 2905 fue—

198 2937 294 2976 runt,
333 2933 394 2978 qui
427 2936 637 2974 statuerent,
675 2932 881 2966 Perizonius
914 2932 950 2966 in
982 2932 1252 2967 Animadverss.
1285 2932 1376 2966 Hist.
1403 2943 1431 2966 c.
1458 2931 1522 2964 VII
1553 2942 1587 2974 p.
1613 2930 1693 2971 309,
