1915 3235
102 252 278 287 Plautinae
321 249 482 294 syntaxis
519 249 668 283 libertas
705 249 753 288 ΙΙ,
799 247 842 281 69

149 314 223 345 not.
253 309 281 350 1,
308 309 352 342 99
378 311 463 349 not„
491 308 552 341 101
582 312 655 342 not.

101 368 219 402 Plebis
245 368 419 401 Romanae
452 367 550 411 origo
588 366 657 400 230
691 378 768 411 sqq.
804 370 840 401 et

149 430 244 461 nota.

101 485 237 519 Plinius
269 485 380 518 Maior
411 485 653 528 reprehensus
684 484 720 518 in
753 485 842 518 anti-

149 543 295 587 quitatis
327 544 672 577 commemoratione
711 547 746 577 et
784 544 842 577 de-

148 603 340 647 scriptione
378 602 427 642 11,
469 602 539 636 255
575 606 649 636 not.
690 602 727 643 1,
774 602 842 635 262

147 664 220 696 Ποῖ.
249 661 280 695 1.

102 722 277 755 sz-imis
302 720 417 753 verbis
442 723 476 753 et
496 721 668 763 pluribus
694 718 773 753 524.

99 778 449 823 Plusquamperfecti
479 778 596 812 forma
622 779 664 818 ΙΙ,
698 777 742 811 68
768 782 841 813 Ποῖ.

146 837 547 882 plusquamperfectum
620 837 838 871 coniunctivi

146 897 297 931 notabili
322 896 429 930 modo
455 895 568 930 futuri
587 896 702 930 exacti
725 896 841 930 vicem

145 967 272 1000 gerens
298 956 340 996 II,
367 954 422 989 87.
472 955 594 999 Plusq.
621 954 840 989 coniunctivi

147 1026 269 1049 rarum
295 1015 331 1048 in
358 1014 578 1054 condicione,
614 1013 676 1047 ubi
702 1014 773 1047 alia
798 1014 840 1048 si-

147 1074 223 1108 mul
249 1073 466 1107 coniunctivi
493 1083 603 1106 causa
627 1073 670 1113 II,
704 1071 772 1105 227
807 1076 842 1106 et

146 1136 219 1167 not.

100 1193 204 1226 Pam·
227 1195 263 1225 et
290 1192 472 1225 Phoenices
505 1194 540 1224 et
571 1191 841 1234 Carthaye'nien-

145 1262 200 1285 ses
224 1251 266 1291 ΙΙ,
294 1249 348 1283 37.

98 1309 259 1353 Pompeii
297 1312 378 1343 acta
415 1308 510 1342 tertii
552 1308 760 1342 consulatus
797 1309 839 1349 ΙΙ,

144 1367 214 1400 246
239 1379 316 1411 sqq.

97 1427 258 1471 Pompeii
285 1426 471 1461 Strabonis
506 1425 672 1460 instituta
696 1426 732 1459 in
760 1426 839 1460 Gal—

144 1486 192 1520 lia
217 1485 477 1529 Transpadana
501 1484 570 1518 276
596 1496 673 1528 sqq.

98 1546 246 1585 Pontus,
271 1544 388 1577 Lusus
414 1544 450 1577 in
476 1544 545 1578 hoc
570 1543 717 1577 nomine
735 1545 777 1585 ΙΙ,
805 1544 836 1578 ἴ).

98 1605 258 1647 Populus
299 1603 579 1647 municipiorum
626 1606 662 1636 et
709 1603 839 1636 coloni·

144 1673 248 1697 arum
273 1661 353 1696 249.

97 1722 243 1755 Porcius
268 1721 425 1755 Licinius
451 1724 558 1765 poeta
585 1719 663 1754 107.

98 1782 264 1815 Ρο33ίιίεο
290 1791 400 1824 prave
425 1780 584 1824 positum
609 1780 652 1820 ΙΙ,
680 1779 734 1812 16,

97 1841 247 1874 Possum
276 1841 468 1882 perfecisse
502 1839 544 1879 II,
581 1837 659 1872 123.
711 1840 836 1872 Posse:

144 1899 233 1932 falsa
267 1898 303 1931 in
336 1898 404 1931 hoc
435 1898 546 1931 verbo
579 1897 759 1931 distinctio
794 1897 836 1938 ΙΙ,

143 1956 222 1991 321.

97 2017 222 2049 Potius
259 2027 366 2059 quam
408 2026 490 2049 cum
527 2015 627 2049 infin.
667 2014 834 2048 coniunc-

142 2078 222 2108 tum
250 2073 315 2107 744
325 2073 352 2108 *.

97 2135 268 2167 Proedari
292 2144 374 2167 cum
406 2133 610 2167 accusativo
642 2143 715 2166 non
742 2132 836 2166 Cice·

143 2192 334 2226 ronianum
361 2191 440 2226 444.

95 2251 257 2285 Praefecti
283 2251 486 2285 cohortium
520 2250 699 2285 sociarum
726 2250 835 2294 impe-

143 2313 305 2344 ratorum
331 2313 436 2344 aetate
461 2309 506 2343 37
533 2321 609 2353 sqq.

94 2369 396 2403 Praefecturarum
414 2368 511 2413 origo
535 2372 570 2403 et
589 2368 750 2402 condicio
768 2366 836 2400 234

142 2439 219 2472 sqq.

95 2487 323 2521 Praenomina
341 2497 362 2520 a
379 2486 549 2520 Cicerone
566 2484 684 2530 posita
709 2488 744 2519 et
761 2495 834 2518 non

141 2545 259 2590 posita
295 2545 333 2578 in
369 2548 474 2579 oratt.
514 2544 598 2585 170,
637 2543 716 2584 353,
754 2542 834 2584 362,

142 2603 222 2646 464,
248 2603 329 2645 496,
355 2602 434 2638 498.

94 2663 258 2697 Praesens
287 2662 394 2696 indic.
426 2662 463 2696 in
494 2661 834 2705 interrogationibus
886 2695 891 2711 ἦ

856 119 936 161 767

143 2721 231 2756 certi
255 2721 395 2765 generis
421 2721 463 2762 ΙΙ,
489 2720 535 2754 40
560 2731 637 2764 sqq.
672 2719 835 2753 Praesens
888 2739 891 2775 3

888 2779 891 2788 ²
948 2778 1035 2820 Quis
1060 2788 1125 2821 pro
1152 2787 1206 2818 eo,
1233 2787 1266 2820 q.
1293 2787 1323 2810 e.
1348 2781 1428 2809 uter
1452 2776 1494 2816 II,
1522 2774 1600 2809 183.

142 2791 208 2824 pro
221 2780 286 2814 fut.
302 2783 428 2814 exacto
441 2780 484 2821 II,
502 2778 548 2812 80
566 2782 601 2813 et
614 2781 688 2812 not.
726 2778 832 2812 Praes.

142 2839 355 2873 historicum
392 2838 538 2873 liberius
576 2837 672 2881 apud
710 2839 835 2881 poetas

143 2898 181 2932 in
206 2897 393 2932 sententiis
418 2896 577 2931 relativis
602 2899 668 2930 cet.
686 2896 728 2938 ΙΙ,
755 2894 834 2929 225.

98 2957 280 2991 Proestare
307 2955 385 2990 151.

952 251 1201 293 Praeterquam
1226 261 1315 284 num
1341 250 1497 284 divisum
1523 252 1619 296 apud
1640 251 1692 286 Ci-

999 319 1165 342 ceronem
1193 309 1236 350 II,
1263 308 1342 343 166.

953 368 1065 400 Prius
1089 379 1197 411 quam
1223 379 1306 402 cum
1332 367 1430 402 infin.
1457 369 1691 404 coniunctum

1001 424 1098 460 T44*.

951 485 1025 519 Pro
1050 496 1089 518 re
1117 483 1196 518 497.

950 544 1156 577 Pronomen
1170 544 1310 578 adiecto
1324 545 1501 579 numerali
1511 545 1590 579 359.
1611 545 1691 579 Pro-

998 614 1132 636 nomen
1176 603 1502 637 demonstrativum
1541 604 1691 638 relativo

997 661 1147 695 subiecti
1174 662 1252 696 loco
1274 663 1390 706 posito
1417 663 1691 707 superadditum

997 719 1082 760 468:
1104 721 1295 754 abundans
1310 722 1467 764 quodam
1487 722 1594 755 modo
1608 725 1689 765 post

998 779 1190 813 relativum
1209 779 1292 820 506;
1319 779 1457 823 positus
1475 779 1543 813 508
1561 783 1596 814 et
1610 780 1688 814 517.

997 838 1224 872 Reflexivum
1237 849 1302 882 pro
1314 838 1597 872 demonstrativo
1609 838 1686 872 189.

997 897 1204 930 Relativum
1230 897 1347 931 laxius
1373 908 1567 942 annexum,
1597 908 1692 931 nova

998 955 1133 989 adscita
1162 956 1310 990 notione
1334 955 1413 990 373.
1464 956 1629 990 Relativa
1656 959 1691 989 et

997 1014 1282 1048 demonstrativa
1315 1016 1495 1049 sententia
1528 1026 1601 1049 non
1636 1025 1690 1048 ac-

998 1077 1120 1106 curate
1134 1074 1355 1117 respondens
1370 1073 1448 1107 514.
1482 1075 1558 1108 Vid.
1580 1074 1689 1108 etiam

997 1133 1063 1175 hic,
1092 1133 1191 1175 idem,
1218 1134 1284 1173 ille,
1310 1135 1395 1175 ipse.

951 1191 1104 1233 Propter
1129 1192 1177 1231 id.
1205 1202 1245 1224 ne
1270 1191 1466 1225 barbarum
1492 1192 1535 1233 ΙΙ,
1562 1191 1640 1225 305.

950 1250 1064 1282 Pudet
1096 1251 1219 1291 fecisse
1253 1260 1324 1284 non
1363 1261 1478 1294 prosae
1515 1251 1686 1285 orationis

997 1309 1038 1349 ΙΙ,
1067 1308 1144 1342 119.

950 1368 1206 1411 Pythayoreus³
1226 1378 1298 1401 nou
1314 1369 1575 1412 Pythayoricus
1592 1369 1687 1412 apud

996 1426 1155 1460 Ciceron.
1183 1426 1263 1460 512.

1290 1520 1339 1570 Q.

949 1604 1152 1646 Quaestores
1178 1603 1214 1636 in
1240 1602 1400 1636 iudicum
1421 1601 1574 1636 lectione
1600 1613 1688 1636 num

996 1662 1081 1705 quid
1107 1661 1244 1705 egerint
1269 1661 1313 1702 II,
1339 1660 1408 1694 245
1434 1664 1506 1695 not.

953 1721 1166 1764 Quanquam
1192 1720 1365 1763 apodosin
1400 1719 1574 1763 incipiens
1600 1719 1685 1758 391;

996 1780 1031 1812 in
1059 1779 1267 1822 corrigendo
1287 1790 1351 1822 per
1368 1778 1684 1822 interrogationem

995 1838 1036 1878 II,
1064 1837 1143 1871 303.

952 1898 1065 1939 Quasi
1089 1896 1156 1929 494
1183 1900 1256 1930 not.

952 1957 1021 1998 Qui
1053 1959 1087 1989 et
1120 1961 1157 1989 at
1188 1957 1251 1999 qui
1280 1955 1317 1988 in
1349 1955 1584 1988 exclamando
1618 1954 1685 1987 516

994 2019 1067 2048 not.
1095 2014 1125 2048 ⁴2.

951 2075 1020 2116 Qui
1062 2074 1097 2107 in
1141 2073 1419 2116 interrogatione
1464 2083 1545 2106 cum
1592 2082 1685 2105 com-

992 2132 1156 2176 parativo
1183 2132 1225 2173 IL
1254 2130 1331 2165 265.

951 2192 1041 2233 Quia
1069 2202 1151 2224 cum
1185 2190 1378 2223 indicativo
1410 2200 1474 2233 pro
1507 2189 1687 2223 sententia

992 2250 1132 2284 infinita
1170 2249 1267 2293 apud
1309 2248 1500 2292 scriptores
1545 2248 1685 2282 ecclesi-

993 2308 1123 2342 asticos
1148 2308 1191 2349 11,
1217 2306 1296 2340 239.

950 2368 1043 2410 Quia
1068 2370 1103 2400 et
1129 2368 1298 2410 quoniam
1322 2365 1392 2400 440
1417 2369 1453 2400 et
1478 2370 1551 2400 not.

950 2427 1052 2469 Quid,
1078 2428 1112 2459 si
1135 2427 1327 2459 iusserim?
1350 2428 1401 2458 et:
1431 2426 1528 2469 quid,
1555 2427 1588 2458 si
1612 2427 1682 2458 ias-

991 2486 1096 2518 sero?
1118 2484 1161 2525 II,
1190 2484 1244 2518 99.

949 2544 1096 2586 Quidem
1133 2553 1227 2586 saepe
1264 2542 1495 2576 subditicium
1530 2542 1609 2576 406.
1644 2542 1682 2575 V.

993 2603 1058 2636 ille.

949 2661 1042 2702 Quin
1059 2670 1124 2704 pro
1149 2661 1241 2703 quod
1257 2671 1339 2700 non,
1365 2659 1570 2693 accusativo
1588 2669 1684 2699 casu,

992 2718 1070 2753 143.

949 2837 1135 2879 Quispiam
1168 2835 1259 2869 falso
1292 2845 1356 2878 pro
1388 2845 1441 2875 eo,
1474 2845 1506 2877 q.
1534 2845 1563 2867 e.
1591 2835 1683 2877 qui-3-

991 2906 1100 2938 quam
1125 2894 1168 2935 ΙΙ,
1196 2892 1275 2927 140.

949 2954 1048 2995 Quod
1072 2963 1137 2996 pro
1162 2951 1366 2986 accusativo
1392 2961 1475 2985 cum
1503 2950 1681 2985 infinitivo
