1915 3235
125 1046 156 1070 81

927 123 1015 164 464

175 255 248 296 diu
286 256 532 298 tenuerunt,
582 266 715 306 quum
760 252 947 305 priorem
991 252 1249 294 amisissent,
1312 254 1365 295 Et
1405 255 1554 295 tamen
1598 255 1665 296 vel
1703 255 1772 297 hic

174 332 352 367 manent
384 324 564 377 vestigia
588 323 741 376 prioris
767 337 885 365 usus.
932 324 1058 373 Nam,
1092 326 1140 365 ut
1163 338 1296 377 supra
1321 324 1419 375 dixi,
1455 325 1773 368 coniunctivum

174 398 300 438 huius
334 397 467 437 futuri
499 408 722 447 nunquam
755 394 798 434 in
822 395 1089 447 praeteritum
1116 395 1311 445 transire,
1347 395 1406 436 sic
1436 408 1490 436 ne
1514 395 1772 438 indicativus

176 468 350 520 quidem
383 479 559 520 prorsus
591 468 683 506 tam
715 465 840 518 longe
880 466 1154 519 progreditur
1197 466 1241 507 in
1285 466 1566 519 significanda
1604 467 1773 508 actione

174 540 218 579 in
250 538 395 579 futuro
421 537 641 591 praeterita
667 550 798 590 quam
825 537 1008 577 alterum
1032 536 1136 577 illud
1161 550 1312 578 verum
1337 537 1531 578 futurum
1557 539 1771 588 exactum,

177 622 427 662 quanquam
459 622 513 650 ne
546 610 627 650 hoc
661 608 835 661 quidem
870 607 1099 660 quisquam
1133 607 1370 649 annotavit.
1418 608 1530 649 Nam
1562 622 1702 661 neque
1730 609 1774 650 in

176 693 235 729 re,
285 693 417 732 quam
458 680 585 721 simul
626 692 723 720 cum
757 679 893 720 altera
927 679 1174 720 absolutum
1207 678 1256 719 iri
1289 681 1508 731 putamus,
1556 693 1696 733 neque
1729 680 1773 721 in

178 754 335 793 eventu
368 752 512 792 futuro
544 750 606 792 rei
638 750 883 803 praeteritae,
918 763 1015 802 quae
1048 750 1133 791 duo
1165 763 1324 803 genera
1356 751 1486 803 paulo
1512 753 1612 792 ante
1638 751 1773 804 attigi,

177 823 271 864 haec
304 823 443 864 forma
475 822 663 875 ponitur,
699 822 814 874 quod
846 821 905 862 ibi
939 820 1130 874 apertius
1162 821 1368 862 adiuncta
1401 821 1544 862 futuro
1567 821 1775 874 praeteriti

178 893 431 946 significatio
465 896 543 934 est.
606 893 756 945 Itaque
796 905 874 944 pro
919 905 981 942 eo,
1031 892 1146 945 quod
1190 892 1392 933 dicimus:
1440 893 1477 933 si
1515 892 1589 932 hoc
1625 891 1777 945 feceris

179 963 350 1018 (faxis),
401 977 556 1019 mayna
603 978 666 1005 me
713 978 815 1004 cum
863 964 1030 1013 levaris,
1078 976 1206 1004 nemo
1250 963 1376 1004 dixit:
1425 964 1462 1004 εἰ
1507 963 1581 1004 hoe
1625 963 1777 1016 feceris

179 1034 351 1089 (faris),
387 1049 542 1089 massua
575 1049 637 1075 me
669 1048 773 1075 cura
805 1035 995 1083 &cassim
1035 1047 1115 1075 nec
1147 1048 1225 1087 pro
1259 1048 1322 1085 eo,
1357 1035 1473 1087 quod
1506 1038 1589 1075 est:
1624 1033 1671 1074 Si
1701 1034 1775 1075 hoc

179 1107 369 1158 eomer-rit,
401 1106 571 1159 frustra
603 1105 862 1146 {aboi-aceris
895 1103 956 1157 (id
988 1108 1072 1146 est:
1097 1106 1279 1159 perierit
1311 1106 1429 1146 labor
1460 1107 1547 1146 iam
1580 1104 1775 1158 effectus),

178 1190 362 1230 usquam
396 1177 570 1229 legitur:
602 1177 771 1230 frustm
805 1176 1045 1226 labor-assis,
1079 1190 1219 1229 neque
1252 1177 1404 1218 horum
1441 1176 1609 1226 similia,
1644 1190 1774 1230 quum

180 1251 326 1289 tamen
374 1248 600 1300 utriusque
648 1247 958 1289 coniunctionis
1007 1248 1138 1289 etiam
1179 1248 1296 1300 apud
1337 1248 1521 1290 comicos
1561 1261 1647 1289 non
1679 1261 1777 1289 rara

181 1320 380 1372 exempla
413 1319 511 1360 sint.

298 1391 513 1431 Absoluta
546 1390 635 1431 fere
668 1392 781 1439 sunt,
831 1403 927 1443 quae
968 1390 1021 1431 de
1061 1390 1240 1442 antiqua
1282 1390 1364 1430 hac
1402 1390 1543 1431 forma
1581 1402 1778 1431 seorsum

181 1462 364 1503 dicenda
399 1463 534 1502 erant.
597 1461 784 1513 Reliqua
817 1461 943 1510 enim,
994 1474 1090 1513 quae
1133 1461 1190 1502 ad
1233 1460 1552 1502 coniunctivum
1598 1459 1778 1513 (faxim)

180 1533 410 1586 pertinent,
444 1532 562 1573 nulla
596 1535 661 1573 est
694 1545 838 1581 causa,
875 1545 949 1573 cur
981 1532 1036 1573 ab
1070 1532 1133 1583 iis,
1169 1545 1265 1585 quae
1299 1532 1351 1572 de
1377 1531 1514 1573 altera
1539 1531 1679 1573 forma
1705 1544 1778 1572 ex-

181 1604 383 1657 ponenda
416 1606 555 1654 erunt,
589 1604 881 1656 seiungamus,
924 1603 1027 1644 dum
1060 1603 1119 1643 ibi
1153 1616 1204 1644 ea
1235 1606 1476 1652 teneamus,
1517 1615 1614 1655 quae
1646 1615 1779 1655 supra

182 1675 297 1716 dicta
329 1676 431 1716 sunt
464 1675 515 1715 de
549 1674 631 1715 hac
664 1674 804 1715 forma
837 1674 967 1715 etiam
1000 1674 1044 1714 in
1077 1674 1347 1715 coniunctivo
1387 1687 1413 1715 a
1452 1673 1671 1726 praeterito
1705 1686 1778 1714 ex-

183 1746 314 1786 clusa.
363 1746 511 1798 Itaque
545 1745 589 1786 id
620 1747 791 1786 tantum
826 1745 1051 1794 addamus,
1086 1745 1141 1785 ab
1167 1744 1309 1785 activa
1332 1745 1413 1785 hac
1438 1744 1577 1785 forma
1602 1744 1780 1785 deflexae

182 1818 367 1869 passivae
411 1817 495 1857 duo
537 1819 654 1857 certa
687 1829 780 1857 esse
815 1816 1026 1869 exempla,
1077 1817 1252 1857 iussitur
1295 1815 1412 1868 apud
1455 1816 1664 1857 Catonem
1708 1814 1780 1869 (de

183 1888 236 1928 R.
261 1888 314 1928 R.
352 1885 422 1939 14)
457 1889 499 1928 et
529 1886 785 1928 turbassitur
817 1888 934 1940 apud
967 1887 1217 1929 Ciceronem
1250 1887 1293 1927 in
1325 1887 1490 1939 antiqui
1522 1887 1664 1940 legum
1689 1899 1780 1927 ser-

182 1958 321 2000 monis
354 1958 594 2000 imitatione
628 1957 773 2012 (Legg.
792 1959 859 2008 ΙΙΙ,
893 1959 934 2007 4,
972 1957 1056 2009 11),
1089 1960 1323 2010 utrumque
1357 1971 1453 1998 cum
1487 1957 1619 1998 futuri
1643 1958 1782 1998 exacti

184 2029 493 2082 significatione
527 2030 730 2082 positum.
779 2030 885 2070 Haec
917 2030 1091 2082 passiva
1124 2029 1264 2070 forma
1297 2031 1564 2081 quantopere
1587 2031 1781 2070 nostram

185 2100 523 2152 disputationem
556 2101 793 2150 confirmet,
830 2114 902 2141 eos
936 2103 1095 2147 autem,
1130 2100 1202 2152 qui
1237 2100 1345 2140 iusso
1379 2102 1420 2140 et
1452 2099 1642 2141 tur-basso
1675 2099 1779 2141 arti-

185 2171 329 2212 ficiose
378 2171 461 2212 alio
509 2172 700 2222 trahunt,
750 2171 930 2221 refellat,
979 2184 1066 2212 non
1114 2184 1222 2223 opus
1271 2172 1335 2211 est
1372 2170 1569 2223 pluribus
1612 2170 1781 2223 exponi.

187 2241 392 2282 Numitor
425 2255 609 2295 quoque,
659 2233 781 2295 quod*
815 2243 933 2296 apud
971 2243 1146 2283 Festum
1187 2246 1332 2282 nactus
1368 2242 1503 2294 fuerit
1541 2241 1781 2293 exponitur,

186 2313 415 2353 Muellerus
448 2327 490 2366 p.
512 2314 592 2354 167
617 2313 901 2366 probabiliter
922 2326 1001 2366 pro
1026 2313 1231 2353 mmxitm·
1254 2313 1462 2365 scriptum
1486 2314 1612 2365 putat
1636 2313 1678 2352 et
1701 2312 1784 2352 hoc

188 2383 339 2424 eodem
384 2384 512 2425 modo
557 2383 733 2433 dictum,
778 2397 863 2436 quo
908 2384 1094 2425 iussitur.
1154 2382 1452 2435 [Mer-cassum·
1492 2384 1536 2424 in
1577 2383 1657 2436 leg.
1692 2395 1780 2435 agr.

189 2467 226 2494 a.
253 2454 337 2494 643
371 2467 409 2494 v.
431 2455 498 2504 71,
530 2454 700 2506 fremitui·
732 2455 775 2495 in
806 2457 953 2495 vetere
985 2455 1078 2507 lege
1112 2454 1229 2507 apud
1261 2455 1428 2495 Livium
1451 2454 1580 2504 XXII,
1618 2454 1684 2504 10,
1718 2452 1782 2506 6.]

281 2596 399 2636 fessus
426 2597 492 2627 erit
519 2606 627 2639 ,mque
655 2613 697 2617 —
725 2597 831 2630 solvet
856 2598 985 2629 satz'sce
1009 2597 1116 2638 faciet
1143 2601 1206 2629 (mc
1231 2607 1266 2629 sc
1293 2615 1335 2618 —
1363 2607 1433 2629 non
1457 2596 1615 2638 defendet
1633 2595 1721 2628 salve
1740 2613 1783 2616 —

285 2664 354 2686 non
389 2655 610 2696 responderit
642 2666 751 2698 neque
781 2657 888 2698 faciet
914 2658 980 2688 cet.
1008 2658 1043 2688 et
1069 2665 1100 2688 v.
1130 2654 1173 2687 16
1200 2665 1293 2698 sqq:
1328 2656 1409 2698 quei
1433 2665 1468 2688 se
1494 2672 1537 2677 —
1564 2664 1635 2688 non
1667 2653 1785 2695 defen-

285 2713 377 2745 (lm-st
404 2717 465 2745 ant
495 2714 530 2745 ίη
551 2715 627 2746 inre
655 2725 724 2747 non
749 2715 973 2757 responderit
999 2724 1108 2757 neque
1136 2715 1171 2747 id
1196 2715 1302 2747 solvet
1319 2715 1448 2747 satisce
1463 2714 1571 2755 faciet
1595 2715 1660 2746 cet.
1685 2710 1781 2753 (add.

287 2782 317 2804 v.
345 2770 390 2803 36
417 2774 452 2804 et
477 2770 547 2812 31).
598 2771 733 2805 Eodem
763 2772 870 2806 modo
896 2772 1018 2806 Livius
1046 2772 1135 2806 dixit
1160 2772 1298 2812 XXXV,
1325 2771 1381 2813 35,
1413 2771 1469 2805 17:
1501 2773 1571 2813 Qui
1595 2775 1780 2804 cunctatus

283 2831 395 2872 fecerit
421 2835 450 2863 et
477 2841 581 2863 sicum
609 2831 795 2864 consilium
823 2842 894 2865 meo
922 2833 1128 2875 inem-ponet,
1155 2833 1244 2865 scae'at
1277 2834 1354 2871 cet„
1387 2834 1422 2865 et
1454 2830 1621 2874 Virgilius
1659 2829 1782 2873 Georg.

286 2889 311 2929 I,
339 2888 535 2922 155—157.
