1915 3235
101 1726 151 1752 366

929 88 1013 130 296

173 218 441 266 doetissimo3
476 220 589 258 certe
623 230 657 259 c,
692 218 760 267 65,
807 219 902 268 145,
937 219 1011 260 ubi
1044 222 1128 260 est:
1170 220 1214 260 id
1256 234 1338 261 non
1370 220 1489 261 modo
1521 226 1603 262 tum
1639 224 1766 277 serip-

172 294 326 339 serunt,
361 289 524 330 scribas
557 302 645 330 non
676 289 905 339 intellexit;
939 289 1095 332 fecisse
1128 293 1352 333 senatores
1379 291 1460 333 dici
1485 293 1618 344 patet,
1652 293 1768 345 quod

175 360 391 403 communi
424 359 596 401 decreto
628 359 721 400 fieri
753 361 967 402 iusserint.

291 432 338 472 In
369 432 463 484 ipso
496 431 615 472 initio
647 431 744 472 libri
777 431 913 484 quinti
953 432 1178 484 Zumptius
1220 432 1365 474 edidit.
1407 433 1767 487 Guelferbytanos

173 508 358 552 secutus,
393 501 550 554 quibus
583 502 749 543 accedit
781 502 875 543 cod.
909 502 1142 553 Leidensis,
1177 504 1303 544 multo
1337 509 1431 545 ante
1462 509 1518 549 est
1548 504 1653 545 milei
1667 519 1768 559 pro-

172 573 410 622 ridemlmn,
460 573 575 625 quod
613 586 816 615 numeros
858 573 991 614 habet
1030 573 1156 615 valde
1201 574 1444 622 dissolutos,
1494 575 1560 616 vel
1607 576 1651 616 in
1697 576 1769 618 illa

172 644 520 698 frequentissima
552 643 887 696 transpositione
919 645 1047 685 vmlto
1086 645 1192 685 milei
1234 650 1329 686 ante
1371 646 1428 687 ad
1466 646 1770 699 simpliciorem

171 716 416 757 iuncturam
448 717 664 756 revocata.
728 716 779 757 Et
811 715 982 765 iudices,
1025 715 1141 768 quod
1179 716 1352 758 additur
1384 718 1511 770 vulgo
1543 719 1644 758 ante
1674 731 1769 772 pro-

171 785 411 835 videndum,
459 785 666 827 mendose
705 786 749 827 in
788 787 868 828 illis
909 787 1032 828 codd.
1067 787 1229 837 deesse,
1279 788 1512 829 ostendunt
1555 788 1769 842 principes

171 857 359 906 familiae,
395 856 487 898 0011.
522 856 666 898 Η31111.
701 860 741 898 61
774 858 872 899 Par.
907 858 1021 898 7774
1053 858 1119 906 A..
1154 871 1338 911 quorum
1371 861 1552 912 uterque
1585 860 1770 913 vulgatae

172 931 273 970 ante
306 928 567 969 Lambinum
601 930 643 969 et
680 929 906 981 scripturae
949 933 991 970 et
1036 929 1175 970 ordini
1218 931 1450 979 consentit3
1499 930 1770 983 eandemque

172 1000 371 1049 formam,
421 1012 507 1052 qua
549 999 719 1052 gravior
759 999 806 1040 fit
850 999 987 1041 oratio
1031 1000 1244 1053 dirempta
1290 1001 1542 1054 interposito
1581 1002 1769 1043 iudicum

171 1071 358 1119 nomine,
393 1072 507 1111 recte
540 1070 630 1122 ipse
660 1070 885 1123 Zumptius
907 1072 1096 1112 restituit
1118 1071 1184 1120 HI,
1222 1072 1288 1121 18,
1321 1072 1376 1113 46
1411 1071 1598 1125 (iudices,
1632 1072 1771 1114 dicam

172 1156 249 1195 pro
283 1142 436 1194 (licam,
483 1140 660 1195 iudices)
694 1144 735 1183 et
767 1142 815 1191 V,
865 1142 934 1191 53,
987 1142 1082 1191 140,
1132 1143 1175 1183 111
1208 1145 1316 1184 orat.
1349 1157 1427 1196 pro
1461 1143 1562 1185 Cael.
1596 1143 1665 1193 28,
1715 1143 1769 1185 66

172 1213 378 1262 Orellius3
413 1212 487 1254 cfr.
522 1226 600 1265 pro
632 1212 755 1254 Balb.
792 1214 829 1263 7,
868 1214 940 1255 18;
975 1213 1035 1266 Si,
1069 1228 1146 1269 quo
1179 1215 1350 1269 quisque
1382 1215 1465 1255 loco
1489 1219 1677 1255 nostrum>
1701 1219 1769 1267 est,

171 1284 342 1337 incilia-es,
376 1289 512 1324 vestus.

291 1355 336 1396 C.
358 1355 424 1404 12,
459 1356 514 1396 29
548 1356 772 1414 Zumptius
805 1356 910 1397 nihil
942 1356 1116 1398 omnino
1150 1357 1203 1398 de
1236 1357 1285 1397 iis
1320 1356 1584 1410 argumentis
1610 1357 1770 1407 dicens,

173 1441 269 1480 quae
303 1440 354 1467 ex
387 1427 601 1482 sententia
634 1427 714 1467 loci
746 1428 881 1479 petita
905 1427 1137 1480 postulant,
1172 1430 1220 1468 ut
1241 1427 1455 1469 scribatur
1478 1441 1576 1468 cum
1599 1428 1771 1480 optimis

173 1499 415 1551 quibusque
449 1498 589 1539 libris:
624 1498 742 1538 labor
774 1499 911 1551 operis
943 1499 1125 1538 maxime
1153 1498 1340 1551 offendit,
1374 1499 1559 1540 relatum
1593 1499 1650 1539 ad
1682 1511 1771 1539 ser-

173 1583 248 1611 vos
282 1569 337 1610 ad
379 1572 547 1611 motum
586 1569 854 1611 inclinantes.
904 1583 981 1623 pro
1030 1569 1269 1622 offenditur,
1318 1572 1502 1616 tantum,
1553 1569 1669 1622 quod
1716 1569 1773 1611 ad

172 1654 297 1682 usum
332 1641 535 1693 loquendi
569 1641 735 1682 attinet.
770 1640 926 1693 posuit,
961 1639 1190 1693 offenditur
1223 1654 1317 1682 esse
1358 1642 1684 1698 κατᾳλαμβάιέται,
1731 1643 1773 1682 et

172 1712 215 1752 id
247 1712 389 1765 ipsum
421 1711 549 1760 nude,
598 1712 689 1752 sine
723 1711 933 1764 exemplo,
983 1711 1098 1764 quod
1132 1713 1275 1753 afferri
1307 1726 1437 1766 posse
1470 1715 1512 1754 et
1543 1712 1698 1765 negavi
1731 1713 1773 1753 et

171 1796 294 1836 nego.
358 1783 420 1823 Ne
455 1782 710 1836 deprehende?
743 1783 930 1835 quidem.
971 1796 1055 1835 quo
1088 1783 1222 1824 Verbo
1254 1784 1298 1824 in
1328 1783 1656 1837 interpretando
1688 1783 1772 1824 uti-

171 1858 253 1903 tur,
304 1854 458 1895 dicitur
490 1853 625 1895 labor.
675 1854 747 1906 qui
780 1856 930 1906 aperte
962 1853 1022 1903 fit,
1072 1854 1208 1895 multo
1246 1855 1389 1896 minus
1427 1855 1631 1903 maxima
1678 1855 1772 1894 tum

172 1925 354 1966 laborem
387 1926 524 1979 operis
556 1938 649 1965 esse
683 1925 774 1965 vult
803 1924 1025 1977 fervorem,
1074 1924 1117 1965 id
1157 1938 1328 1978 quoque
1367 1925 1459 1967 sine
1499 1925 1696 1977 exemplo
1730 1926 1774 1965 et

174 1997 251 2046 ita,
308 2000 355 2037 ut
407 1996 613 2048 fervorem
672 1996 855 2036 mctoee'me
908 1995 1065 2048 offendi
1118 1996 1200 2037 dici
1248 2009 1375 2049 posse
1423 2010 1510 2038 non
1558 1995 1771 2037 ostendat.

173 2068 337 2108 Deinde
370 2070 516 2108 autem
549 2067 665 2119 quod
698 2072 733 2107 et
772 2070 873 2108 ante
903 2067 1111 2119 frumenti
1153 2068 1291 2109 omitti
1334 2081 1421 2109 non
1464 2080 1590 2120 posse
1633 2067 1771 2119 putat,

173 2139 289 2191 quod
321 2139 376 2180 ab
411 2139 583 2191 optimis
618 2139 741 2179 codd.
775 2139 912 2187 abest,
963 2138 1115 2180 eadem
1157 2141 1221 2180 est
1261 2129 1370 2180 ratio
1403 2138 1531 2180 huius
1565 2137 1772 2178 transitus

173 2223 198 2251 a
232 2209 438 2251 membris
473 2210 710 2251 coniunctis
744 2209 801 2251 ad
834 2209 1076 2263 asyndeton
1099 2210 1143 2250 in
1165 2210 1369 2251 extremis
1393 2209 1527 2263 (quod
1551 2210 1617 2250 est
1641 2208 1773 2249 etiam

172 2281 217 2322 in
249 2281 436 2334 vulgata,
470 2281 546 2321 sed
581 2280 728 2322 durius
763 2284 803 2321 et
836 2280 1088 2322 insolentius
1122 2282 1166 2321 in
1198 2281 1298 2322 solis
1332 2281 1502 2322 duobus
1535 2276 1771 2331 extremis),

173 2365 271 2404 quae
310 2351 536 2394 omittendi
575 2352 842 2404 pronominis
891 2354 966 2392 aut
1013 2352 1237 2404 particulae
1285 2352 1328 2392 in
1374 2352 1525 2405 primis
1564 2350 1772 2391 membris

172 2422 382 2475 repetitae.
455 2421 563 2471 Vid.,
612 2425 770 2474 praeter
802 2422 837 2462 V
841 2455 849 2471 ,
899 2423 969 2471 51,
1021 2422 1103 2463 133
1152 2435 1205 2463 ex
1252 2422 1516 2475 optimorum
1564 2421 1773 2462 librorum

174 2494 399 2546 scriptura,
433 2507 511 2546 pro
544 2492 645 2533 Cael.
683 2494 748 2539 14,
783 2493 859 2534 33:
903 2506 986 2534 mm
1009 2498 1230 2547 patruum,
1263 2507 1345 2534 non
1378 2507 1515 2545 avum,
1550 2505 1772 2546 proavum,

175 2569 358 2614 atavum,
393 2566 435 2605 et
467 2577 545 2616 pro
577 2564 663 2604 Mil.
697 2564 736 2613 8,
771 2564 846 2605 2οε
887 2565 958 2619 qui
990 2564 1196 2616 Drusum,
1236 2564 1308 2618 qm?
1339 2563 1612 2616 Africanum,
1654 2561 1773 2602 Pom-

167 2636 328 2689 peium,
360 2639 515 2675 nosmet
546 2635 668 2688 ipsos.

192 2754 194 2758 Ι
294 2705 341 2747 C.
369 2705 435 2756 19,
468 2706 524 2746 48
558 2705 796 2758 Zumptius,
830 2719 959 2758 quem
992 2707 1188 2758 sequitur
1220 2705 1416 2755 Orellius,
1451 2704 1608 2747 codicis
1643 2703 1772 2746 Guel-

176 2777 394 2831 ferbytani
425 2790 451 2818 a
490 2776 663 2828 reliquis
706 2777 964 2818 discedentis
1004 2776 1298 2818 infirmissima
1339 2776 1596 2817 auctoritate
1630 2774 1774 2816 omisit

176 2849 311 2889 verba
341 2847 388 2888 id
419 2846 540 2902 quod,
588 2849 681 2888 tum
715 2860 766 2888 ex
799 2848 1045 2889 coniectura
1077 2861 1155 2900 pro
1199 2852 1235 2888 et
1267 2846 1376 2902 quod
1408 2846 1541 2888 edidit
1573 2845 1618 2886 id
1650 2843 1771 2900 quod.

176 2918 315 2959 Haesit
349 2917 463 2959 enim
494 2917 537 2958 in
571 2917 735 2967 eodem,
776 2918 819 2958 in
851 2932 936 2971 quo
969 2918 1100 2966 etiam
1132 2918 1291 2960 Bakius
1325 2917 1556 2959 offendisse
1588 2915 1771 2965 videtur,

1887 3157 1895 3191 'r
