1915 3235
138 980 185 1004 1:21

957 132 1042 173 496

323 262 430 303 Haec
462 262 590 315 igitur
622 262 788 311 Latina,
836 262 879 302 in
920 261 1077 314 quibus
1120 262 1298 314 perfecti
1341 263 1457 304 notio
1497 266 1657 305 manet.
1720 264 1795 306 Illa

208 345 306 374 vere
345 333 496 374 Graeca
534 332 689 385 figura,
739 334 786 372 ut
829 332 1020 384 appellat
1059 331 1232 374 Servius
1266 333 1322 374 ad
1353 333 1518 374 AEneid.
1554 334 1618 384 VI,
1653 334 1721 384 78,
1756 336 1798 376 et

207 403 262 444 ab
294 403 528 456 Augusteae
562 402 735 443 demum
772 402 912 443 aetatis
944 403 1081 455 poetis
1126 403 1412 456 frequentata,
1460 404 1504 444 in
1545 417 1631 457 qua
1670 404 1798 457 plane

205 487 292 515 non
325 473 462 515 solum
495 476 594 526 post
626 486 677 514 ea
706 472 852 523 verba,
886 486 984 526 quae
1006 469 1206 515 videntUr
1229 474 1419 527 aliquam
1441 475 1797 528 significationem

205 544 337 586 finitae
370 544 548 586 actionis
583 543 814 594 continere,
848 547 895 585 ut
918 544 1064 598 pudet,
1097 545 1214 585 iuvat
1236 543 1413 597 (Tibull.
1437 545 1466 594 I,
1503 546 1540 595 1,
1573 546 1650 587 46;
1683 547 1799 587 iuvat

207 615 358 656 (andire
382 639 433 643 —
459 620 494 656 et
526 612 781 667 detinuisse),
815 614 891 656 sed
924 617 1022 667 post
1054 616 1199 656 omnia
1231 616 1378 665 verba,
1413 629 1508 669 quae
1541 616 1796 658 infinitivum

207 686 470 735 adsciscunt,
525 685 764 739 perfectum
812 699 891 738 pro
938 689 1152 739 praesente
1206 687 1399 739 ponitur,
1454 687 1571 728 nullo
1620 700 1797 739 prorsus

208 757 465 798 discrimine.
529 757 641 797 Nam
673 757 729 806 id,
769 756 885 809 quod
917 756 959 797 in
993 757 1141 798 Graeco
1174 770 1372 799 sermone
1413 761 1505 799 erat
1543 757 1654 799 inter
1686 758 1798 799 aori-

207 830 321 867 stum
355 830 397 868 et
427 840 619 880 praesens
651 827 859 878 infinitivi,
899 830 1030 868 tenue
1062 829 1105 868 et
1136 827 1290 880 ipsum,
1332 829 1620 870 evanescebat
1650 842 1800 870 neces-

207 899 319 940 sario
361 898 405 939 in
447 898 613 949 Latino,
662 898 704 939 in
748 911 832 951 quo
874 898 991 939 notio
1034 898 1181 939 aoristi
1220 899 1385 940 nullum
1424 899 1618 940 habebat
1650 899 1801 940 funda-

208 967 465 1021 mentum.¹)
527 969 659 1022 Apud
690 970 946 1010 vetustiores
979 972 1130 1022 poetas
1175 969 1284 1010 adeo
1326 970 1407 1011 hoc
1448 983 1595 1011 rarum
1628 972 1706 1021 est,
1754 972 1802 1011 ut

208 1053 341 1081 unum
381 1040 523 1081 Plauti
569 1040 711 1081 locum
759 1040 885 1081 huius
933 1040 1099 1092 generis
1146 1041 1345 1089 notarim,
1393 1040 1535 1082 Aulul.
1568 1041 1616 1091 V,
1654 1042 1690 1091 1,
1728 1041 1801 1082 19:
1856 1032 1857 1035 ¹

208 1125 289 1152 non
313 1115 431 1165 potes
455 1110 657 1164 probasse
688 1124 836 1164 magras.
899 1111 1108 1163 Apparet,
1150 1110 1193 1151 id
1233 1111 1365 1152 semel
1397 1112 1562 1153 incuria
1595 1112 1800 1153 vertentis

209 1195 231 1222 e
266 1182 415 1223 Graeco
447 1181 672 1231 mansisse,
721 1194 808 1222 non
849 1194 983 1234 genus
1027 1182 1169 1234 ipsum
1207 1184 1442 1234 receptum,
1492 1183 1607 1234 quod
1652 1185 1802 1236 postea

209 1253 372 1294 factum
406 1258 484 1294 est.
548 1252 771 1293 Lucretius
804 1253 921 1302 item,
971 1253 1006 1294 si
1046 1256 1161 1294 recte
1200 1252 1377 1302 attendi,
1425 1253 1559 1294 semel
1592 1253 1652 1294 sic
1685 1253 1802 1303 dixit,

208 1323 274 1373 ΙΙΙ,
310 1324 385 1364 69;
433 1323 533 1364 dum
575 1337 616 1364 se
659 1323 850 1377 eff'uyisse
893 1324 1031 1364 volunt
1070 1324 1264 1378 Zonyeque
1302 1337 1490 1364 remosse.
1553 1323 1639 1365 Sed
1670 1337 1803 1376 quum

210 1396 323 1435 esset
368 1396 521 1447 postea
567 1396 649 1436 hoc
695 1407 829 1447 genus
870 1407 896 1435 a
932 1395 1071 1447 poetis
1112 1395 1324 1436 adscitum
1373 1393 1414 1447 (e
1461 1394 1616 1447 quibus
1663 1397 1803 1447 poetae

211 1465 385 1517 elegiaci
432 1477 549 1517 saepe
596 1466 722 1506 metri
771 1478 902 1506 causa
957 1466 1000 1506 in
1054 1478 1181 1506 Versu
1235 1467 1508 1518 pentametro
1563 1465 1805 1518 perfectum

210 1538 389 1588 ponunt,
434 1535 477 1576 in
509 1535 763 1578 hexametro
794 1549 999 1589 praesens,
1043 1539 1091 1577 ut
1123 1537 1320 1578 Tibullus
1352 1536 1382 1586 Ι,
1426 1537 1463 1587 1,
1509 1536 1563 1577 73
1597 1539 1639 1577 et
1672 1537 1740 1586 74,
1774 1536 1803 1587 Ι,

211 1607 250 1656 8,
287 1607 337 1647 11
374 1608 416 1647 et
452 1607 517 1656 12,
551 1607 580 1656 Ι,
618 1608 683 1656 10,
718 1608 769 1647 61
807 1609 849 1648 et
880 1605 967 1660 62),
1008 1608 1051 1647 in
1091 1621 1263 1661 prosam
1307 1606 1546 1648 orationem
1585 1607 1803 1648 rarissime

211 1677 382 1730 irrepsit
415 1680 457 1718 et
489 1678 605 1730 apud
639 1690 711 1719 eos
745 1677 919 1718 demum
952 1679 1195 1731 scriptores,
1230 1678 1301 1731 qui
1333 1678 1419 1719 iam
1452 1678 1577 1719 valde
1607 1691 1632 1719 a
1658 1680 1804 1719 vetere

212 1748 414 1801 loquendi
448 1749 645 1789 castitate
679 1748 935 1799 desciscunt,
980 1753 1026 1789 ut
1067 1750 1184 1802 apud
1216 1749 1321 1790 Gell.
1354 1749 1421 1799 ΙΙΙ,
1456 1749 1501 1790 3:
1546 1749 1649 1790 satis
1672 1753 1806 1802 potest

209 1818 310 1872 fidet?
339 1819 497 1872 fecisse,
533 1821 575 1860 et
607 1819 753 1859 lustin.
787 1819 835 1869 V,
868 1819 915 1860 4:
956 1821 1146 1873 posuisse
1177 1821 1361 1874 cupiunt,
1403 1821 1444 1860 et
1474 1819 1718 1861 Palladium
1750 1819 1801 1869 X,

214 1891 257 1930 7:
307 1891 454 1930 sevisse
496 1886 738 1942 convenfffl)
800 1890 913 1931 Nam
956 1890 1267 1940 Quintilianum
1310 1889 1432 1943 (VIII,
1467 1890 1506 1940 6,
1540 1888 1627 1942 30),
1676 1903 1805 1942 quem

212 1961 436 2013 Zumptius
470 1962 724 2010 antestatur,
758 1973 845 2002 non
877 1962 937 2002 ita
964 1961 1155 2002 locutum
1182 1975 1288 2013 esse,
1323 1961 1584 2014 optimorum
1611 1960 1805 2002 codicum

212 2031 392 2084 vestigia
431 2032 536 2072 satis
576 2031 821 2082 ostendunt,
872 2046 923 2072 ex
968 2032 1125 2084 quibus
1166 2035 1315 2073 tamen
1357 2045 1506 2073 veram
1549 2032 1805 2084 scripturam

213 2115 299 2143 non
347 2102 498 2143 efficio.
582 2102 712 2154 Apud
759 2103 1011 2155 scriptorem
1067 2105 1212 2144 autem
1260 2103 1416 2156 dialogi
1463 2102 1517 2143 de
1564 2102 1806 2143 oratoribus

215 2185 249 2213 c.
284 2172 352 2223 24,
394 2186 527 2225 quum
570 2186 701 2226 supra
735 2171 787 2226 (c.
825 2172 895 2225 16)
928 2173 1115 2215 Messala
1153 2187 1199 2215 se
1232 2174 1511 2227 cogitationes
1544 2185 1645 2214 suas
1679 2185 1805 2226 aper-

310 2376 432 2405 ratum
470 2370 553 2413 cet.)
590 2371 779 2405 confundit
816 2372 1081 2406 Ramshornius
1108 2384 1141 2416 p.
1170 2372 1248 2406 665.
1299 2372 1407 2406 Verbi
1444 2377 1579 2416 oportet
1615 2371 1805 2416 paululum

311 2430 430 2464 differt
455 2430 565 2468 ratio3
605 2442 689 2464 nam
723 2434 867 2465 tantum
900 2431 1081 2474 praeterito
1116 2431 1345 2475 participium
1372 2431 1560 2466 subiicitur
1585 2433 1647 2465 aut
1672 2431 1806 2475 perfec-

310 2492 388 2522 tum
416 2489 581 2522 infinitivi
608 2489 812 2533 significans
839 2500 927 2530 rem,
954 2501 1034 2533 quaa
1061 2489 1226 2523 debuerit
1252 2489 1346 2524 facta
1372 2501 1460 2524 esse.
1510 2488 1593 2531 (Cfr.
1625 2490 1722 2523 Tunc
1747 2491 1804 2523 de-

311 2549 383 2581 cuit
406 2550 516 2590 flesse,
543 2548 619 2582 Liv.
645 2549 753 2590 XXX,
780 2548 836 2589 44,
865 2548 902 2585 7;
930 2548 1023 2592 Virg.
1051 2549 1127 2582 AEn.
1154 2548 1196 2589 X,
1224 2548 1294 2591 94.)

255 2604 282 2647 1)
309 2605 527 2640 Acceleratae
565 2607 716 2641 actionis
753 2606 1052 2650 significationem
1092 2607 1128 2640 in
1165 2607 1324 2650 perfecto
1356 2607 1523 2641 infinitivi
1556 2607 1671 2641 inesse
1703 2610 1807 2651 putat

312 2664 517 2699 Schmidius
544 2666 588 2699 ad
615 2665 754 2699 Horatii
772 2666 882 2710 Epist.
901 2666 926 2707 Ι,
954 2665 1008 2707 17,
1037 2665 1068 2708 5,
1096 2677 1207 2710 quam
1234 2677 1252 2700 e
1279 2665 1401 2700 Graeea
1428 2665 1663 2710 grammatica
1693 2668 1807 2699 trans-

312 2723 405 2764 tulit,
441 2734 513 2757 non
547 2735 589 2757 ex
623 2724 758 2758 Latinis
793 2725 967 2769 exemplis
994 2725 1122 2759 effecit.
1150 2725 1406 2768 Exemplorum
1433 2724 1555 2758 onmia
1580 2725 1687 2768 plena
1712 2727 1806 2764 sunt,

312 2782 458 2826 petique
484 2785 636 2826 possunt
662 2794 683 2816 a
708 2783 895 2817 Vechnero
922 2787 956 2817 et
982 2784 1206 2827 Heusingero
1233 2784 1253 2817 l.
1281 2784 1302 2817 l.
1353 2784 1404 2817 De
1437 2784 1546 2817 verbo
1575 2795 1688 2827 posse,
1722 2794 1808 2827 quo-

313 2840 411 2874 niam
438 2840 652 2884 Heusingeri
679 2842 845 2885 exempla
871 2843 945 2876 fere
971 2842 1196 2883 subtraham,
1230 2843 1306 2876 haec
1332 2842 1568 2876 substituam:
1607 2842 1701 2886 Virg.
1728 2843 1803 2876 AEn.

313 2900 371 2940 VI,
401 2899 454 2941 79,
481 2899 583 2933 Ovid.
610 2899 704 2933 Fast.
732 2900 776 2941 II,
803 2899 882 2941 322,
909 2900 951 2934 A.
979 2901 1059 2934 Am.
1088 2901 1130 2942 ΙΙ,
1157 2900 1235 2935 583.

258 2956 284 3000 2)
312 2958 468 2992 Collecta
495 2958 570 2991 haec
597 2961 681 2993 sunt
707 2959 752 2992 ab
779 2958 1002 3003 Heusingero
1029 2960 1073 2993 ad
1100 2960 1274 2994 Vechner.
1302 2959 1323 2993 l.
1350 2960 1371 2993 l.
