1915 3235
149 866 201 891 202

985 156 1071 198 562

224 285 359 335 fieret,
410 285 620 338 exposuit,
669 299 845 339 gravem
888 286 1009 327 addit
1051 285 1407 336 admonitionem,
1459 288 1541 328 hoc
1582 288 1711 330 modo
1756 301 1829 330 eos

225 356 505 409 compellans,
540 369 647 409 quos
681 356 763 398 sibi
797 356 949 398 adesse
983 358 1025 398 et
1057 369 1102 398 se
1135 356 1288 398 audire
1321 357 1470 410 fingit:

498 462 675 517 Propter
707 477 797 518 quse
826 463 900 516 fas
933 468 1002 516 est,
1033 476 1171 517 [samm
1207 465 1440 505 incerate
1472 465 1659 505 deorum.-

224 570 346 611 Locis
380 570 626 611 coniectura
658 569 900 611 emendatis
933 583 1068 612 unum
1101 571 1374 623 subiungam,
1410 570 1453 611 in
1479 584 1563 623 quo
1590 584 1748 613 novam
1783 574 1826 613 et

223 654 371 682 veram
419 641 675 693 scripturam
721 653 743 681 e
792 641 937 682 codice
984 641 1178 683 nondum
1225 642 1418 694 inspecto
1465 642 1659 694 proferre
1705 642 1816 693 licet,

223 712 315 753 aliis
348 724 482 765 prope
516 711 823 753 accedentibus
857 714 899 753 et
937 712 1122 754 fortasse
1154 712 1245 753 sola
1278 725 1426 753 eorum
1460 713 1599 766 culpa,
1641 714 1713 766 qui
1746 726 1818 755 eos

222 784 508 834 contulerunt,
556 796 644 824 non
685 796 861 835 prorsus
905 783 1274 824 confirmantibus.
1347 783 1459 824 Nam
1503 784 1547 824 in
1588 786 1668 825 sat.
1707 785 1815 835 XIV,

220 858 453 908 postquam
485 854 699 895 Iuvenalis
731 853 879 906 populi
911 853 1116 895 iudicium
1150 867 1330 895 avarum
1357 855 1578 896 hominem
1602 857 1812 908 tanquam

220 926 331 980 frugi
363 925 581 967 laudantis
613 924 792 975 notavit,
826 925 882 965 ad
914 925 995 966 hoc
1027 925 1232 966 iudicium
1254 928 1399 978 patres
1422 926 1465 966 in
1487 926 1673 968 filiorum
1695 926 1814 979 inge-

220 997 300 1039 niis
334 996 573 1039 formandis
606 1009 652 1037 se
685 996 1016 1037 accommodare
1039 996 1228 1038 ostendit
1248 997 1314 1038 his
1342 998 1539 1039 versibus
1563 997 1668 1051 (119
1695 996 1815 1051 sqq.)

493 1103 546 1144 Et
577 1105 703 1156 pater
736 1115 836 1155 ergo
869 1102 1002 1143 animi
1035 1102 1179 1144 felices
1216 1104 1350 1145 credit
1382 1117 1562 1153 avaros,

494 1173 576 1224 Qui
608 1174 790 1215 miratur
822 1186 939 1226 opes,
975 1173 1047 1226 qui
1078 1175 1196 1216 nulla
1229 1175 1429 1228 exempla
1463 1174 1582 1216 beati

492 1245 702 1298 Pauperis
737 1257 831 1285 esse
863 1247 1008 1297 putat3
1041 1246 1218 1287 iuvenes
1251 1247 1465 1295 hortatur,
1500 1249 1548 1287 ut
1579 1245 1697 1287 illam

492 1317 558 1358 Ire
589 1317 706 1357 viam
737 1318 921 1368 pergant
953 1318 996 1357 et
1028 1316 1168 1357 eidem
1201 1317 1456 1358 incumbere
1491 1321 1634 1358 sectae.

219 1423 428 1465 Perverse
470 1422 586 1464 idem
628 1422 731 1464 dicit
771 1423 815 1464 in
857 1422 1038 1464 relativa
1079 1423 1308 1473 sententia,
1359 1423 1475 1476 quod
1516 1422 1559 1463 in
1591 1421 1820 1475 primaria3

218 1494 447 1535 ferendum
481 1495 608 1543 esset,
649 1493 684 1534 si
723 1495 853 1546 poeta
892 1506 984 1534 rem
1016 1494 1159 1535 verbis
1193 1493 1466 1547 amplificans
1498 1493 1593 1534 haec
1624 1493 1685 1534 ita
1718 1505 1820 1534 con—

217 1565 450 1607 iunxisset:
512 1564 704 1614 „Avaros
759 1564 904 1605 felices
953 1564 1108 1616 credit,
1163 1578 1267 1618 opes
1322 1566 1525 1615 miratur,
1581 1576 1820 1617 pauperem

216 1636 397 1678 beatum
429 1636 647 1677 neminem
680 1637 854 1688 putat“;
902 1649 1017 1677 nunc
1050 1636 1173 1688 quasi
1214 1636 1482 1685 definiturus,
1524 1635 1663 1688 qualis
1695 1636 1822 1688 pater

217 1721 372 1749 avaros
406 1707 549 1748 felices
582 1708 718 1759 putet,
752 1706 855 1747 nihi}
889 1706 1007 1747 aliud
1040 1707 1153 1757 dicit,
1187 1707 1268 1748 nisi
1302 1720 1400 1748 eum
1434 1706 1476 1747 id
1508 1706 1712 1757 iudicare,
1747 1705 1820 1758 qui

216 1777 276 1819 ita
308 1776 487 1818 iudicet.'
544 1777 687 1830 Atque
729 1778 822 1818 haec
864 1791 969 1819 sane
1012 1779 1226 1831 scriptura
1269 1777 1487 1819 Pithoeani
1527 1777 1684 1819 codicis
1717 1790 1817 1818 auc-

216 1849 390 1890 toritate
422 1848 593 1889 videtur
626 1848 872 1890 confirmari
905 1851 947 1890 et
978 1849 1134 1891 veteris
1168 1849 1317 1890 scholii
1352 1848 1412 1901 (in
1435 1861 1520 1901 quo
1541 1849 1635 1890 haec
1660 1849 1818 1889 verba:

216 1920 287 1974 qni
334 1920 518 1960 miratur
566 1932 660 1973 opes
706 1920 766 1960 sic
815 1923 1095 1962 enarrantur:
1151 1921 1222 1976 (μιί
1262 1920 1523 1974 patrimonio
1571 1924 1607 1960 et
1657 1919 1820 1960 divitiis

213 1989 407 2045 glandet);
455 1991 532 2032 sed
579 1990 731 2043 reliqui
779 1990 869 2032 fere
911 1991 1092 2042 codices,
1140 1991 1407 2032 Parisienses
1449 1990 1623 2043 quidem
1665 2003 1817 2032 omnes

217 2059 247 2113 [,
273 2062 403 2102 etiam
438 2061 523 2102 duo
546 2061 721 2102 Haunn.
755 2061 797 2102 in
829 2061 934 2103 bibl.
966 2075 1054 2115 reg.
1087 2075 1129 2103 n.
1153 2062 1269 2103 2030
1292 2064 1334 2103 et
1359 2062 1487 2103 2033.
1539 2061 1700 2115 1842.],
1734 2062 1814 2103 ha-

216 2133 318 2173 bere
367 2132 568 2173 dicuntur
614 2133 1369 2187 mirantur—Jmtaozt—lcortcmtear;
1418 2136 1461 2174 et
1507 2133 1589 2174 hoc
1636 2133 1813 2186 quidem

215 2205 483 2255 postremum
525 2203 683 2244 falsum
724 2206 808 2252 est;
856 2203 928 2244 illa
971 2203 1056 2245 duo
1098 2204 1350 2253 rectissima,
1400 2206 1447 2245 ut
1489 2204 1609 2245 avari
1653 2204 1814 2245 descri-

214 2272 388 2323 bantur,
438 2287 544 2326 quos
577 2274 721 2315 felices
754 2276 879 2327 pater
912 2274 1072 2325 credat,
1122 2287 1305 2327 quorum
1344 2277 1510 2316 sectam
1550 2275 1658 2317 filios
1691 2275 1815 2328 sequi

215 2344 331 2384 velit.
395 2344 447 2385 Et
479 2344 539 2385 sic
581 2358 757 2397 prorsus
796 2345 997 2387 scribitur
1035 2345 1079 2386 in
1112 2345 1257 2387 codice
1288 2346 1625 2387 membranaceo
1657 2345 1813 2387 biblio-

216 2413 353 2457 thecae
386 2415 514 2467 regiae
546 2415 809 2457 Hauniensis
844 2414 902 2469 (n.
936 2415 1090 2469 2032):

935 2523 1096 2564 Felices
1131 2523 1265 2564 credit
1298 2536 1466 2573 avaros,

489 2591 570 2641 Qui
602 2593 815 2634 mirantur
847 2606 965 2646 opes,
999 2593 1071 2646 qui
1102 2594 1221 2635 nulla
1253 2594 1454 2646 exempla
1487 2594 1605 2635 beati

487 2661 695 2715 Pauperis
730 2676 823 2704 esse
856 2666 1032 2717 putant3
1064 2664 1240 2706 iuvenes
1272 2665 1473 2706 hortatur
1507 2667 1586 2706 cet.

333 2767 402 2808 Ad
442 2770 684 2808 extremum
723 2782 814 2809 rem
857 2770 997 2811 levem
1041 2783 1118 2823 per
1159 2783 1205 2811 se
1247 2771 1470 2824 attingam,
1519 2771 1596 2812 sed
1637 2771 1680 2813 in
1724 2784 1810 2824 qua

215 2842 363 2880 tamen
396 2851 560 2880 errores
604 2841 646 2879 et
677 2840 1012 2883 inconstantiam
1045 2841 1265 2894 quandam
1299 2843 1598 2883 enarratorum
1642 2844 1685 2883 et
1718 2842 1808 2883 edi-

216 2914 357 2951 torum
389 2922 476 2951 non
508 2910 634 2950 unius
666 2909 880 2952 Iuvenalis
903 2912 1066 2963 tollere,
1100 2913 1134 2953 si
1155 2912 1247 2954 fieri
1270 2912 1417 2965 possit,
1452 2926 1596 2966 operae
1619 2912 1806 2966 pretium

214 2981 281 3022 sit.
345 2980 510 3033 Saepius
543 2980 656 3021 enim
696 2981 738 3020 in
763 2983 958 3027 ,summis
999 2983 1154 3024 divitiis
1194 2983 1483 3037 significandis
1524 2983 1641 3037 apud
1679 2984 1806 3025 huius
