1915 3235
859 119 943 160 569
965 89 969 93 ’

108 263 210 291 vero
253 250 471 291 aberravit
512 262 599 290 non
640 262 726 290 uno
767 249 912 290 modo.
974 249 1169 290 Primum
1211 249 1339 299 enim,
1383 251 1431 290 ut
1461 249 1721 303 interroga-⁷

108 320 245 362 tiones
289 320 345 361 ad
386 319 549 360 nudam
589 319 889 360 affirmationis
937 322 1012 361 aut
1058 318 1298 372 negationis
1345 319 1700 372 significationem

107 390 333 443 redigeret,
366 390 593 442 aliquoties
626 403 712 431 non
734 390 872 432 solum
896 393 1103 439 contorte,
1137 390 1214 431 sed
1234 403 1411 442 prorsus
1435 390 1543 432 falso
1564 392 1700 433 verba

108 461 365 514 scriptorum
399 461 673 513 interpretari
706 463 879 503 coactus
914 463 998 510 est3
1032 461 1149 502 velut
1171 460 1312 502 Taciti
1343 460 1387 501 in
1408 461 1565 502 Annal.
1588 462 1697 513 XIII,

107 532 184 573 43:
235 531 321 573 Cur
362 532 470 572 enim
511 532 715 572 neminem
757 532 890 572 alium
931 531 1129 572 delectum
1162 531 1274 572 esse?
1318 531 1556 584 Significari
1587 532 1699 574 vult:

109 602 241 643 alium
272 601 537 656 deliyendum
566 601 712 654 fuisse.
775 602 865 642 Iam
898 602 979 643 hoc
1011 602 1153 654 ipsum
1184 602 1271 643 tale
1305 604 1382 651 est,
1416 605 1464 643 ut
1496 615 1546 644 eo
1571 603 1700 645 modo

109 673 276 726 quidvis
309 673 366 714 ad
397 672 732 714 affirmationem
763 673 898 725 redigi
930 673 1078 725 possit,
1113 686 1245 726 quum
1270 685 1357 714 non
1381 686 1564 725 quaeras,
1599 674 1702 726 quid

109 743 288 794 dicatur,
337 743 412 784 sed
457 756 554 784 eam
598 743 729 784 animi
771 744 1032 784 sententiam
1075 743 1329 793 substituas,
1378 756 1405 784 a
1446 756 1532 796 qua
1565 744 1702 786 oratio

109 816 204 856 orta
249 814 316 855 sit.
401 814 562 855 Verum
615 827 668 854 ne
723 813 987 866 significatur
1034 814 1209 866 quidem
1257 814 1313 855 ab
1363 816 1700 865 accusatoribus,

110 898 293 937 quorum
325 885 384 925 ibi
416 884 552 926 oratio
584 884 792 933 redditur,
842 885 974 925 alium
1007 884 1282 937 deligendum
1322 884 1475 934 fuisse;
1523 885 1604 927 hoc
1637 886 1701 927 di-

111 958 224 1006 cunt,
272 955 418 996 mirari
457 968 515 1005 se,
566 968 652 1005 cur,
702 956 737 996 si
776 968 876 996 vere
916 954 1072 996 Suilius
1105 968 1131 996 a
1162 955 1394 996 Messalina
1427 959 1600 997 coactus
1633 958 1700 1007 sit,

108 1027 325 1068 neminem
359 1027 490 1067 alium
524 1026 638 1067 idem
673 1026 814 1066 facere
849 1025 1047 1078 coegerit,
1098 1039 1235 1078 eaque
1279 1026 1613 1079 interrogatione
1644 1027 1700 1068 id.

110 1097 225 1150 quod
257 1097 413 1138 Suilius
447 1097 499 1137 de
533 1110 579 1138 se
612 1097 790 1146 dixerat,
825 1096 983 1137 falsum
1017 1109 1109 1138 esse
1143 1100 1341 1150 arguunt.
1405 1097 1593 1139 Causam
1625 1099 1702 1150 igi-

109 1170 179 1209 tur
210 1167 434 1220 requirunt
465 1168 526 1208 rei
557 1167 831 1216 incredibilis,
867 1181 962 1219 quae
986 1167 1105 1208 Suilii
1139 1167 1386 1209 defensione
1420 1168 1701 1209 contineatur.

109 1239 273 1280 Deinde
313 1239 383 1279 alii
430 1239 510 1280 loci
557 1251 685 1280 omne
731 1238 836 1278 illud
884 1238 1110 1279 artificium
1158 1241 1382 1291 respuunt,
1433 1240 1703 1291 apertissime

110 1310 284 1362 quidem
317 1309 583 1350 disiunctivae
616 1308 984 1361 interrogationes,
1018 1309 1156 1360 qualis
1190 1311 1253 1350 est
1285 1310 1402 1362 apud
1428 1310 1628 1350 Tacitum
1661 1311 1703 1350 in

110 1380 221 1421 Hist.
255 1380 284 1429 I,
318 1380 394 1421 50:
430 1379 553 1420 Nunc
577 1393 660 1432 pro
697 1378 851 1419 Othone
884 1393 940 1419 cm
968 1393 1047 1432 pro
1090 1379 1252 1420 Vitellio
1286 1381 1329 1420 in
1360 1381 1513 1434 templa
1548 1382 1706 1422 ituros?

110 1451 318 1492 Homines
351 1451 496 1492 miseri
528 1451 571 1491 in
604 1450 872 1491 dubitatione
898 1450 1187 1503 inexplicabili
1211 1451 1436 1491 consilium
1460 1453 1702 1504 exquirunt.
1724 1459 1775 1484 210

112 1521 225 1563 Tum
257 1522 301 1562 in
332 1534 488 1574 genere
519 1520 864 1574 interrogationis
897 1520 1204 1573 perfrequenti,
1238 1534 1316 1574 pro
1350 1534 1412 1571 eo,
1448 1522 1564 1574 quod
1588 1525 1705 1564 recta

111 1593 305 1634 oratione
338 1595 421 1633 est:
467 1591 578 1643 Quid
606 1591 783 1644 fecisti?,
833 1605 967 1644 quum
1006 1594 1200 1644 negatur,
1249 1591 1434 1633 alterum
1474 1593 1704 1645 quicquam

111 1663 277 1713 fecisse,
310 1677 397 1705 non
421 1663 586 1713 dicitur,
621 1663 737 1715 quod
758 1667 979 1715 praecepta
1011 1662 1082 1703 illa
1106 1662 1348 1715 postulant:
1386 1663 1497 1714 Quid
1517 1663 1703 1716 fecissff,

112 1734 201 1784 sed,
249 1736 296 1775 ut
335 1735 464 1787 paulo
503 1737 601 1787 post
632 1734 874 1783 ostendam,
924 1736 1190 1774 constanter:
1243 1733 1354 1784 Quid
1383 1734 1578 1786 fecisset?
1620 1735 1704 1776 Po-

112 1807 273 1846 stremo
305 1805 549 1857 Kruegerus
580 1804 685 1845 nihil
718 1805 952 1857 separatim
986 1804 1091 1845 dixit
1123 1804 1175 1844 de
1208 1803 1257 1844 iis
1282 1804 1702 1857 interrogationibus,

113 1889 209 1929 quae
247 1875 369 1917 finita
409 1876 601 1917 oratione
647 1876 965 1916 coniunctivum
998 1875 1184 1923 habent,
1234 1875 1357 1927 quasi
1399 1876 1491 1916 haec
1535 1890 1705 1929 quoque

113 1947 272 1989 forma:
324 1946 435 1998 Quid
464 1946 680 1999 facerem?
724 1946 767 1986 in
799 1946 1057 1987 infinitivum
1091 1946 1282 1987 converti
1314 1947 1471 1998 possit3
1519 1960 1621 1987 nam
1655 1960 1705 1988 ea

113 2030 285 2071 quoque
326 2018 600 2070 negationem
642 2017 833 2069 aliquam
876 2016 1078 2057 continet.
1149 2017 1247 2066 Sed,
1297 2017 1412 2069 quod
1456 2020 1585 2070 caput
1628 2020 1703 2060 est.

112 2091 251 2131 totum
284 2088 389 2130 illud
421 2089 650 2130 discrimen
683 2088 1008 2137 sententiarum,
1043 2102 1127 2141 quo
1160 2090 1294 2130 utitur
1318 2089 1576 2141 Kruegerus,
1609 2089 1705 2129 nul-

113 2160 202 2201 lum
256 2162 334 2201 est.
418 2160 530 2201 Nam
584 2159 750 2200 finitam
804 2159 1009 2200 orationis
1064 2159 1249 2201 formam
1298 2161 1340 2200 et
1387 2158 1705 2200 coniunctivum

114 2231 292 2272 modum
324 2230 498 2272 retineri
530 2232 656 2283 putat
687 2230 730 2270 in
762 2229 811 2270 iis
844 2229 1266 2282 interrogationibus,
1300 2230 1344 2270 in
1370 2230 1526 2282 quibus
1550 2231 1599 2280 is,
1634 2232 1705 2283 qui

113 2302 361 2354 interrogat,
394 2314 495 2342 vere
526 2313 783 2352 responsum
817 2301 1028 2351 requirat;
1062 2314 1224 2351 verum,
1260 2315 1390 2354 quum
1419 2301 1632 2342 continuae
1665 2304 1707 2341 et

115 2377 336 2425 perpetuae
369 2371 476 2412 alius
508 2371 693 2412 hominis
726 2371 932 2412 orationis
972 2374 1275 2424 argumentum
1319 2374 1361 2413 et
1399 2372 1531 2413 series
1572 2371 1706 2412 refer-

114 2444 196 2492 tur,
246 2442 361 2495 quod
400 2443 623 2494 proprium
657 2444 722 2489 est
753 2442 957 2483 orationis
991 2442 1191 2494 obliquae,
1240 2443 1369 2483 nullae
1401 2443 1576 2485 omnino
1609 2446 1708 2484 sunt

116 2513 223 2555 tales
256 2513 626 2566 interrogationes,
662 2525 769 2564 quas
802 2512 850 2561 is,
896 2512 1014 2554 cuius
1047 2513 1232 2554 refertur
1265 2515 1415 2563 oratio,
1457 2514 1517 2554 sic
1549 2527 1707 2567 propo-

211 2655 328 2698 prima
353 2655 544 2696 sententia,
583 2655 645 2688 sed
679 2654 788 2688 etiam
822 2653 858 2686 in
890 2653 1049 2687 secunda
1075 2654 1251 2688 retinetur
1277 2654 1393 2688 forma
1420 2653 1708 2697 interrogationis

210 2714 401 2757 pendentis
438 2712 499 2751 (ne
538 2713 618 2757 quis
650 2714 793 2755 plaeere
831 2712 937 2746 scribi
975 2711 1100 2754 malit).
1151 2712 1227 2746 Lib.
1253 2712 1426 2753 XXXVII,
1460 2712 1514 2753 15,
1551 2712 1568 2744 1
1602 2712 1708 2746 inter-

211 2773 336 2817 positae
362 2772 398 2806 in
432 2773 533 2806 initio
566 2771 738 2806 orationis
769 2770 895 2804 alienae
927 2782 1033 2804 voces
1069 2772 1163 2813 Quid
1196 2773 1366 2805 tandem?
1400 2782 1472 2805 non
1504 2770 1708 2814 prohibent,

213 2842 284 2875 quo
310 2831 430 2865 minus
456 2832 574 2875 prima
599 2830 779 2864 sententia
804 2830 972 2874 pendeat.
1012 2829 1143 2872 [Etiam
1169 2830 1267 2873 apud
1292 2829 1459 2863 Tacitum
1482 2829 1570 2862 Hist.
1592 2829 1635 2869 II,
1665 2827 1707 2869 74

212 2890 329 2934 prima
359 2891 436 2924 haec
467 2890 716 2933 interrogatio:
757 2891 837 2932 quis
877 2890 931 2923 ille
969 2891 1043 2923 dies
1078 2891 1171 2932 foret
1203 2893 1270 2924 cet.
1302 2899 1450 2933 prorsus
1483 2886 1709 2921 subnectitur

213 2949 323 2984 verbo
347 2950 548 2993 reputabat.
600 2946 718 2991 1842]
