1915 3235
955 108 1007 147 16

373 239 541 291 Quique
574 237 688 278 acies
721 236 905 289 Libycas
936 236 1224 287 Romanaque
1257 234 1409 288 proelia
1441 234 1565 285 dixit;

129 322 162 347 20
183 324 233 352 ex
266 324 364 363 quo,
399 322 530 362 quum
566 307 929 361 perverse-idem,
970 306 1042 359 qui
1074 305 1369 358 superioribus
1401 306 1611 356 versibus,
1644 306 1774 360 signi-

179 381 299 422 ficari
330 381 569 433 putaretur,
619 377 854 419 admodum
888 377 1082 430 suspicor
1123 381 1321 418 exortum
1361 389 1469 427 esse,
1518 377 1635 430 quod
1673 391 1715 430 p.
1749 378 1775 418 3

182 450 205 503 ἓ
240 452 261 492 1
297 436 340 492 in
373 449 627 503 fragmentis
660 448 827 500 legitur:
875 447 1094 488 Terentius
1135 447 1274 488 Varro
1313 448 1358 488 in
1390 447 1550 488 Punico
1584 447 1684 488 bello
1714 449 1776 489 ita

181 522 326 562 cecinit
372 520 422 561 de
472 519 744 573 Carthayim‘s
791 515 976 570 oetate¹)‚
1030 518 1146 571 quod
1192 518 1394 560 Varronis
1447 531 1556 571 opus
1603 518 1777 560 aliunde

182 591 374 644 ignotum
407 594 518 638 erat;
553 589 633 630 etsi
665 589 749 630 alia
781 602 953 642 quoque
985 589 1099 630 male
1129 589 1318 642 fingendi
1351 601 1484 629 causa
1517 601 1612 630 esse
1636 589 1778 642 potuit

182 661 237 702 ab
271 660 423 702 Ovidio
461 663 642 701 remota.
706 661 816 701 Nam
856 660 900 701 in
938 660 1031 701 loco
1062 659 1270 701 Prisciani
1309 674 1350 712 p.
1393 659 1475 701 877
1518 659 1693 700 Putsch.
1733 658 1777 699 in

182 731 491 783 antiquissimis
525 730 784 772 editionibus
817 732 860 772 et
898 731 990 772 sine
1023 731 1154 772 dubio
1187 731 1230 772 in
1263 730 1524 784 quibusdam
1558 729 1777 771 codicibus

183 801 424 854 legebatur:
483 801 621 841 Varro
661 801 755 842 belli
785 803 937 856 punici
959 802 1193 857 sequemet
1232 801 1337 842 libro
1367 800 1558 850 secundo,
1607 813 1660 841 ex
1691 813 1777 853 quo

182 870 282 913 loco'
307 872 485 913 ductum
526 875 591 913 est
624 872 767 922 etiam,
817 873 933 926 quod
971 873 1015 914 in
1054 873 1250 926 catalogo
1290 872 1547 925 scriptorum
1581 871 1635 912 M.
1668 870 1776 912 Var-

182 942 296 983 ronis
328 942 372 982 in
404 942 600 984 biblioth.
635 944 728 984 Lat.
761 942 946 985 Fabricii
979 942 1127 983 bellum
1160 941 1367 982 Punicum
1398 941 1625 983 seeundum
1658 954 1777 983 com-

182 1017 461 1054 memoratur.
524 1014 587 1054 Ex
618 1014 814 1067 proximo
847 1027 993 1055 versu:

359 1084 412 1125 Et
444 1085 618 1135 Marius,
652 1085 799 1138 scripti
833 1085 983 1126 dexter
1014 1085 1057 1126 in
1089 1097 1217 1126 omne
1249 1097 1396 1137 genus,

184 1155 384 1196 effectum
425 1158 490 1196 est
520 1169 562 1208 p.
596 1156 623 1197 5
656 1154 678 1208 ἓ
712 1156 757 1197 9;
815 1156 858 1197 C.
894 1156 1064 1197 M'arius
1104 1157 1147 1196 in
1186 1156 1320 1196 variis
1358 1155 1629 1196 carminibus.
1692 1154 1777 1196 Sed

182 1239 397 1279 nusquam
437 1226 639 1279 apertior,
688 1240 937 1279 quanquam
978 1226 1139 1279 ubique
1179 1229 1349 1279 aperta,
1398 1225 1516 1266 fraus
1565 1239 1695 1283 quam
1735 1225 1779 1267 in

184 1297 245 1347 iis,
280 1310 376 1349 quae
410 1297 576 1338 effinxit
608 1311 660 1338 ex
692 1298 888 1339 versibus
921 1298 977 1339 25
1010 1300 1052 1338 et
1084 1298 1158 1338 26:

362 1368 698 1421 Trinacriusque
731 1382 821 1410 suae
853 1368 1080 1410 Perseidos
1113 1371 1276 1417 auctor,
1311 1371 1349 1408 et
1384 1369 1536 1426 auctor

363 1439 607 1480 Tantalidae
640 1439 809 1480 reducis
843 1439 1203 1493 Tyndaridosque
1237 1440 1395 1491 Lupus.

184 1509 294 1550 Nam
328 1522 461 1562 quum
494 1510 562 1551 hic
595 1510 666 1551 alii
698 1524 833 1552 unum
874 1511 1141 1564 scriptorem,
1186 1510 1390 1560 Siculum,
1432 1509 1661 1562 significari
1699 1523 1780 1563 pu-

183 1582 339 1630 tarent,
373 1580 443 1621 alii
477 1581 598 1631 duos,
633 1584 784 1623 cautus
817 1583 948 1623 homo
972 1583 1218 1633 utrumque,
1252 1580 1622 1633 quemadmodum
1650 1593 1782 1633 supra

184 1650 228 1690 in
260 1650 420 1692 Severo
452 1651 565 1702 fecit,
600 1653 721 1706 sequi
754 1653 900 1694 voluit.
949 1652 1142 1693 Primum
1176 1651 1301 1704 quasi
1333 1664 1444 1692 unus
1478 1651 1635 1692 citatur
1658 1665 1700 1704 p.
1727 1651 1781 1692 13

186 1719 207 1772 ξ
241 1721 317 1762 61;
352 1721 500 1775 Lupus
533 1723 698 1764 Siculus
730 1725 775 1764 in
809 1723 1000 1764 Menelao
1031 1722 1262 1777 trstyoedt’cu
1306 1721 1461 1762 deinde
1495 1735 1546 1763 ex
1579 1736 1665 1764 uno
1697 1722 1782 1764 duo

184 1792 305 1842 fiunt,
346 1793 535 1845 primum
568 1808 609 1847 p.
646 1794 698 1835 13
732 1793 754 1846 ξ
788 1795 866 1836 62:
919 1795 1095 1845 Quintus
1141 1792 1393 1833 Trinacrius
1431 1798 1621 1847 usurpat,
1662 1798 1707 1834 ut
1737 1794 1784 1834 in

188 1863 354 1914 Perseo⁷
403 1867 496 1906 tum
536 1865 689 1906 eadem
728 1866 887 1918 pagina
926 1864 949 1917 ξ
982 1865 1057 1906 64:
1107 1864 1176 1904 Sic
1222 1864 1342 1904 illam
1386 1863 1437 1904 cle
1481 1878 1523 1905 se
1570 1869 1607 1905 et
1643 1877 1784 1905 sorore

190 1935 378 1975 ultionem
414 1937 581 1990 scripsit
614 1935 761 1990 Lupus
795 1937 979 1977 Anilius.
1040 1936 1159 1976 Idemv
1191 1934 1335 1975 scrith
1369 1935 1411 1974 in
1444 1935 1602 1976 Helene
1633 1940 1783 1990 trayoe-

187 2005 274 2046 dia.
337 2006 539 2048 Proximo
573 2007 712 2048 Ovidii
745 2021 871 2048 Versu
905 2007 1059 2048 dicitur
1090 2006 1245 2059 aliquis
1284 2005 1512 2047 Maeoniam
1552 2005 1784 2048 Phaeacida

186 2076 378 2127 vertisse,
428 2091 557 2130 quem
598 2078 859 2119 Tuticanum
899 2092 1005 2128 esse,
1055 2091 1107 2119 ex
1147 2077 1269 2130 epist.
1309 2076 1436 2117 huius
1475 2077 1570 2118 libri
1613 2077 1679 2127 12,
1728 2077 1781 2118 27

189 2147 447 2200 intelligitur.
496 2149 605 2189 Fieri
638 2152 785 2190 tamen
818 2152 974 2202 potest,
1008 2151 1055 2190 ut
1087 2149 1186 2189 hinc
1217 2151 1345 2189 natus
1378 2148 1432 2188 sit
1464 2147 1682 2188 inauditus
1715 2147 1785 2188 ille

134 2236 163 2260 21
189 2218 238 2259 T.
272 2218 433 2267 Verax;
467 2219 746 2272 interpretem
779 2220 949 2261 videtur
981 2222 1095 2261 hunc
1127 2221 1257 2260 homo
1290 2218 1528 2272 significare
1560 2232 1602 2271 p.
1626 2218 1653 2259 5
1682 2217 1705 2270 ἓ
1736 2219 1783 2259 6;

194 2288 240 2329 Τ.
284 2289 424 2330 Verasc
465 2291 507 2330 in
547 2304 620 2331 suo
658 2292 742 2331 sive
782 2291 1006 2332 Homerico
1054 2287 1237 2341 Ulixem)
1307 2290 1393 2331 Sed
1435 2289 1630 2341 sequitur
1668 2289 1786 2342 apud

189 2359 409 2401 Ovidium:

913 2436 954 2474 et
987 2446 1073 2473 una

459 2502 699 2544 Pindaricae
732 2504 887 2544 fidicen
919 2506 966 2544 tu
999 2516 1184 2556 quoque,
1219 2502 1346 2551 Rufe,
1380 2502 1506 2555 lyrae;

190 2586 241 2613 ex
274 2586 358 2624 quo
391 2573 434 2613 in
474 2573 724 2626 fragmentis
765 2577 829 2614 est
860 2588 902 2626 p.
935 2576 963 2615 4
995 2573 1017 2626 ἓ
1051 2574 1097 2615 2;
1141 2573 1357 2614 Cornelius
1390 2572 1533 2625 Rufus
1566 2574 1610 2613 in
1642 2573 1787 2627 lyricis

191 2645 250 2683 elta
287 2643 507 2684 subscribit
527 2677 653 2685 .....
720 2644 837 2685 Idem
877 2645 1020 2698 Rufus
1058 2646 1103 2685 in
1143 2643 1379 2685 Pindaricct
1420 2644 1696 2693 oeonulcttiona
1745 2646 1787 2684 et

192 2716 345 2756 iterum
385 2714 407 2767 ἕ
441 2715 487 2756 5:
540 2715 756 2756 Cornelius
796 2715 939 2768 Rufus
980 2717 1023 2756 in
1063 2715 1299 2756 Pindarica
1345 2714 1626 2764 (mmmmm,
1676 2713 1786 2755 adeo

230 2877 257 2922 ¹)
284 2879 354 2913 Cfr.
381 2891 415 2923 p.
445 2879 463 2912 7
490 2878 510 2922 ξ
539 2879 593 2913 14.

229 2936 258 2978 ²)
285 2938 356 2972 Cfr.
383 2950 417 2982 p.
445 2938 489 2971 13
515 2937 535 2980 ἓ
563 2938 624 2971 6οε
658 2939 694 2972 Τ.
729 2939 846 2972 Veram
871 2940 909 2971 in
941 2939 1106 2982 Odyssea.
