1915 3235
107 978 141 1002 50

919 133 1006 173 444

283 260 486 301 Extremo
520 261 660 314 capite
694 260 784 314 (57)
818 275 950 314 prave
983 262 1111 303 scribi
1144 265 1269 315 puto:
1303 263 1499 304 obiectum
1532 268 1589 304 est
1621 265 1759 317 ctiam,

164 332 272 387 qnod
320 333 363 372 ite«
409 331 563 372 tribum
614 332 929 373 Crustzmzetmm
978 332 1063 386 (vel
1109 333 1251 386 potius
1303 333 1453 384 Clusa,
1508 336 1555 375 ut
1604 336 1670 375 est
1716 334 1759 375 in

163 402 326 455 PABE)
379 404 551 451 reneri&
599 416 739 456 neque
788 404 900 444 enim
949 405 992 445 in
1039 404 1284 457 opininione
1332 404 1375 445 id
1416 404 1546 445 situm
1587 407 1679 446 erat
1719 408 1761 446 et

164 474 473 517 criminatione.
522 474 599 516 sed
642 488 709 516 res
754 475 951 516 confessa
990 475 1295 524 obiiciebatur;
1343 475 1489 528 itaque
1529 476 1761 528 requiritur

163 547 284 588 renz't.

280 618 327 658 In
367 616 507 669 capite
547 616 616 666 26,
657 613 758 669 59¹)
800 617 959 658 editur:
1009 616 1105 657 Non
1152 617 1271 658 morlo
1318 631 1400 658 non
1448 617 1669 658 assultavit
1716 618 1758 657 in

161 690 300 730 ruinis
330 689 484 729 nostris
530 688 755 742 ‘vestrisque
794 687 1019 728 discordiis
1060 687 1288 740 Cornelias,
1336 688 1408 729 sed
1447 689 1560 728 emm?
1607 687 1758 741 officio,

161 761 361 811 lacrimis,
395 773 535 813 opera,
577 759 850 799 consolatione
882 772 1032 811 omncs,
1065 773 1128 800 mc
1161 759 1336 812 absente,
1377 772 1485 800 meos
1517 758 1757 800 sublevavit.

160 832 207 872 In
241 831 458 872 codicibus
490 829 600 870 PAE
634 832 699 870 est
731 831 877 870 vestris
910 831 1151 885 nostrisque,
1201 831 1244 871 in
1277 830 1369 872 aliis
1403 831 1531 872 aliter
1565 843 1759 871 commu-

159 905 308 944 tantur
340 901 610 954 pronomina,
658 901 701 941 in
746 913 831 952 qua
874 914 919 941 re
964 901 1116 954 exigua
1160 904 1225 942 est
1268 902 1463 942 codicum
1509 901 1758 943 auctoritas.

161 973 246 1014 Sed
279 972 516 1013 discordias·
547 972 628 1013 hoc
660 972 753 1013 loco
786 972 1060 1013 incommode
1092 973 1319 1023 nominari,
1361 973 1557 1014 Ernestio
1598 974 1641 1013 et
1673 971 1758 1014 Ga—

158 1043 326 1085 ratonio
359 1043 591 1092 assentior3
639 1056 742 1084 nam
775 1056 907 1095 supra
940 1043 1102 1093 Cicero,
1152 1057 1286 1096 quum
1329 1056 1502 1085 omnem
1545 1057 1637 1084 rem
1677 1056 1758 1096 pu-

159 1115 317 1156 blicam
351 1115 674 1167 contrariasque
709 1114 838 1155 etiam
880 1113 961 1155 sibi
994 1114 1177 1156 Caesaris
1217 1116 1259 1155 et
1290 1114 1414 1155 Balbi
1454 1116 1599 1167 partes
1641 1127 1758 1155 com-

158 1185 441 1238 plectebatur,
475 1189 591 1226 recte
632 1187 674 1226 in
714 1186 867 1226 nostris
906 1185 1131 1227 discordiis
1170 1186 1295 1235 dixit;
1345 1199 1508 1235 eorum,
1559 1185 1631 1238 qui
1662 1187 1758 1226 turn

158 1256 470 1310 aliquantisper
502 1256 601 1297 victi
635 1259 747 1307 sunt,
798 1257 840 1297 in
881 1269 1063 1309 quorum
1097 1258 1378 1310 oppressione
1410 1259 1540 1310 negat
1572 1256 1757 1297 Balbum

159 1328 417 1378 exsultasse,
468 1327 692 1368 discordiae
739 1328 869 1368 nullae
917 1330 1060 1377 erant3
1110 1330 1153 1368 et
1200 1341 1350 1369 omnes
1398 1327 1559 1369 iudices
1610 1326 1758 1368 Cicero

157 1401 368 1450 tanquam
412 1411 589 1439 suarum
634 1398 677 1438 in
722 1398 793 1439 illa
837 1398 1103 1440 dissensione
1136 1399 1326 1452 partium
1358 1399 1589 1452 alloquitur
1620 1398 1757 1450 iisque

157 1469 343 1510 Balbum
377 1469 431 1510 ob
471 1469 814 1510 moderationem
855 1469 1145 1511 commendat.
1209 1469 1397 1511 Omnino
1436 1473 1533 1522 post
1572 1469 1664 1510 illa:
1713 1469 1755 1509 in

157 1554 220 1581 me
252 1554 378 1581 anam
416 1564 471 1568 —
504 1540 766 1590 incumberet,
800 1553 846 1581 se
880 1540 1019 1581 solum
1043 1554 1208 1593 suaque
1233 1554 1573 1583 commemorare
1598 1542 1754 1593 potest.

159 1613 244 1654 Sed
276 1612 468 1665 apertius
502 1612 591 1653 fere
624 1612 971 1653 additamentum
1004 1611 1046 1652 in
1078 1612 1284 1664 proximis
1316 1625 1444 1653 nemo
1472 1612 1613 1653 adhuc
1638 1610 1756 1652 Vidit.

158 1684 300 1734 Quam
333 1686 397 1725 est
431 1683 546 1724 enim
584 1683 833 1723 ridiculum:
883 1683 1073 1723 lacrimis
1111 1696 1219 1723 meos
1258 1683 1504 1723 sublevavit!
1548 1682 1664 1735 quod
1702 1694 1756 1723 ne

158 1754 373 1796 Ciceronis
407 1755 533 1807 culpa
565 1753 792 1795 ridiculum
837 1767 930 1795 esse
970 1757 1158 1807 putetur,
1207 1754 1410 1807 prohibet
1448 1754 1635 1806 primum
1674 1766 1756 1794 nu-

157 1826 265 1867 meri
298 1825 611 1875 dissimilitudo,
661 1825 817 1878 plurali
856 1826 937 1867 hoc
976 1839 1061 1867 uno
1101 1826 1212 1866 inter
1243 1826 1326 1866 tria
1358 1825 1591 1878 singularia
1623 1824 1755 1865 inter-

158 1897 280 1947 iecto,
316 1897 471 1938 deinde
504 1897 651 1949 inepta
685 1899 727 1938 et
759 1897 1075 1939 coacervationi
1117 1897 1331 1938 contraria
1364 1895 1582 1949 separatio
1615 1895 1755 1936 notio-

157 1981 260 2008 num
301 1970 604 2020 cognatarum3
652 1981 755 2009 nam
798 1967 949 2021 officio,
998 1982 1124 2022 opera
1167 1967 1411 2009 necessario
1455 1966 1754 2019 coniungenda

157 2042 270 2080 sunt.
320 2039 408 2080 Nec
440 2039 553 2079 omne?
585 2038 641 2079 ad
673 2039 874 2080 lacrimas
906 2042 1056 2092 aptum
1091 2041 1167 2088 est,
1203 2039 1259 2080 ad
1291 2041 1434 2080 cetera
1465 2038 1549 2079 tria
1581 2037 1754 2090 aptissi-

158 2123 291 2150 mum.
355 2110 453 2159 Sed,
503 2112 551 2151 ut
594 2109 748 2159 dicam,
797 2110 913 2163 quod
954 2110 1105 2159 sentio,
1154 2110 1248 2152 illas
1292 2110 1491 2152 lacrimas
1532 2122 1619 2150 non
1652 2121 1754 2150 casu

156 2193 281 2233 paene
314 2180 552 2221 incredibili
584 2180 652 2222 hic
685 2184 815 2231 ortas,
857 2181 933 2222 sed
973 2194 1024 2222 ex
1057 2182 1277 2234 superiore
1310 2194 1437 2222 versu
1469 2180 1554 2221 huc
1587 2179 1753 2221 delatas

192 2378 219 2423 ¹)
247 2380 352 2414 Initio
379 2381 505 2424 capitis
531 2379 605 2424 (57)
631 2380 668 2415 in
695 2392 737 2415 eo
763 2380 896 2423 codice,
930 2392 973 2415 ex
1000 2392 1071 2425 quo
1099 2381 1212 2415 nostri
1239 2381 1307 2415 orti
1334 2384 1429 2422 sunt,
1457 2380 1542 2414 fuit:
1575 2382 1613 2413 m
1639 2381 1753 2413 circu·

249 2441 294 2473 lis
322 2441 450 2474 idcirco
477 2441 639 2474 vellicant
665 2439 799 2483 (PABE
826 2440 914 2475 Oxx.
941 2440 990 2483 4),
1029 2441 1091 2474 sed
1125 2440 1214 2474 nihil
1248 2440 1284 2473 in
1318 2451 1359 2474 eo
1393 2440 1539 2484 vulgata
1575 2439 1752 2483 scriptura

249 2498 370 2533 verius
395 2499 507 2532 latere
535 2502 638 2542 puto;
667 2499 796 2534 deinde
821 2511 887 2544 pro
913 2501 1083 2534 maledico
1110 2501 1210 2533 dente
1236 2499 1273 2532 in
1299 2499 1326 2532 P
1347 2497 1441 2541 [AB]
1469 2502 1523 2533 est
1549 2500 1751 2539 maleolente,

249 2557 286 2591 in
312 2557 339 2590 E
365 2558 575 2591 maleolentes
601 2558 698 2599 (hinc
724 2558 761 2592 in
787 2558 876 2593 Oxx.
903 2558 924 2591 4
951 2557 1202 2599 maledicente).
1249 2557 1335 2592 Mihi
1361 2557 1509 2601 quidem
1535 2559 1621 2591 dens
1646 2558 1752 2591 male-

249 2617 350 2650 dicus
376 2627 448 2649 non
475 2617 610 2659 placet3
639 2628 724 2651 nam
751 2617 864 2651 animi
890 2617 1041 2651 affectus
1068 2628 1141 2651 non
1168 2617 1292 2660 inepte
1318 2616 1506 2650 transferri
1532 2616 1577 2650 ad
1604 2616 1752 2650 dentem

251 2678 370 2718 potest
407 2674 461 2717 (ut
498 2677 666 2709 inimicus
699 2671 863 2719 dicatur),
903 2676 979 2710 eius
1018 2676 1069 2710 rei
1106 2675 1338 2717 adiectivum,
1377 2675 1479 2710 cuius
1517 2675 1595 2718 ipsa
1632 2674 1751 2718 imago

250 2734 339 2768 dens
377 2744 528 2777 carpens
567 2738 631 2775 est,
670 2735 847 2769 sermonis
885 2735 1008 2775 invidi,
1048 2734 1272 2778 ineptissime
1310 2734 1544 2775 transfertur,
1583 2737 1623 2768 ut
1662 2734 1751 2767 dens

249 2794 355 2827 dicat.
418 2792 583 2827 Fortasse
627 2793 694 2827 fuit
737 2795 894 2836 maliyno
939 2795 1049 2827 (lente.
1112 2793 1280 2827 Codicem
1325 2793 1564 2837 archetypum
1609 2792 1646 2826 in
1683 2792 1751 2826 hae

250 2855 413 2885 extrema
450 2855 553 2894 parte
592 2851 695 2885 valde
733 2852 962 2896 indiligenter
999 2852 1174 2896 scriptum
1212 2851 1340 2893 fuisse,
1379 2851 1496 2885 multa
1534 2851 1745 2887 ostendunt;

250 2920 316 2944 nec
360 2909 513 2951 librarii,
564 2910 626 2954 qui
670 2910 909 2945 Parisiensem
959 2911 1118 2955 scripsit,
1170 2911 1214 2945 ad
1260 2910 1371 2945 finem
1416 2910 1625 2955 perduravit
1671 2909 1750 2944 dili-

251 2968 382 3017 gentia.
