1915 3235
888 106 972 148 733

132 236 248 276 vellet
275 235 372 288 fieri
403 240 477 276 aut
506 235 682 290 denique
717 235 814 288 fieri
836 249 958 290 posse
998 235 1311 277 arbitraretur?
1355 236 1440 278 Sed
1478 237 1643 290 longius
1683 238 1726 279 id

133 305 326 346 discedit.

249 375 357 416 Phil.
390 375 497 425 XIV,
532 375 571 426 3,
612 376 658 417 8:
706 376 786 429 vel,
834 377 871 417 si
918 378 1042 417 etiam
1081 377 1144 417 dii
1181 377 1363 427 oderint,
1412 390 1511 432 quos
1556 383 1724 431 oportet,

131 446 315 486 omnium
378 445 563 486 deorum.
651 446 800 488 Scribe
864 447 1052 488 oderunt.
1149 447 1416 488 Coniunctivi
1474 461 1606 489 causa
1669 461 1724 490 ne

130 515 231 568 fingi
273 515 448 568 quidem
489 519 645 568 potest.
708 517 761 557 Et
802 517 927 558 video
970 531 1120 558 verum
1161 531 1213 558 ex
1245 517 1382 559 Oxon.
1416 518 1552 560 altero
1591 532 1724 560 anno-

131 586 226 626 tari.
240 582 273 637 l)

248 655 340 696 Ibd.
369 658 408 706 6,
446 656 499 697 15
531 656 688 697 fuitne:
719 656 885 709 furiis
909 659 1052 711 potius
1083 660 1171 699 suis
1202 673 1328 713 quam
1361 661 1422 700 rei
1445 659 1628 713 publicae
1660 661 1721 701 iu-

126 726 302 779 felicem,
337 729 384 768 ut
414 726 599 768 furiosos
630 727 826 768 homines
860 740 910 768 eo
944 729 1195 782 congregari
1226 729 1372 771 solitos
1405 730 1641 783 significet?

246 797 338 838 Ibd.
373 797 418 846 7,
464 797 538 838 19:
586 797 806 838 Poteratne
845 797 961 850 fieri,
1009 804 1054 839 ut
1100 813 1183 841 nou
1223 800 1404 853 perinde
1445 800 1631 841 homiues
1671 801 1722 841 de

128 881 296 922 quoque,
337 873 381 908 ut
413 869 582 922 quisque
613 873 854 921 mereretur,
892 868 1159 910 iudicarent?
1201 870 1361 911 Parum
1393 873 1509 912 recte
1541 871 1635 912 haec
1666 871 1723 912 ad

127 951 262 979 unum
305 938 513 991 praeteriti
554 938 761 991 temporis
803 941 1013 991 punctum
1057 940 1209 981 referri
1250 940 1462 991 videntur,
1512 942 1627 994 quod
1666 955 1722 983 ne
1781 951 1785 956 ⁴

127 1009 414 1061 significatum
446 1009 621 1061 quidem
653 1008 758 1050 satis
792 1012 870 1060 est,
905 1023 1034 1063 quum
1069 1011 1312 1063 praesertim
1343 1012 1582 1064 praecedat:
1615 1012 1722 1053 Hoec

118 1093 218 1133 pop.
266 1079 386 1120 Rom.
434 1079 574 1120 videre
622 1102 675 1106 —
731 1080 905 1134 quidam
950 1081 1113 1122 moleste
1156 1081 1303 1134 ferunt
1349 1080 1452 1134 (non
1496 1081 1719 1135 ferebant).

126 1150 229 1190 Mihi
277 1150 424 1192 Cicero
472 1150 669 1191 universe
715 1150 809 1191 haec
856 1151 1014 1192 dixisse
1063 1152 1253 1193 videtur:
1308 1151 1569 1192 Poteritne
1609 1152 1719 1206 fieri,

127 1226 169 1261 ut
216 1234 298 1261 non
335 1220 515 1274 perinde
561 1220 745 1262 homines
791 1221 842 1262 de
888 1235 1057 1277 quoque,
1106 1228 1150 1263 ut
1197 1223 1365 1277 quisque
1411 1228 1604 1275 meretur,
1652 1224 1720 1264 iu-

126 1291 292 1331 dicent?

243 1361 335 1402 Ibd.
365 1363 403 1412 8,
438 1361 514 1402 23:
560 1361 699 1402 Grave
739 1362 887 1403 bellum
931 1363 1207 1404 Octavianum
1240 1364 1466 1404 insecutum
1499 1368 1580 1415 est;
1622 1378 1718 1417 sup-

116 1433 292 1486 plicatio
338 1432 483 1473 Cimice
524 1433 644 1473 nulla
674 1432 871 1475 'victor-is.
953 1434 1102 1475 Cinnae
1144 1447 1304 1475 nomen
1348 1447 1400 1474 ex
1439 1434 1717 1476 annotatione

124 1502 291 1543 illatum
339 1516 433 1544 esse
480 1503 621 1556 arguit
665 1517 827 1556 pravus
874 1504 1105 1545 verborum
1153 1504 1271 1554 ordo,
1327 1504 1468 1557 arguit
1513 1505 1717 1546 orationis

124 1573 264 1614 forma
306 1578 348 1614 et
389 1574 519 1615 trium
565 1574 862 1616 membrorum
905 1575 1151 1628 aequalitas:
1201 1574 1527 1628 Supplicatiouis
1567 1577 1717 1617 mentio

123 1644 254 1694 nulla,
296 1644 471 1685 deinde:
512 1645 760 1698 supplicatio
798 1645 918 1685 nulla
948 1646 1128 1695 victoris,
1168 1648 1281 1686 tum:
1321 1646 1438 1686 nulla
1470 1647 1718 1700 supplicatio

124 1715 289 1755 decreta
322 1729 345 1755 a
379 1720 539 1756 senatu.
608 1715 845 1757 Hominum
888 1716 1065 1756 nomina
1107 1718 1327 1768 ponuntur
1367 1716 1412 1756 in
1452 1716 1554 1768 ipsis
1594 1716 1742 1757 bellisv

123 1785 434 1838 significandis:
486 1785 614 1826 Civile
661 1785 810 1826 bellum
856 1787 996 1826 consul
1036 1786 1157 1826 Sulla
1196 1787 1338 1840 9essit,
1386 1788 1502 1827 tum:
1552 1785 1716 1827 Octavi-

124 1870 252 1896 anum
295 1856 456 1906 bellum,
500 1859 741 1909 postremo:
793 1855 938 1897 Cinna>
979 1858 1196 1897 victoriam
1237 1858 1466 1910 imperator
1512 1858 1622 1898 ultus
1661 1862 1718 1898 cst

125 1925 257 1967 Sulla.

241 1998 333 2038 Ibd.
372 1998 444 2047 14,
489 1997 543 2038 38
587 1996 799 2050 (extrema
841 1997 1076 2049 oratione):
1122 2003 1166 2038 ut
1208 2003 1333 2038 exstet
1375 1997 1431 2038 ad
1471 1999 1716 2038 memoriam

115 2069 377 2121 posteritatis
432 2069 746 2122 sempiternam,
807 2068 863 2108 ad
916 2069 1046 2109 scelus
1099 2068 1481 2108 crudelissimorum
1538 2068 1715 2109 hostium

123 2139 380 2193 militumque
427 2139 615 2179 (lisinam
662 2140 867 2180 virtutem.
954 2139 1085 2180 Miror
1131 2142 1221 2179 tam
1268 2139 1483 2191 patienter
1530 2138 1714 2180 editores

122 2209 216 2250 haec
247 2209 408 2250 tulisse.
472 2209 578 2259 Quae
611 2212 675 2250 est
715 2210 829 2250 enim
861 2210 998 2251 maior
1037 2212 1113 2250 aut
1151 2209 1418 2250 manifestior
1455 2208 1714 2261 perversitas

124 2293 255 2333 quam
285 2282 617 2321 monumentum
649 2280 732 2321 dici
764 2282 933 2321 exstare
966 2280 1023 2320 ad
1054 2280 1183 2320 scelus
1221 2279 1398 2320 hostium
1438 2281 1480 2319 et
1519 2279 1576 2319 ad
1606 2280 1715 2320 mili-

122 2355 208 2391 tum
248 2351 441 2392 virtutem
490 2356 565 2392 aut
605 2351 802 2403 coniungi
840 2353 1051 2403 tanquam
1093 2363 1144 2390 ex
1183 2349 1335 2390 eodem
1374 2362 1530 2402 genere
1568 2363 1715 2390 memo-

122 2421 233 2461 riam
268 2422 528 2475 posteritatis
576 2422 870 2474 sempiternam
921 2423 963 2461 et
1011 2421 1141 2461 scelus
1187 2420 1396 2461 hostium?
1443 2420 1534 2461 Nisi
1576 2420 1712 2472 fallor,

123 2490 270 2533 Cicero
302 2491 493 2545 scripsit:
541 2496 592 2532 ut
632 2495 848 2532 testetur
892 2490 948 2531 ad
990 2491 1236 2531 memoriam
1266 2492 1527 2544 posteritatis
1567 2492 1714 2545 sempi-

121 2565 285 2602 ternam
316 2562 445 2602 scelus
476 2562 859 2603 crudelissimorum
900 2561 1077 2602 hostium
1115 2562 1373 2615 militumque
1411 2562 1599 2602 divinam
1630 2563 1714 2602 vir-

122 2635 260 2672 tutem.
326 2631 497 2672 Initium
544 2632 691 2673 mendi
737 2646 762 2673 a
809 2632 951 2673 littera
997 2637 1013 2672 t
1058 2631 1192 2672 semel
1239 2631 1417 2684 scripta,
1468 2645 1600 2684 quum
1647 2632 1713 2673 bis

123 2701 251 2742 scribi
299 2702 477 2744 deberet
530 2702 592 2756 (ut
646 2707 812 2754 estetur,
869 2702 1023 2744 deinde
1076 2707 1122 2743 ut
1174 2707 1316 2751 eoestet;
1371 2705 1463 2743 tum
1517 2702 1712 2743 additum

160 2852 188 2896 ¹)
215 2853 307 2897 [Hoc
332 2855 498 2890 Halmius
524 2866 562 2889 se
589 2866 732 2898 quoque
759 2854 954 2889 correxisse
981 2853 1130 2898 scribit]
