1915 3235
837 91 921 133 679

80 225 123 266 in
155 223 342 277 nefando
372 224 500 264 nimis
529 236 608 276 pro
640 222 766 263 nimis
797 221 996 274 nefando,
1028 233 1108 262 nec
1131 218 1436 261 animadvertit
1458 218 1517 258 sic
1539 216 1676 258 multo

82 295 213 337 etiam
245 293 606 335 incredibiliorem
639 293 824 334 formam
859 292 989 333 effici:
1037 295 1121 332 tam
1165 289 1352 343 nefando
1382 288 1522 329 nimis.
1585 287 1676 340 Ap-

81 367 217 420 paret,
265 365 393 406 nimis
422 363 797 416 interpretamenti
829 363 922 404 loco
966 362 1020 404 ad
1053 361 1236 403 severius
1267 359 1533 412 adscriptum
1567 370 1675 399 esse.

81 436 212 478 Miror
243 434 432 484 omnino,
479 447 567 475 non
607 433 803 475 diffidere
845 433 926 475 sibi
967 433 1011 474 in
1048 433 1124 474 tali
1157 430 1446 484 disputatione
1479 429 1676 470 homines

82 506 191 548 adeo
223 518 311 547 non
342 504 508 546 Latinae
540 504 746 546 orationis
778 504 934 546 idonea
956 503 1134 546 scientia
1156 503 1400 552 instructos,
1434 504 1481 541 ut
1497 504 1677 554 proeter-

83 577 242 618 misisse
282 578 325 617 et
347 575 736 630 praetermissurum
765 574 898 628 fuisse
929 576 1178 628 permutent
1210 572 1269 626 (p.
1303 570 1376 624 50)
1416 571 1586 624 aliaque
1625 569 1678 611 si-

82 647 201 689 milia
232 647 410 688 minime
441 658 541 687 raro
574 645 859 687 committant.

201 717 287 759 Sed
317 718 510 770 praestat,
544 716 704 758 omissa
736 716 952 758 refutandi
987 718 1030 757 et
1051 713 1397 768 reprehendendi
1428 711 1678 761 acerbitate,

85 789 193 830 duas
224 801 294 829 res
325 788 515 829 breviter
547 788 771 840 attingere,
806 800 904 840 quae
936 786 992 828 ad
1024 788 1162 828 totam
1195 785 1308 826 hanc
1331 797 1421 825 rem
1445 783 1681 837 prudenter

81 858 358 901 iudicandam
392 858 517 900 valde
550 858 779 911 pertinent.
829 858 1024 899 Primum
1057 857 1171 897 enim
1203 855 1391 897 Sallustii
1425 853 1682 896 auctoritate

83 931 143 971 sic
176 929 352 983 quidam
385 931 578 979 utuntur,
628 930 751 982 quasi
791 929 826 970 is
865 928 1068 970 minimas
1103 928 1233 968 etiam
1266 939 1411 968 rerum
1445 924 1680 978 particulas

83 999 411 1053 incomparabili
450 1000 593 1041 studio
635 1000 905 1041 examinatas
944 1012 1032 1041 non
1070 998 1236 1039 minore
1277 997 1496 1050 diligentia
1533 1007 1682 1036 narra-

83 1071 205 1121 verit,
253 1073 301 1111 ut
333 1070 463 1111 etiam
497 1070 726 1120 orationes,
776 1083 885 1123 quas
923 1069 1097 1111 habitas
1131 1068 1318 1121 exponit,
1367 1067 1423 1108 ad
1455 1066 1682 1107 veritatem

85 1154 311 1195 expressas
343 1143 511 1194 putent.
574 1140 657 1192 Qui
688 1141 816 1182 valde
848 1143 1008 1182 errant.
1065 1140 1177 1180 Nam
1210 1138 1400 1180 Sallustii
1432 1137 1526 1178 laus
1551 1135 1683 1177 totius

83 1225 228 1253 rerum
259 1211 458 1264 imaginis
481 1212 748 1265 explicandae
771 1214 877 1261 arte,
911 1211 1054 1252 iudicii
1084 1209 1335 1259 subtilitate,
1369 1207 1684 1250 sententiarum

84 1283 288 1337 pondere,
330 1282 535 1324 orationis
578 1284 789 1335 gravitate
830 1284 1029 1323 censetur
1070 1280 1338 1334 (quanquam
1377 1280 1444 1320 his
1484 1278 1684 1320 omnibus

85 1353 303 1395 affectatio
336 1353 530 1395 admixta
563 1352 666 1405 est);
707 1353 825 1394 illam
858 1352 1125 1405 singularum
1159 1364 1306 1392 rerum
1339 1363 1555 1391 summam
1590 1348 1684 1389 dili-

85 1425 273 1478 gentiam
323 1425 452 1465 homo
502 1424 748 1477 praetorius,
798 1424 1055 1476 eloquentiae
1103 1424 1146 1463 et
1191 1421 1416 1475 prudentis
1463 1419 1685 1474 gravitatis

88 1495 267 1549 gloriam
300 1497 465 1548 petens,
505 1508 592 1536 non
630 1495 770 1548 primo
802 1495 896 1536 loco
928 1493 1096 1535 habuit.
1158 1493 1219 1543 Id,
1260 1494 1295 1534 si
1329 1493 1424 1545 quis
1457 1492 1590 1532 libere
1623 1492 1685 1531 at-

86 1566 286 1614 tenderit,
326 1565 369 1606 in
402 1565 514 1607 bello
546 1566 797 1618 Iugurthino
830 1565 975 1606 multis
1008 1564 1174 1605 indiciis
1206 1562 1531 1617 deprehendere
1562 1562 1685 1614 pote-

82 1634 195 1690 rit.¹)
258 1637 343 1678 Sed
390 1637 434 1677 in
479 1638 574 1689 ipsa
621 1636 881 1678 Catilinariae
930 1635 1235 1676 coniurationis
1283 1632 1468 1675 historia
1515 1632 1558 1673 in
1599 1643 1687 1672 non

83 1708 236 1761 exigua
268 1707 429 1749 ordinis
461 1708 754 1760 temporisque
785 1707 1036 1748 confusione
1059 1705 1316 1746 manifestus
1338 1706 1523 1745 tenetur.
1572 1702 1683 1743 Nam

83 1778 312 1820 Sallustius
357 1779 543 1831 primum
588 1778 862 1819 notissimum
908 1777 949 1818 in
995 1777 1124 1818 domo
1166 1775 1222 1816 M.
1255 1776 1393 1816 Laecae
1427 1775 1686 1815 conventum

83 1853 125 1891 et
157 1849 381 1891 consilium
408 1848 623 1890 Ciceronis
645 1848 756 1889 inter
779 1849 1038 1890 matutinam
1072 1846 1381 1887 salutationem
1405 1843 1688 1885 interficiendi

83 1923 234 1961 narrat
266 1919 320 1972 (c.
354 1920 422 1969 27,
458 1918 553 1972 28);
602 1919 757 1960 deinde
790 1919 951 1969 scribit,
1000 1919 1166 1959 interea
1197 1917 1404 1958 Manlium
1439 1916 1483 1956 in
1514 1914 1687 1955 Etruria

82 1991 256 2045 plebem
290 1991 542 2032 sollicitasse
575 1992 617 2031 et
649 1990 734 2031 alia
765 1990 962 2030 molitum
1005 2001 1119 2036 esse:
1167 1988 1217 2028 iis
1257 1986 1478 2034 nuntiatis,
1524 1985 1689 2025 factum

85 2075 183 2104 esse
215 2061 655 2110 senatusconsultum,
704 2062 752 2101 ut
790 2060 987 2101 viderent
1027 2059 1237 2106 consules,
1286 2071 1340 2099 ne
1373 2056 1475 2110 quid
1507 2069 1574 2096 res
1606 2068 1689 2107 pu-

84 2133 197 2174 blica
229 2132 476 2174 detrimenti
513 2134 687 2185 caperet
719 2129 835 2184 (29);
878 2133 969 2172 tum
1011 2132 1109 2183 post
1140 2142 1301 2182 paucos
1335 2128 1426 2169 dies
1460 2127 1503 2167 in
1534 2128 1688 2167 senatu

85 2205 287 2245 recitatas
322 2204 486 2244 litteras
519 2202 665 2244 Manlii
698 2202 892 2254 aliosque
934 2201 1107 2242 nuntios
1141 2199 1324 2249 auditos,
1366 2198 1687 2249 decretumque,

85 2278 133 2316 ut
165 2275 377 2316 exercitus
411 2277 782 2326 compararentur,
817 2276 859 2313 et
892 2271 975 2313 alia
1008 2270 1063 2324 (c.
1090 2269 1184 2323 30);
1217 2270 1283 2311 his
1316 2269 1446 2310 rebus
1480 2282 1613 2322 quum
1646 2267 1689 2308 in

85 2359 242 2398 magno
284 2347 406 2386 motu
448 2347 490 2385 et
532 2345 687 2385 timore
731 2342 879 2384 civitas
922 2344 1047 2391 esset,
1090 2341 1319 2382 Catilinam
1368 2340 1499 2381 nihilo
1547 2339 1689 2380 minus

87 2416 262 2458 consilia
303 2429 381 2457 sua
424 2417 701 2468 persecutum
744 2426 859 2454 esse:
915 2413 1182 2464 „postremo“
1231 2411 1361 2452 etiam
1404 2411 1447 2451 in
1490 2411 1689 2450 senatum

88 2486 388 2528 dissimulandi
422 2498 553 2526 causa
594 2484 785 2532 venisse;
833 2483 893 2524 ibi
934 2483 1184 2525 Ciceronem
1228 2481 1466 2523 orationem
1508 2481 1549 2521 in
1590 2493 1690 2521 eum

130 2626 158 2669 ¹)
184 2627 332 2661 Frustra
359 2638 510 2671 quaeras,
550 2626 636 2670 quid
669 2625 834 2658 Metellus
868 2623 969 2658 initio
996 2622 1080 2657 belli
1107 2622 1152 2656 ab
1178 2622 1353 2666 Iugurtha
1380 2620 1581 2665 postularit,
1620 2619 1692 2653 fru‘

183 2690 268 2728 stra,
295 2687 381 2730 quid
407 2685 573 2719 Metellus
598 2688 674 2718 toto
703 2684 817 2718 altero
844 2694 940 2716 anno
967 2681 1089 2726 egerit.
1141 2682 1176 2715 C.
1205 2681 1248 2714 54
1274 2681 1440 2724 legimus,
1475 2680 1593 2724 ipsum
1621 2678 1689 2712 Me-

186 2746 312 2779 tellum
338 2745 507 2779 statuisse
533 2754 606 2777 non
632 2742 760 2787 proelio
787 2753 905 2786 neque
933 2741 1008 2775 acie
1034 2740 1171 2774 bellum
1197 2751 1337 2784 gerere3
1367 2751 1395 2773 c.
1418 2739 1462 2772 56
1483 2739 1579 2772 idem
1600 2737 1691 2771 dolis

184 2804 356 2848 fatigatus
383 2804 428 2837 ab
454 2802 629 2847 Iugurtha
655 2801 797 2842 dicitur,
824 2801 885 2844 qui
912 2800 1097 2844 pugnandi
1123 2799 1265 2843 copiam
1282 2809 1355 2832 non
1377 2798 1497 2832 fecerit
1518 2795 1688 2841 cupienti.

187 2863 222 2896 C.
242 2862 284 2895 11
306 2862 483 2906 Iugurtha
508 2865 673 2895 materno
700 2870 830 2904 genere
856 2859 972 2903 impar
998 2858 1144 2898 dissitum
1172 2861 1208 2891 at
1234 2857 1378 2891 macula
1404 2856 1435 2890 ei
1462 2867 1483 2890 a
1507 2858 1609 2899 patre
1636 2854 1688 2888 in-

186 2921 364 2959 haerebat;
392 2921 450 2955 hie
476 2923 631 2954 matrem
657 2918 837 2953 inferioris
864 2918 1005 2962 generis
1032 2918 1220 2952 habuerat.

1708 1504 1758 1528 :wi
