1915 3235
862 140 945 181 123

108 273 254 314 Cicero
286 271 501 312 facturum
533 271 647 320 dicit,
682 269 797 322 quod
827 270 925 322 plus
955 272 1031 319 est,
1065 283 1196 323 quam
1221 270 1457 323 defendere,
1492 276 1695 325 augetur-

108 355 190 396 que
230 342 397 383 adiecto
421 354 502 394 per
543 354 584 381 se
622 341 771 394 ipsum.
832 340 993 381 Verum
1035 342 1117 382 hoc
1157 343 1297 382 totum
1341 341 1503 382 consilii
1547 344 1612 383 est
1653 345 1695 383 et

106 413 351 462 voluntatis,
387 424 474 452 non
504 410 746 463 potestatis.
809 410 959 463 ltaque
991 412 1234 453 necessario
1266 425 1354 453 non
1385 412 1525 453 solum
1556 413 1600 453 hi
1632 413 1696 453 in-

108 483 258 524 finitivi
306 482 498 535 pendent
540 494 565 521 a
606 480 739 521 verbo
782 494 864 521 non
909 480 1064 521 dubitet
1111 480 1246 535 (quod
1296 495 1370 523 cur
1412 482 1569 524 Beckio
1610 496 1697 525 non

106 553 288 606 placeat,
335 550 517 604 nescio),
567 552 643 592 sed
688 551 794 592 illud
840 552 971 592 etiam
1018 551 1157 606 quoad
1194 553 1329 606 possit
1374 554 1568 606 ineptum
1617 556 1696 595 est.

105 624 248 676 Atque
281 624 374 676 ipsa
406 624 499 663 haec
531 623 718 663 varietas
750 623 1126 675 interpolationem
1166 624 1209 664 in
1240 623 1322 665 hoc
1355 624 1447 665 loco
1479 626 1697 665 versatam

108 706 200 735 esse
234 694 432 743 ostendit,
467 695 514 734 ut
544 706 631 734 non
663 693 870 744 dubitem,
912 694 1015 746 quin
1047 693 1279 735 delendum
1312 695 1366 735 sit
1390 696 1535 748 possit,
1577 696 1696 736 cuius

108 764 294 806 addendi
327 777 458 806 causa
497 764 589 814 fuit,
631 777 726 817 quae
759 764 1043 817 plurimarum
1082 765 1476 817 interpolationum,
1515 765 1696 807 verbum

107 835 240 876 semel
272 835 474 887 positum,
508 848 642 888 quum
675 835 732 876 ad
764 835 848 876 duo
881 836 1085 876 orationis
1119 835 1317 877 membra
1349 837 1598 888 pertineret.

224 906 271 946 In
303 906 495 947 oratione
526 919 605 958 pro
637 905 797 946 Archia
829 919 913 958 quo
951 919 1036 946 uno
1078 905 1171 946 loco
1214 919 1312 946 mea
1354 907 1488 959 ipsius
1532 907 1698 948 coniec-

106 979 205 1018 tura
251 979 467 1029 repertam
516 976 865 1017 emendationem
912 977 955 1016 in
1000 978 1123 1016 textu
1163 977 1288 1029 posui
1329 975 1381 1029 (c.
1415 978 1460 1028 9,
1509 978 1561 1018 21
1603 977 1699 1030 effe-

107 1052 260 1087 νηπίαν
297 1061 374 1100 pro
413 1046 500 1087 laceo
535 1045 772 1099 feruntur),
822 1046 875 1087 de
918 1059 968 1087 eo
1011 1046 1103 1088 loco
1147 1047 1264 1097 dixit,
1314 1049 1386 1100 qui
1428 1049 1471 1089 in
1516 1050 1698 1090 eandem

108 1118 396 1159 coniecturam
444 1119 596 1170 postea
643 1117 803 1167 incidit,
852 1117 898 1158 E.
932 1115 1241 1170 qunderusst)
1311 1119 1525 1172 Relinquo
1573 1120 1700 1173 igitur

106 1189 185 1230 has
219 1189 448 1238 orationes,
483 1201 666 1241 quarum
699 1189 1033 1229 instrumentum
1067 1189 1260 1230 criticum
1292 1192 1340 1230 ut
1371 1203 1566 1243 persaepe
1599 1204 1700 1232 con-

1715 354 1767 379 152

105 1260 281 1300 iecturae
312 1259 452 1300 locum
487 1259 573 1307 dat,
614 1259 674 1299 ita
706 1259 851 1299 multis
884 1259 986 1300 locis
1026 1259 1130 1300 nihil
1166 1260 1346 1312 praebet,
1387 1274 1471 1314 quo
1503 1262 1698 1303 insistere
1746 1248 1750 1254 ²

107 1343 156 1371 30
203 1330 280 1370 niti
327 1331 475 1382 possit.
538 1330 688 1381 Itaque
727 1331 898 1382 saepius,
947 1330 1063 1382 quod
1110 1333 1260 1383 aperte
1307 1331 1418 1372 falsa
1464 1345 1541 1384 pro
1588 1333 1698 1373 veris

106 1400 258 1441 haberi
288 1401 504 1451 nolebam,
554 1400 699 1453 mendi
742 1405 845 1441 nota
883 1400 1024 1453 posita
1063 1402 1376 1442 transeundum
1417 1404 1530 1452 erat;
1579 1404 1698 1444 cuius

106 1472 257 1524 positae
288 1485 375 1512 non
406 1474 510 1524 puto
542 1473 754 1513 rationem
788 1472 1081 1523 requisituros,
1126 1473 1198 1524 qui
1239 1473 1283 1512 in
1314 1473 1489 1525 singulis
1522 1473 1624 1514 locis
1658 1477 1700 1514 et

106 1542 314 1583 librorum
367 1543 600 1596 scripturas
657 1545 698 1583 et
752 1543 1065 1583 sententiarum
1121 1542 1438 1595 verborumque
1496 1546 1698 1585 naturam

107 1609 477 1665 considerarint.2)
548 1613 683 1654 Venio
727 1613 783 1654 ad
825 1626 898 1654 eas
941 1614 1177 1662 orationes,
1228 1626 1411 1666 quarum
1454 1615 1698 1657 emendatio

106 1683 281 1725 meliore
313 1685 598 1726 instrumento
632 1684 873 1733 adiuvatur,
908 1685 951 1724 in
983 1684 1139 1737 quibus
1172 1687 1218 1725 ut
1244 1685 1384 1726 minus
1409 1685 1612 1738 frequens
1636 1690 1701 1727 est

108 1756 363 1796 coniecturae
394 1756 640 1804 necessitas,
674 1756 735 1796 ita
767 1755 867 1797 fere.
902 1755 975 1795 ubi
1008 1768 1110 1796 usus
1144 1758 1221 1803 est,
1258 1756 1425 1798 facilior
1457 1757 1539 1797 via.

201 1910 256 1942 tui
279 1911 487 1942 sententiam
507 1913 696 1952 prcestare,
723 1911 795 1942 tres
821 1911 906 1942 sunt
930 1907 1257 1951 interpretationes,
1292 1908 1499 1949 Hotomani,
1533 1909 1698 1949 Abrami,

202 1968 342 2008 Graevii,
369 1979 523 2011 quarum
550 1968 650 2001 nulla
675 1978 761 2001 vera
787 1978 864 2000 esse
890 1970 1019 2010 potest.

145 2024 174 2069 1)
198 2027 287 2061 Mus.
314 2027 478 2061 Rhenan.
505 2026 632 2060 Philol.
659 2026 718 2067 III,
751 2025 772 2058 2
798 2038 832 2070 p.
859 2025 938 2067 ⁴275,
971 2025 1033 2059 ubi
1059 2028 1248 2069 praeterea,
1288 2029 1410 2060 nostra
1443 2026 1600 2061 editione
1625 2037 1699 2061 non

202 2086 289 2127 visa,
322 2087 430 2127 locos,
463 2086 524 2130 qui
558 2088 643 2119 sunt
668 2085 743 2119 Cat.
771 2085 796 2125 I,
828 2084 861 2125 4,
894 2084 915 2117 8
941 2088 977 2118 01
1002 2085 1045 2125 ΙΙ,
1079 2084 1111 2125 6,
1151 2084 1194 2117 14
1222 2085 1349 2119 eodem
1376 2086 1494 2126 modo,
1535 2097 1606 2130 quo
1634 2097 1698 2129 ego

202 2145 396 2186 edideram,
429 2145 636 2179 scribendos
670 2155 747 2178 esse
774 2143 948 2184 ostendit3
987 2143 1097 2177 etiam
1123 2143 1167 2177 de
1192 2144 1280 2178 locis
1307 2144 1409 2178 Catil.
1437 2145 1463 2185 I,
1489 2143 1521 2185 2,
1547 2144 1632 2179 401
1657 2145 1699 2186 ΙΙ,

201 2204 232 2245 5,
259 2204 280 2237 9
306 2204 343 2238 in
369 2204 522 2238 eandem
547 2202 767 2237 sententiam
793 2202 999 2246 disputavit,
1040 2213 1150 2245 quam
1183 2202 1222 2236 in
1249 2203 1387 2236 edendo
1413 2207 1559 2238 secutus
1586 2215 1698 2245 eram,

205 2263 266 2296 sed
292 2263 363 2297 alia
388 2262 535 2297 addidit.

145 2318 171 2364 ²)
198 2322 305 2356 Velut
330 2322 378 2355 ΙΙΙ
410 2321 447 2355 in
474 2321 574 2356 Catil.
602 2321 633 2361 9,
673 2319 717 2352 22
754 2323 910 2363 recepto,
949 2323 989 2353 ut
1026 2319 1105 2361 feci,
1145 2331 1186 2354 eo
1227 2320 1354 2355 ordine
1391 2320 1598 2362 verborum,
1637 2321 1699 2365 qui

201 2384 336 2414 certam
374 2381 626 2415 auctoritatem
662 2380 773 2413 habet
811 2379 1010 2413 editionum
1050 2382 1215 2412 veterum
1262 2382 1297 2413 et
1341 2379 1478 2424 aliquot
1522 2380 1699 2421 codicum,

200 2440 315 2474 multo
341 2440 497 2484 apertior
523 2439 564 2473 fit
588 2438 828 2483 perturbatio;
856 2448 943 2471 nam
967 2437 1004 2471 in
1030 2437 1150 2471 verbis
1176 2443 1280 2472 tanta
1301 2449 1369 2481 res,
1395 2439 1512 2483 priore
1533 2439 1699 2473 membro

201 2498 376 2539 absoluto,
410 2509 493 2532 cum
526 2498 702 2542 gravitate
735 2497 855 2541 aliqua
888 2507 1025 2530 novum
1050 2496 1259 2540 adiungitur
1294 2496 1379 2539 (iam
1406 2509 1486 2532 vero
1515 2498 1577 2531 illa
1603 2498 1699 2531 Allo-

202 2558 350 2601 broqum
375 2559 577 2592 sollicitatio
603 2561 765 2599 suscepta
792 2568 815 2589 α
839 2556 991 2589 Lentulo
1027 2573 1068 2577 —
1103 2560 1176 2589 tam
1202 2557 1389 2600 dementer,
1416 2561 1518 2590 tanta
1542 2568 1601 2590 res
1627 2568 1699 2590 cre-

200 2617 277 2649 dita
303 2621 333 2649 et
358 2617 489 2659 ignotis
514 2621 545 2649 et
570 2616 739 2649 barbaris
765 2617 830 2648 cet.
866 2617 928 2647 aut
953 2613 1150 2656 similiter);
1184 2615 1342 2649 alterum
1368 2615 1543 2655 ordinem,
1577 2614 1699 2648 induc-

201 2677 280 2707 tum
308 2674 352 2707 ad
379 2673 635 2709 occultandum
662 2674 783 2718 aliquo
809 2673 916 2706 modo
943 2673 1128 2714 mendum,
1168 2677 1308 2708 certum
1341 2677 1395 2708 est
1425 2674 1462 2707 in
1495 2673 1594 2707 nullo
1621 2683 1699 2707 esse

201 2732 332 2767 codice.
378 2733 460 2767 Dixi
485 2733 558 2767 iam
583 2733 620 2767 in
645 2732 867 2777 praefatione,
894 2742 937 2765 ex
962 2731 1228 2767 Oxoniensibus
1256 2732 1449 2774 codicibus,
1477 2743 1567 2776 quos
1593 2731 1698 2765 valde

200 2792 311 2825 miror
342 2802 363 2825 a
393 2792 578 2826 Wundero
613 2791 765 2835 (Proleg.
799 2791 844 2825 ad
877 2793 965 2824 orat.
997 2801 1063 2834 pro
1094 2791 1214 2825 Plane.
1241 2803 1276 2836 p.
1303 2790 1346 2834 V)
1383 2792 1476 2825 inter
1509 2790 1699 2834 diligenter

201 2850 348 2884 collatos
374 2851 567 2892 numerari,
606 2850 674 2884 nisi
705 2849 798 2884 forte
829 2852 973 2883 tantum
1007 2849 1052 2883 ab
1085 2849 1139 2891 iis,
1180 2850 1241 2894 qui
1267 2849 1391 2894 paucis
1425 2849 1512 2883 10015
1543 2848 1697 2892 inspecti

201 2912 294 2950 sunt,
321 2920 507 2954 segregare
525 2909 649 2950 voluit,
675 2919 856 2952 nusquam
873 2911 1037 2942 notatam
1055 2919 1133 2943 esse
1150 2909 1345 2943 verborum
1362 2906 1693 2951 transpositionem.

201 2967 337 3002 Similia
362 2968 399 3002 in
424 2968 551 3003 ceteris
575 2967 662 3002 10015
688 2967 757 3001 dici
781 2970 943 3011 possunt.

1716 1628 1770 1654 153
