1915 3235
115 1230 168 1257 268

945 171 1029 212 618

189 300 232 339 et
263 298 465 351 Krarupii
505 312 684 351 operam
723 300 808 341 fide
846 299 1057 353 superat]
1127 301 1276 353 Itaque
1308 313 1422 342 nunc
1454 300 1629 342 demum
1662 314 1785 354 pror-

189 382 261 410 sus
300 369 582 412 confirmatur
628 370 733 411 illud
780 371 834 412 de
880 371 1008 412 huius
1056 371 1213 412 codicis
1260 371 1513 424 praestantia
1559 371 1785 421 iudicium;

190 442 321 481 antea
353 441 466 481 enim
500 442 672 493 poterat
703 441 851 491 videri,
886 443 1084 495 quamvis
1117 444 1231 484 esset
1255 443 1471 496 antiquus,
1504 455 1592 483 non
1623 455 1786 495 paucas

187 511 353 552 habere
385 511 627 564 vulgarium
662 512 859 554 codicum
893 516 935 554 et
967 513 1203 555 editionum
1236 526 1395 566 pravas
1428 514 1470 554 et
1501 513 1784 566 interpolatas

188 581 438 634 scripturas,
488 595 596 634 quas
638 583 791 636 reliqui
824 585 1023 626 meliores
1064 584 1231 626 codices
1271 597 1359 626 non
1389 584 1622 632 haberent3
1670 597 1784 625 nunc

188 652 256 706 (ut
287 653 353 694 his
391 652 506 706 utar)
550 656 731 704 constat,
780 667 921 707 neque
963 654 1083 696 initio
1126 654 1257 695 libelli
1300 654 1539 695 abhorrens
1581 654 1687 695 illud
1729 655 1785 696 ab

188 724 313 765 Ennii
346 737 474 766 versu
502 725 631 778 pretii
662 725 706 765 in
744 725 816 767 illo
850 725 995 767 codice
1035 738 1142 775 esse,
1190 737 1331 778 neque
1363 723 1386 777 ἕ
1418 725 1474 766 48
1500 738 1646 779 prope,
1695 725 1784 775 sed,

187 798 236 837 ut
267 796 385 849 apud
417 796 603 837 Nonium
638 798 681 837 et
712 796 755 837 in
788 796 881 837 cod.
915 796 1017 844 Erf„
1048 800 1239 850 prolatam
1271 808 1351 836 nec
1382 794 1406 847 ξ
1431 795 1484 836 21
1511 808 1625 836 verae
1650 795 1785 848 scrip-

188 871 297 908 turae
337 866 602 922 (quemquam
639 866 793 920 semem)
837 870 987 908 contra
1026 879 1275 920 perversam
1316 865 1593 919 partitionem
1633 864 1786 921 (quem-

188 952 314 993 quam
345 937 506 991 senum)
539 937 608 978 hic
640 939 762 979 testis
796 938 931 979 deest.
994 938 1138 988 Quum
1170 940 1332 987 tamen,
1372 936 1597 978 brevitatis
1629 936 1785 986 studio,

188 1022 274 1050 non
322 1022 495 1050 omnem
543 1010 798 1051 varietatem
849 1009 1073 1061 scripturae
1120 1009 1362 1050 iterandam
1411 1010 1631 1061 putarem,
1688 1008 1787 1048 huic

187 1080 432 1132 praefationi
471 1081 823 1133 supplementum
871 1082 913 1121 et
957 1079 1266 1121 correctionem
1314 1092 1477 1129 eorum,
1526 1092 1623 1132 quae
1670 1079 1788 1132 apud

188 1151 396 1192 Orellium
430 1151 483 1192 de
517 1151 664 1193 codice
696 1151 812 1205 regio
844 1151 1089 1201 traduntur,
1123 1147 1346 1203 subieci.¹)

306 1222 376 1263 Ad
408 1222 815 1275 praestantissimam
856 1223 984 1276 igitur
1015 1222 1143 1263 huius
1177 1221 1334 1263 codicis
1366 1220 1682 1271 auctoritatem,
1731 1221 1789 1262 ad

189 1306 317 1346 quem
352 1293 423 1334 alii
456 1293 710 1346 cognatione
743 1293 1049 1346 adiunguntur,
1097 1293 1215 1334 velut
1258 1293 1394 1334 multo
1427 1294 1469 1333 et
1500 1292 1713 1334 recentior
1745 1295 1787 1334 et

189 1364 465 1418 depravatior
505 1365 797 1415 Haenelianus‚
847 1365 982 1406 multo
1026 1364 1114 1405 iam
1154 1363 1396 1405 accuratius
1438 1363 1553 1404 hunc
1594 1363 1787 1405 libellum

190 1435 323 1488 exegi,
366 1448 447 1476 nec
478 1449 619 1488 pauca
652 1449 704 1477 ex
737 1449 787 1477 eo
819 1435 1000 1485 restitui,
1048 1436 1209 1488 partim
1242 1434 1475 1476 accedente
1507 1434 1689 1476 aliorum
1723 1435 1787 1476 di-

189 1520 326 1548 versae
358 1506 531 1560 originis
564 1507 760 1547 codicum
793 1507 1052 1556 testimonio,
1088 1506 1277 1548 maxime
1310 1505 1570 1547 Erfurtensis
1604 1508 1646 1547 et
1679 1506 1786 1547 Tre-

188 1577 382 1627 virensis,
427 1580 503 1619 aut
534 1578 760 1630 utriusque
794 1580 869 1618 aut
901 1577 1078 1619 alterius
1112 1590 1261 1618 eorum
1296 1576 1431 1630 (velut
1461 1575 1485 1629 ἓ
1522 1577 1575 1617 15
1606 1577 1651 1618 in
1682 1589 1787 1618 voce

188 1649 431 1703 complector
477 1662 554 1701 pro
602 1649 776 1701 vulgato
824 1649 1073 1702 contemplor
1120 1648 1395 1698 Erfurtensis‚
1443 1648 1487 1688 in
1534 1647 1785 1697 omittenda,

189 1733 319 1773 quam
354 1720 545 1761 Klotzius
577 1720 823 1769 reduxerat,
857 1719 1163 1773 praepositione
1196 1722 1297 1760 ante
1330 1732 1421 1760 voc.
1446 1719 1653 1760 iuventute
1678 1719 1786 1760 Tre-

188 1790 408 1844 virensis);
451 1791 659 1832 nonnulla
692 1793 852 1841 autem,
887 1804 983 1843 quae
1017 1804 1154 1844 nuper
1186 1804 1212 1832 a
1244 1790 1494 1832 Klotzioex
1527 1790 1673 1831 alteris
1705 1789 1787 1832 illis

189 1863 408 1904 codicibus
440 1863 482 1903 in
515 1861 711 1903 ordinem
743 1864 917 1915 recepta
951 1866 1088 1912 erant,
1135 1875 1283 1902 rursus
1325 1861 1467 1914 expuli
1506 1861 1562 1902 ob
1605 1861 1786 1903 auctori-

187 1936 323 1975 tatem
357 1933 514 1975 codicis
546 1933 649 1986 regii
683 1935 758 1974 aut
790 1932 883 1974 aliis
915 1932 1171 1974 testimoniis
1205 1931 1340 1985 (velut
1371 1932 1414 1973 in
1447 1931 1470 1984 ἓ
1501 1933 1557 1973 46
1591 1933 1634 1974 in
1659 1933 1786 1974 omit-

186 2004 320 2045 tenda
352 2017 456 2046 voce
488 2005 576 2044 iam
608 2003 731 2045 Nonii
764 2017 806 2056 p.
841 2004 925 2044 236
959 2002 1106 2056 Merc.)
1146 2006 1222 2044 aut
1260 2003 1428 2045 ratione
1468 2003 1783 2052 confirmatam,

188 2076 307 2117 cuius
352 2075 519 2129 generis
562 2078 639 2126 est,
689 2075 805 2128 quod
847 2073 869 2126 ξ
903 2074 959 2115 65
1002 2074 1170 2116 servavi
1212 2074 1284 2115 sed
1327 2088 1431 2125 eam,
1480 2074 1554 2116 ubi
1594 2074 1784 2116 Klotzius

188 2146 395 2187 mendum
436 2146 560 2188 codd.
595 2146 863 2188 Trevirensis
904 2147 948 2187 et
987 2145 1248 2186 Erfurtensis
1292 2147 1334 2186 et
1376 2145 1568 2187 aliorum
1601 2145 1785 2187 nonnul-

188 2216 340 2267 lorum,
375 2222 411 2258 et
443 2231 546 2267 eam,
581 2220 723 2258 ortum
758 2230 809 2258 ex
841 2221 899 2258 set
930 2230 1034 2266 eam,
1067 2216 1242 2269 recepit,
1281 2216 1626 2269 sententiamque
1659 2229 1785 2269 aper-

187 2288 400 2329 tissimam
434 2288 675 2341 argutando
707 2288 927 2341 pervertit.
991 2287 1126 2328 Multa
1164 2286 1209 2327 in
1248 2287 1328 2328 hoc
1370 2299 1526 2340 genere
1559 2287 1784 2340 scripturae

185 2358 415 2400 Orellianae
449 2361 715 2400 conservatae
747 2372 874 2412 pono,
924 2371 1019 2411 quae
1062 2357 1119 2398 ad
1158 2357 1352 2399 ordinem
1385 2358 1619 2399 verborum
1651 2357 1784 2411 perti-

184 2430 290 2469 nent
323 2428 379 2482 (V.
415 2442 449 2470 c.
483 2428 505 2481 ξ
539 2430 578 2480 5,
616 2430 682 2480 15,
716 2429 772 2471 55
806 2427 918 2481 cet),
966 2429 1010 2469 in
1053 2441 1138 2481 quo
1179 2442 1311 2481 quum
1353 2427 1543 2470 Klotzius
1575 2428 1681 2470 alios
1717 2441 1784 2470 co-

186 2500 301 2541 dices
335 2503 509 2541 secutus
544 2503 669 2551 esset,
704 2514 789 2542 uno
823 2501 953 2541 etiam
988 2502 1031 2541 et
1062 2499 1198 2541 altero
1231 2499 1323 2541 loco
1356 2499 1460 2552 regii
1491 2513 1650 2541 nomen
1675 2495 1805 2541 falso'

185 2571 375 2624 positum
420 2571 485 2625 (ut
516 2570 540 2623 ξ
576 2571 660 2624 16),
709 2572 925 2613 interdum
966 2569 1232 2612 ratiunculas
1271 2570 1485 2622 quasdam
1529 2570 1785 2624 excogitavit

223 2756 253 2801 ¹)
278 2757 397 2802 [Hanc
435 2758 673 2803 appendicem
711 2769 807 2793 nunc
845 2762 927 2804 post
964 2759 1069 2794 Keilii
1106 2769 1254 2803 operam
1292 2758 1422 2793 sustuli
1456 2761 1492 2792 et
1526 2758 1693 2802 quaedam
1725 2757 1784 2792 hic

279 2818 385 2852 omisi
411 2818 454 2852 de
480 2817 625 2861 Bergeri
651 2821 687 2851 et
712 2817 880 2862 Krarupii
905 2817 1158 2852 collationibus
1185 2820 1368 2852 annotata.
1408 2816 1498 2860 Quae
1523 2816 1782 2852 Mommsenius

279 2876 412 2920 aliique
438 2879 564 2920 postea
589 2876 634 2910 de
667 2876 849 2911 codicibus
874 2876 1111 2911 Leidensibus
1143 2879 1179 2911 et
1210 2876 1288 2910 aliis
1313 2876 1553 2921 protulerunt,
1581 2886 1623 2910 ea
1648 2874 1706 2909 hic
1731 2877 1782 2909 at-

280 2934 441 2979 tingendi
467 2935 568 2969 nulla
593 2935 792 2969 admodum
818 2946 928 2970 causa
953 2933 1034 2978 est]
