1915 3235
972 115 1055 155 164

215 249 298 289 vid.
333 248 417 289 Cic.
442 248 561 288 Brut.
596 246 664 295 93,
699 244 797 293 320,
831 244 950 284 Verr.
976 243 1043 293 IV,
1078 243 1146 293 20,
1179 242 1249 291 43,
1285 243 1337 283 de
1363 242 1499 283 Finib.
1526 242 1574 292 II,
1609 242 1677 293 35,
1714 242 1810 290 119,

215 320 268 360 (10
302 320 428 371 Legg.
461 318 509 366 Π,
545 317 612 365 24,
648 316 716 356 60.
781 312 887 366 [Cfr.
922 314 1033 355 infra
1065 314 1100 354 ΙΙ
1132 327 1174 366 p.
1209 314 1294 354 313
1327 312 1441 366 sqq]

334 388 523 430 Proximi
552 385 701 439 capitis
728 384 788 438 (9)
814 385 933 425 initio
960 385 1191 425 edebatur:
1226 383 1376 424 Alieno
1401 387 1537 424 autem
1563 397 1589 424 α
1612 388 1648 424 te
1673 384 1813 424 auimo

213 461 312 512 fuit.
379 458 618 510 Quomodo?
663 456 869 510 Speruvit,
913 454 1048 504 credo,
1093 457 1172 495 cet.
1236 455 1284 495 In
1316 468 1401 507 qua
1433 453 1641 495 orationis
1674 454 1814 495 forma

216 531 417 572 vitiosum
451 532 516 570 est
549 533 698 576 mutem,
732 527 787 575 id,
832 526 946 578 quod
980 538 1032 566 ex
1065 525 1302 566 adversarii
1334 538 1522 577 persona
1555 525 1813 578 proferatur,

145 614 197 638 202
218 601 472 643 continuans
507 598 744 640 defensoris
778 596 1161 649 argumentationi3
1210 596 1401 637 debebat
1443 609 1536 637 esse
1581 595 1639 636 At
1681 596 1816 636 alieno

219 675 297 713 cet.
361 672 510 723 Itaque
550 669 806 710 auctoritate
839 668 940 717 Erf.,
982 667 1090 708 Oxx.
1125 667 1323 717 duorum,
1364 666 1523 717 Haun.,
1566 667 1663 708 edd.
1697 669 1815 709 vett..

218 743 382 795 opinor,
417 742 547 782 etiam
581 740 716 780 multo
749 739 950 792 plurium,
985 738 1157 791 scripsi:
1197 738 1347 778 Alieno
1380 742 1518 778 autem
1551 752 1577 778 α
1609 742 1646 778 te
1678 738 1817 778 auimo

219 812 452 868 quomodo?
508 811 619 852 Nam
657 810 739 851 hoc
778 810 884 859 loco,
929 809 1003 850 ubi
1042 809 1348 862 interrogando
1387 811 1557 849 tantum
1596 809 1817 861 repetitur,

221 884 336 936 quod
369 895 500 935 supra
533 881 695 922 dictum
730 883 835 929 erat,
878 880 1017 922 omitti
1050 879 1232 920 verbum
1264 881 1456 932 poterat;
1505 880 1538 920 si
1572 879 1817 929 adderetur,

221 956 354 996 esset:
388 953 586 1008 quomodo
617 952 732 1005 fuit?

339 1025 385 1066 C.
413 1025 479 1073 13,
514 1024 568 1064 36
602 1022 789 1075 primum
823 1022 1016 1063 notanda
1048 1022 1129 1062 fuit
1159 1034 1366 1074 perversa
1393 1022 1550 1062 oratio:
1586 1021 1750 1062 Etenim
1784 1022 1821 1062 εἰ

213 1096 452 1153 ‘Antiochus
485 1094 669 1149 Muyuus
700 1094 783 1145 ille,
817 1107 892 1133 'rex
924 1093 1053 1145 Asia),
1094 1106 1233 1147 quum,
1268 1097 1542 1147 posteaquam
1575 1106 1601 1132 a
1634 1091 1823 1146 Scipione

222 1166 398 1219 (rectius
427 1166 478 1206 L.
508 1163 715 1219 Scipione)
748 1165 891 1217 metus,
932 1164 1074 1205 Tauro
1106 1169 1224 1204 tenus
1256 1177 1436 1217 requare
1458 1164 1597 1204 iussus
1621 1168 1720 1204 esset
1743 1165 1822 1205 cet.

223 1238 500 1279 Manifestum
549 1240 614 1277 est
661 1235 775 1276 enim
816 1240 1091 1290 posteaquam
1132 1234 1390 1288 particulam
1434 1234 1647 1287 pendere3
1695 1235 1729 1275 si
1769 1240 1825 1276 est

224 1309 360 1350 addas
419 1310 517 1361 post
571 1309 720 1356 victus,
779 1306 906 1348 nimis
965 1306 1182 1347 frustatim
1240 1305 1500 1346 sententiam
1562 1303 1825 1358 concidas.1)

224 1379 389 1421 Deinde
422 1379 652 1419 edebatur:
703 1377 788 1418 Ille
828 1378 936 1418 euim
966 1377 1134 1430 furoris
1166 1377 1342 1417 multum
1374 1377 1643 1426 sustinuerat,
1691 1390 1826 1430 pravo

224 1450 345 1491 verbi
377 1453 594 1502 tempore3
627 1461 768 1502 neque
801 1449 915 1489 enim
948 1448 1225 1496 sustinuerat,
1260 1447 1337 1487 sed
1361 1460 1495 1499 quum
1519 1447 1709 1488 maxime
1732 1461 1827 1489 sus-

225 1522 394 1563 tinebat
427 1524 469 1562 et
502 1520 671 1561 ferebat
709 1532 899 1572 poenam,
954 1519 1074 1572 regni
1105 1520 1229 1571 parte
1263 1531 1428 1559 carens.
1492 1518 1642 1570 Itaque
1674 1518 1828 1560 melius

227 1595 320 1634 erat
352 1592 550 1641 subierat,
591 1591 707 1643 quod
739 1590 894 1643 recepi,
937 1589 980 1630 id
1013 1591 1089 1639 est,
1139 1593 1366 1643 acceperat,
1415 1588 1491 1629 sed
1524 1590 1829 1630 auctoritatem

226 1664 270 1704 id
302 1676 389 1704 non
421 1663 554 1704 habet
586 1663 666 1704 nisi
700 1663 823 1704 codd.
858 1660 1123 1709 inferiorum,
1163 1660 1332 1709 Dresd.,
1375 1659 1514 1700 Palat.
1552 1660 1828 1711 deteriorum,

228 1735 386 1783 Haun.,
436 1734 462 1774 3
496 1733 618 1784 Oxx„
668 1733 765 1775 edd.
807 1735 909 1773 vett.
989 1731 1232 1783 Utrumque
1280 1731 1717 1783 interpretamentum
1765 1734 1831 1772 est

229 1818 343 1845 verae
376 1805 600 1857 scripturae
632 1805 674 1845 in
709 1804 952 1845 Coloniensi
997 1804 1194 1850 servatae,
1243 1802 1418 1842 micham
1458 1799 1704 1847 sustuleram
1752 1799 1833 1838 hoc

231 1876 345 1916 enim
379 1876 581 1928 loquendi
614 1888 762 1928 genus,
798 1875 877 1915 etsi
909 1874 1067 1914 mirum
1094 1875 1171 1923 est,
1206 1886 1283 1925 pro
1309 1886 1371 1922 eo,
1407 1872 1522 1924 quod
1547 1872 1613 1911 051
1635 1869 1832 1917 subierat,

231 1947 417 2000 probare
452 1946 643 1999 cogimur
675 1947 730 1987 ob
764 1946 817 1986 ΠΙ
851 1945 904 1986 de
938 1945 987 1985 N.
1022 1944 1071 1984 D.
1106 1944 1174 1993 33,
1211 1944 1285 1984 82:
1312 1957 1463 1996 poeuus
1495 1941 1675 1983 sustulit.

351 2018 413 2058 De
445 2017 696 2070 Philippicae
737 2016 888 2069 primae
928 2029 962 2056 c.
997 2016 1036 2065 6,
1089 2015 1141 2055 13
1186 2014 1417 2055 dicendum
1461 2012 1625 2065 aliquid
1666 2010 1835 2051 videtur

232 2089 275 2129 in
308 2102 353 2129 re
387 2091 551 2141 aperta,
585 2091 632 2129 ut
665 2088 919 2129 ostendatur
953 2086 1163 2138 exemplo,
1198 2085 1301 2137 quid
1333 2086 1443 2125 inter
1466 2097 1595 2124 usum
1622 2083 1835 2135 praestan-

232 2159 498 2200 tissimorum
533 2159 727 2200 codicum
772 2160 811 2199 et
856 2171 1038 2211 pravam
1081 2155 1445 2209 superstitionem,
1496 2154 1627 2196 etiam
1670 2164 1836 2194 errores

234 2230 554 2280 defendentem,
596 2229 777 2271 intersit.
841 2229 986 2270 Edunt
1019 2228 1134 2269 enim
1168 2241 1219 2268 ex
1251 2227 1482 2267 Vaticano:
1531 2229 1589 2278 ut,
1631 2224 1748 2264 cuius
1779 2236 1837 2264 se-

228 2301 427 2354 pulermn
460 2314 667 2355 nusquam
699 2305 836 2352 ea'stet,
884 2300 956 2340 ube?
980 2303 1243 2353 pureutetur,
1293 2298 1330 2338 ee?
1362 2297 1528 2351 publice
1568 2295 1837 2349 supplicetur,

235 2372 477 2424 respicique
496 2374 652 2424 putant
678 2371 735 2412 ad
753 2370 969 2412 Caesarem
996 2370 1107 2411 iusto
1134 2369 1331 2422 sepulcro
1351 2368 1480 2409 etiam
1501 2369 1594 2408 tum
1621 2367 1839 2407 carentem

239 2445 281 2483 et
314 2443 369 2483 ad
402 2442 621 2483 sublatam
655 2443 914 2492 columnam,
950 2455 1081 2494 quam
1114 2441 1156 2481 in
1181 2440 1274 2481 foro
1299 2439 1337 2480 ei
1361 2437 1555 2480 nonnulli
1583 2438 1838 2478 statuerant.

238 2514 413 2562 Verum,
447 2515 494 2553 ut
526 2512 723 2553 omittam
759 2512 840 2552 dici
874 2512 1074 2553 debuisse
1107 2525 1157 2552 ue
1188 2511 1423 2564 sepulerum
1456 2509 1634 2563 quidem,
1669 2510 1711 2548 et
1742 2520 1839 2559 per-

241 2584 424 2625 obscure
457 2596 746 2636 perverseque
770 2583 918 2624 Cicero
950 2584 1032 2624 isto
1057 2582 1186 2623 modo
1211 2580 1418 2633 loquitur3
1452 2593 1553 2620 nam
1580 2578 1840 2631 sepulcrum,

169 2673 222 2698 203
241 2655 315 2695 ubi
349 2656 665 2707 parentaretur,
714 2654 856 2694 nullus
896 2654 1091 2695 habebat
1129 2653 1235 2694 deus
1269 2653 1447 2703 eratque
1480 2650 1523 2690 id
1555 2650 1623 2690 vel
1654 2649 1842 2690 maxime

243 2724 593 2774 ii‘nmortalitatis,
627 2727 675 2765 ut
707 2724 778 2765 illa
811 2725 1028 2765 sententia
1060 2724 1185 2776 longe
1220 2722 1342 2764 aliter
1375 2721 1517 2761 efferri
1551 2719 1767 2768 debuerit3
1801 2721 1843 2759 et

245 2797 562 2844 inconstantem
612 2795 694 2836 hoc
742 2795 854 2836 enim
904 2796 1046 2848 ipsum
1095 2794 1298 2847 disputat,
1349 2792 1514 2832 divinos
1562 2791 1747 2832 honores
1794 2789 1843 2830 iis

285 2947 313 2991 ¹)
340 2947 433 2991 [Hoc
460 2952 582 2982 tamen
608 2951 734 2991 postea
759 2950 904 2982 secutus
931 2945 1040 2988 suin]
