1915 3235
833 84 914 125 251

87 210 143 252 ad
174 211 402 264 legendum
435 210 594 251 difficili
626 215 699 252 aut
731 211 818 252 iam
851 215 1050 266 corrupta
1093 216 1187 255 orta
1226 215 1369 267 putari
1408 215 1585 268 possint,
1626 219 1673 258 ut

84 293 235 322 verum
267 280 372 321 illud
404 293 497 321 esse
530 281 717 322 dubitari
748 286 947 335 nequeat,
982 284 1184 337 nullaque
1217 285 1271 325 sit
1297 298 1428 326 causa
1455 286 1671 340 Gottorpi-

86 364 234 392 ensem
267 351 518 403 excipiendi,
567 352 634 392 cui
667 349 736 392 ex⁴
761 354 910 394 ceteris
942 354 1162 406 proximus
1196 358 1262 396 est
1293 356 1590 409 Lugdunensis
1621 357 1670 405 is,

85 421 156 474 qui
194 422 224 463 Z
262 421 404 462 littera
443 421 560 474 apud
598 422 965 477 Havercampium
1010 427 1197 466 notatur.
1214 422 1247 477 1)
1316 426 1475 468 Verum
1525 441 1576 468 ex
1622 428 1672 469 iis

87 492 316 539 codicibus,
365 491 437 545 qui
475 492 530 532 ab
563 492 633 533 illo
666 495 804 545 primo
837 494 954 536 fonte
987 494 1167 536 derivati
1201 498 1335 545 erant,
1386 510 1569 550 quorum
1602 498 1673 539 alii

83 562 220 615 magis
252 562 463 615 integram
495 563 605 604 illius
639 565 895 617 scripturam
930 565 1176 615 servabant,
1209 569 1257 607 ut
1285 566 1596 620 Gottorpiensis
1630 571 1673 609 et

84 633 192 674 alter
223 633 519 686 Lugdunensis
552 637 595 675 et
627 647 677 675 ex
710 635 1003 676 Lambinianis
1036 636 1241 686 nonnulli,
1287 637 1357 678 alii
1389 639 1530 679 minus
1562 639 1672 680 inte-

82 717 204 757 gram
243 707 285 745 et
322 704 408 745 iam
448 704 517 745 hic
558 704 641 746 illic
681 706 946 755 coniecturis,
996 708 1041 747 ut
1080 706 1173 747 fieri
1212 710 1396 760 poterat,
1444 711 1670 757 mutatam,

59 787 265 827 ,quorum
309 777 375 816 est
414 775 522 816 alter
559 775 855 828 Lugdunensis
896 775 1030 829 (apud
1070 777 1254 819 Haverc.
1294 779 1372 820 litt.
1406 779 1442 819 Y
1480 777 1671 831 notatus)

83 848 126 886 et
155 845 428 895 Bodleianus,
469 859 579 887 unus
613 846 765 899 aliquis
797 847 1033 888 admodum
1065 848 1178 889 male
1210 848 1385 890 habitus
1418 849 1530 890 circa
1560 852 1671 891 tem-

84 929 190 969 pora
222 917 540 957 renascentium
572 917 812 958 litterarum
844 919 887 958 in
919 931 1074 959 manus
1106 918 1330 960 hominum
1373 920 1597 961 doctorum
1629 920 1672 961 in

83 986 206 1028 Italia
237 987 365 1037 venit,
400 1000 452 1028 ex
476 1001 560 1040 quo
584 1001 696 1029 nova
719 988 922 1041 profluxit
946 989 1295 1042 apographorum
1318 1004 1522 1043 propago,
1557 991 1671 1044 quod

84 1057 269 1099 Lucretii
302 1070 488 1107 carmen,
522 1058 689 1111 pridem
720 1061 897 1112 propter
929 1059 1227 1101 difficultatem
1259 1060 1439 1102 lectitari
1471 1061 1669 1102 desitum.

83 1131 176 1169 tum
208 1131 384 1181 propter
416 1130 603 1181 antiquae
636 1129 839 1170 orationis
878 1131 1151 1171 maiestatem
1185 1131 1497 1181 celebrabatur,
1548 1135 1589 1173 et
1627 1132 1671 1173 in

81 1199 147 1240 his
188 1199 447 1252 apographis
486 1199 619 1240 libere
661 1203 859 1252 grassata
901 1203 965 1242 est
1014 1214 1063 1242 ea
1111 1202 1293 1251 licentia,
1343 1216 1428 1255 qua
1474 1203 1670 1244 homines

81 1269 274 1311 nonnulli
313 1269 432 1310 brevi
473 1272 572 1310 ante
610 1271 943 1323 typographiam
990 1271 1211 1313 inventam
1259 1275 1333 1313 aut
1371 1273 1670 1326 pervulgatam

83 1340 249 1382 codices
283 1341 510 1382 mendosos
544 1344 585 1382 et
616 1341 842 1383 lacunosos
882 1343 1121 1383 temerariis
1163 1344 1415 1385 coniecturis
1457 1346 1498 1385 et
1538 1345 1670 1385 inter-

82 1411 370 1463 polationibus
403 1411 560 1452 sarcire
593 1409 886 1465 studebant.‘·')
934 1413 1044 1454 Nota
1079 1416 1143 1454 est
1175 1427 1243 1455 res
1268 1428 1381 1455 nunc
1407 1428 1428 1455 e
1453 1415 1669 1455 codicibus

81 1481 369 1523 Ciceronianis
402 1485 444 1523 et
477 1482 762 1535 elegiacorum
802 1487 1028 1536 poetarum
1070 1485 1333 1525 Latinorum.
1398 1485 1449 1526 Et
1488 1486 1532 1526 hi
1571 1489 1669 1526 sunt

81 1551 140 1592 illi
173 1552 351 1602 codices,
386 1553 442 1593 ad
474 1566 655 1605 quorum
689 1554 818 1594 fidem
852 1567 1009 1606 magna
1035 1568 1085 1595 ex
1109 1557 1232 1607 parte
1257 1561 1507 1596 revocatum
1534 1556 1668 1597 habe-

79 1635 175 1663 mus
209 1635 234 1663 a
261 1623 543 1665 Wakefieldio
568 1624 752 1665 Lucretii
784 1627 963 1675 textum,
1000 1627 1039 1666 et
1075 1638 1125 1666 ex
1159 1639 1342 1678 quorum
1375 1627 1568 1679 apicibus
1601 1627 1669 1667 ille

85 1695 349 1736 coniecturas
397 1708 496 1736 suas
544 1694 748 1744 ducebat,
798 1709 930 1748 quum
978 1697 1176 1737 Lambini
1224 1697 1491 1749 aliorumque
1539 1698 1669 1739 inter-

117 1892 144 1937 1)
171 1895 406 1939 Apertissime
433 1906 489 1929 res
515 1895 728 1939 perspicitur
755 1908 797 1930 ex
823 1908 930 1930 versu
957 1897 1034 1930 libr.
1062 1898 1087 1938 Ι,
1121 1896 1188 1930 658
1216 1895 1299 1939 [657
1326 1896 1394 1939 B.],
1429 1898 1489 1941 qui
1523 1898 1558 1931 in
1593 1898 1668 1932 cod.

174 1955 334 1999 Gottorp.
363 1958 397 1989 et
422 1955 534 1998 Lugd.
561 1955 586 1988 Z
613 1955 661 1988 sic
688 1955 874 1989 scribitur:
912 1957 980 1990 Sed
1013 1959 1097 2000 quia
1123 1958 1236 1990 multa
1262 1958 1331 1990 sibi
1356 1962 1504 1990 cernunt
1530 1962 1670 1991 contra-

172 2016 242 2057 ria,
268 2027 339 2055 mu,
367 2015 415 2048 ita
443 2017 482 2048 ut
507 2017 640 2058 pateat,
668 2018 868 2048 extremam
895 2026 1019 2049 vocem
1048 2016 1082 2048 in
1102 2015 1296 2059 archetypo
1315 2015 1383 2059 legi
1402 2027 1474 2049 non
1492 2016 1667 2060 potuisse:

172 2073 255 2107 inde
288 2073 324 2107 in
357 2073 484 2107 ceteris
517 2073 698 2107 codicibus
731 2073 867 2107 factum
904 2077 956 2107 est
991 2086 1110 2115 minace,
1149 2077 1350 2108 correctum
1389 2075 1433 2108 ab
1473 2075 1668 2109 editoribus

172 2138 345 2173 mussant,
380 2143 450 2176 quo
477 2131 572 2166 facto
599 2132 820 2175 cogebantur
846 2132 881 2166 in
914 2132 985 2166 fine
1012 2144 1136 2166 versus
1163 2132 1230 2165 659
1257 2131 1340 2175 [658
1366 2131 1422 2175 R]
1455 2133 1669 2177 particulam

172 2197 202 2225 et
228 2192 376 2229 addere;
416 2191 452 2224 in
484 2190 732 2225 recentissimo
765 2194 887 2224 autem
923 2192 1129 2235 apographo
1163 2191 1340 2225 Pooriano
1373 2190 1483 2235 (apud
1515 2188 1669 2231 Wakef.)

172 2253 207 2284 et
238 2250 275 2284 in
308 2250 386 2284 edd.
419 2253 505 2284 vett.
539 2254 592 2283 est
626 2252 745 2289 inesse,
785 2250 881 2293 quod
913 2250 1051 2284 Wakef.
1085 2250 1121 2283 in
1154 2253 1256 2284 textu
1290 2250 1420 2293 posuit,
1459 2261 1504 2283 ne
1543 2253 1669 2294 aptum

174 2309 320 2353 quidem
347 2309 499 2343 verbum
527 2308 617 2352 (ipse
643 2309 903 2351 interpretatur
929 2311 1113 2343 contraria
1139 2308 1235 2351 esse).

118 2365 147 2410 ²)
172 2368 343 2412 Cognatio
370 2371 405 2402 et
430 2368 537 2412 stirps
564 2367 790 2411 cognoscitur
815 2378 858 2400 ex
884 2367 943 2401 lib.
971 2368 995 2404 Ι,
1023 2379 1054 2401 v.
1085 2367 1175 2400 1067
1203 2366 1310 2410 [1068
1336 2366 1392 2410 R]
1420 2379 1509 2412 sqq.,
1545 2367 1607 2401 ubi
1633 2367 1669 2401 in

171 2427 227 2460 his
253 2427 468 2471 apographis
495 2429 529 2460 et
555 2426 591 2459 in
618 2425 835 2459 editionibus
862 2426 1031 2470 antiquis,
1059 2437 1140 2470 quae
1167 2437 1209 2460 ex
1228 2426 1405 2460 similibus
1431 2427 1547 2460 ductae
1573 2430 1667 2460 sunt.

172 2486 303 2520 desunt
329 2489 499 2520 extremae
524 2496 630 2519 voces
658 2484 818 2528 quinque
844 2496 1015 2519 versuum
1050 2485 1217 2529 deinceps
1249 2485 1451 2529 positorum
1483 2484 1534 2527 (in
1567 2485 1667 2519 codd.

171 2544 372 2578 Vindobon.
411 2544 542 2585 Alteri,
581 2543 774 2583 Pooriano,
821 2543 1123 2588 Cantabrigiensi,
1168 2544 1283 2578 tribus
1321 2544 1434 2578 Musei
1470 2543 1667 2578 Britannici

173 2604 269 2647 apud
294 2603 444 2644 Wakef„
483 2603 562 2637 edd.
590 2602 776 2642 Brixiensi,
816 2603 957 2643 Veron„
997 2602 1160 2645 Veneta),
1199 2603 1267 2637 nisi
1300 2604 1394 2647 quod
1428 2603 1463 2637 in
1491 2603 1666 2646 Catabrig.

172 2662 373 2696 tentamina
399 2663 566 2706 quasdam
591 2661 783 2705 supplendi
809 2665 996 2705 apparent,
1024 2673 1103 2705 quae
1121 2662 1406 2706 Havercampius
1433 2673 1475 2696 ex
1502 2662 1571 2695 alio
1590 2661 1666 2695 cod.

171 2724 295 2755 notata
327 2721 447 2755 habet.
504 2720 582 2754 Non
615 2723 668 2754 est
701 2723 916 2754 annotatum
954 2721 999 2754 ab
1038 2720 1090 2761 iis,
1130 2721 1191 2765 qui
1229 2721 1444 2755 varietatem
1482 2720 1667 2763 scripturae

173 2779 404 2823 collegerunt,
443 2779 523 2823 quis
560 2778 698 2822 primus
736 2778 893 2822 integros
932 2790 1057 2813 versus
1095 2780 1246 2813 ediderit
1285 2791 1327 2814 ex
1366 2778 1487 2822 aliquo
1519 2777 1666 2812 alterius

173 2837 312 2881 generis
339 2838 469 2872 codice.

1693 579 1742 604 303
