<?xml version="1.0" encoding="UTF-8"?>
<!DOCTYPE html PUBLIC "-//W3C//DTD XHTML 1.0 Transitional//EN"
    "http://www.w3.org/TR/xhtml1/DTD/xhtml1-transitional.dtd">
<html xmlns="http://www.w3.org/1999/xhtml" xml:lang="en" lang="en">
 <head>
  <title>
</title>
<meta http-equiv="Content-Type" content="text/html;charset=utf-8" />
  <meta name='ocr-system' content='tesseract 3.04.00' />
  <meta name='ocr-capabilities' content='ocr_page ocr_carea ocr_par ocr_line ocrx_word'/>
</head>
<body>
  <div class='ocr_page' id='page_1' title='image "./ionicolaimadvigi00madvuoft_0747.png"; bbox 0 0 1915 3235; ppageno 0'>
   <div class='ocr_carea' id='block_1_1' title="bbox 860 113 942 155">
    <p class='ocr_par' dir='ltr' id='par_1_1' title="bbox 860 113 942 155">
     <span class='ocr_line' id='line_1_1' title="bbox 860 113 942 155; baseline 0.012 -1"><span class='ocrx_word' id='word_1_1' title='bbox 860 113 942 155; x_wconf 79' lang='lat'>721</span> 
     </span>
    </p>
   </div>
   <div class='ocr_carea' id='block_1_2' title="bbox 96 238 1699 1213">
    <p class='ocr_par' dir='ltr' id='par_1_2' title="bbox 101 238 1699 510">
     <span class='ocr_line' id='line_1_2' title="bbox 222 238 1697 299; baseline 0.005 -20"><span class='ocrx_word' id='word_1_2' title='bbox 222 239 314 280; x_wconf 92' lang='lat' dir='ltr'>Ibd.</span> <span class='ocrx_word' id='word_1_3' title='bbox 344 238 368 291; x_wconf 63' lang='grc' dir='ltr'><strong>ἓ</strong></span> <span class='ocrx_word' id='word_1_4' title='bbox 395 240 451 280; x_wconf 84' lang='lat'>53</span> <span class='ocrx_word' id='word_1_5' title='bbox 483 242 621 282; x_wconf 89' lang='lat' dir='ltr'>oratio</span> <span class='ocrx_word' id='word_1_6' title='bbox 652 242 999 296; x_wconf 85' lang='lat' dir='ltr'>interpungenda</span> <span class='ocrx_word' id='word_1_7' title='bbox 1030 244 1091 285; x_wconf 91' lang='lat' dir='ltr'>sic</span> <span class='ocrx_word' id='word_1_8' title='bbox 1123 246 1208 285; x_wconf 88' lang='lat' dir='ltr'>est:</span> <span class='ocrx_word' id='word_1_9' title='bbox 1241 244 1506 298; x_wconf 76' lang='lat' dir='ltr'>Respirasset</span> <span class='ocrx_word' id='word_1_10' title='bbox 1536 245 1697 299; x_wconf 75' lang='lat' dir='ltr'>cupidi-</span> 
     </span>
     <span class='ocr_line' id='line_1_3' title="bbox 103 310 1696 367; baseline 0.006 -18"><span class='ocrx_word' id='word_1_11' title='bbox 103 314 169 350; x_wconf 85' lang='lat' dir='ltr'>tas</span> <span class='ocrx_word' id='word_1_12' title='bbox 200 314 238 350; x_wconf 91' lang='lat' dir='ltr'>et</span> <span class='ocrx_word' id='word_1_13' title='bbox 269 310 482 362; x_wconf 63' lang='lat' dir='ltr'>ava-rim,-</span> <span class='ocrx_word' id='word_1_14' title='bbox 519 312 700 364; x_wconf 78' lang='lat' dir='ltr'>paulum</span> <span class='ocrx_word' id='word_1_15' title='bbox 740 313 904 367; x_wconf 76' lang='lat' dir='ltr'><em>aliquid</em></span> <span class='ocrx_word' id='word_1_16' title='bbox 935 314 1012 354; x_wconf 79' lang='lat' dir='ltr'>loci</span> <span class='ocrx_word' id='word_1_17' title='bbox 1042 315 1201 354; x_wconf 73' lang='lat' dir='ltr'>rationi</span> <span class='ocrx_word' id='word_1_18' title='bbox 1233 319 1269 355; x_wconf 91' lang='lat' dir='ltr'>et</span> <span class='ocrx_word' id='word_1_19' title='bbox 1299 316 1468 356; x_wconf 83' lang='lat' dir='ltr'>consilio</span> <span class='ocrx_word' id='word_1_20' title='bbox 1500 316 1696 358; x_wconf 80' lang='lat' dir='ltr'><em>dedisses.</em></span> 
     </span>
     <span class='ocr_line' id='line_1_4' title="bbox 102 379 1699 439; baseline 0.005 -19"><span class='ocrx_word' id='word_1_21' title='bbox 102 379 166 420; x_wconf 91' lang='lat' dir='ltr'>De</span> <span class='ocrx_word' id='word_1_22' title='bbox 199 380 434 421; x_wconf 91' lang='lat' dir='ltr'>coniunctis</span> <span class='ocrx_word' id='word_1_23' title='bbox 466 380 533 422; x_wconf 89' lang='lat' dir='ltr'>his</span> <span class='ocrx_word' id='word_1_24' title='bbox 565 382 709 422; x_wconf 86' lang='lat' dir='ltr'>verbis</span> <span class='ocrx_word' id='word_1_25' title='bbox 732 383 914 436; x_wconf 76' lang='lat' dir='ltr'>paulum</span> <span class='ocrx_word' id='word_1_26' title='bbox 947 385 1111 439; x_wconf 78' lang='lat' dir='ltr'>aliquid</span> <span class='ocrx_word' id='word_1_27' title='bbox 1142 384 1326 426; x_wconf 90' lang='lat' dir='ltr'>conferri</span> <span class='ocrx_word' id='word_1_28' title='bbox 1349 388 1565 438; x_wconf 84' lang='lat' dir='ltr'>poterunt,</span> <span class='ocrx_word' id='word_1_29' title='bbox 1599 400 1699 439; x_wconf 83' lang='lat' dir='ltr'>quae</span> 
     </span>
     <span class='ocr_line' id='line_1_5' title="bbox 101 449 1525 510; baseline 0.006 -20"><span class='ocrx_word' id='word_1_30' title='bbox 101 449 252 503; x_wconf 85' lang='lat' dir='ltr'>scripsi</span> <span class='ocrx_word' id='word_1_31' title='bbox 283 450 340 491; x_wconf 87' lang='lat' dir='ltr'>ad</span> <span class='ocrx_word' id='word_1_32' title='bbox 372 450 457 492; x_wconf 88' lang='lat' dir='ltr'>Cic.</span> <span class='ocrx_word' id='word_1_33' title='bbox 491 451 545 492; x_wconf 86' lang='lat' dir='ltr'>de</span> <span class='ocrx_word' id='word_1_34' title='bbox 576 451 754 493; x_wconf 78' lang='lat' dir='ltr'><strong>Finibus</strong></span> <span class='ocrx_word' id='word_1_35' title='bbox 785 453 834 502; x_wconf 80' lang='lat' dir='ltr'>V,</span> <span class='ocrx_word' id='word_1_36' title='bbox 868 454 925 494; x_wconf 86' lang='lat'>30</span> <span class='ocrx_word' id='word_1_37' title='bbox 955 467 998 507; x_wconf 89' lang='lat' dir='ltr'>p.</span> <span class='ocrx_word' id='word_1_38' title='bbox 1033 455 1117 496; x_wconf 77' lang='lat'>782</span> <span class='ocrx_word' id='word_1_39' title='bbox 1150 453 1211 508; x_wconf 88' lang='lat' dir='ltr'>[p.</span> <span class='ocrx_word' id='word_1_40' title='bbox 1247 456 1330 497; x_wconf 83' lang='lat'>769</span> <span class='ocrx_word' id='word_1_41' title='bbox 1363 457 1430 497; x_wconf 90' lang='lat' dir='ltr'>ed.</span> <span class='ocrx_word' id='word_1_42' title='bbox 1464 455 1525 510; x_wconf 83' lang='lat'>3].</span> 
     </span>
    </p>

    <p class='ocr_par' dir='ltr' id='par_1_3' title="bbox 97 519 1698 1068">
     <span class='ocr_line' id='line_1_6' title="bbox 219 519 1696 581; baseline 0.005 -20"><span class='ocrx_word' id='word_1_43' title='bbox 219 520 312 562; x_wconf 86' lang='lat' dir='ltr'>Ibd.</span> <span class='ocrx_word' id='word_1_44' title='bbox 344 519 369 572; x_wconf 62' lang='grc' dir='ltr'><strong>ἓ</strong></span> <span class='ocrx_word' id='word_1_45' title='bbox 400 520 470 561; x_wconf 83' lang='grc'>54.</span> <span class='ocrx_word' id='word_1_46' title='bbox 534 521 752 562; x_wconf 82' lang='lat' dir='ltr'>Postulone</span> <span class='ocrx_word' id='word_1_47' title='bbox 785 537 811 563; x_wconf 86' lang='lat' dir='ltr'><strong><em>a</em></strong></span> <span class='ocrx_word' id='word_1_48' title='bbox 835 529 1033 578; x_wconf 42' lang='lat' dir='ltr'>praetore)</span> <span class='ocrx_word' id='word_1_49' title='bbox 1075 530 1121 566; x_wconf 83' lang='lat' dir='ltr'>ut</span> <span class='ocrx_word' id='word_1_50' title='bbox 1159 527 1247 566; x_wconf 80' lang='lat' dir='ltr'>eius</span> <span class='ocrx_word' id='word_1_51' title='bbox 1284 526 1390 567; x_wconf 81' lang='lat' dir='ltr'>bona</span> <span class='ocrx_word' id='word_1_52' title='bbox 1427 527 1533 567; x_wconf 74' lang='lat' dir='ltr'>mihi</span> <span class='ocrx_word' id='word_1_53' title='bbox 1555 529 1696 581; x_wconf 73' lang='lat' dir='ltr'>possi-</span> 
     </span>
     <span class='ocr_line' id='line_1_7' title="bbox 101 590 1693 652; baseline 0.006 -22"><span class='ocrx_word' id='word_1_54' title='bbox 101 590 198 631; x_wconf 82' lang='lat' dir='ltr'>dere</span> <span class='ocrx_word' id='word_1_55' title='bbox 244 591 378 643; x_wconf 78' lang='lat' dir='ltr'>liceat,</span> <span class='ocrx_word' id='word_1_56' title='bbox 427 605 496 644; x_wconf 70' lang='lat' dir='ltr'>an,</span> <span class='ocrx_word' id='word_1_57' title='bbox 545 606 671 646; x_wconf 76' lang='lat' dir='ltr'>quum</span> <span class='ocrx_word' id='word_1_58' title='bbox 718 593 863 634; x_wconf 83' lang='lat' dir='ltr'>Romce</span> <span class='ocrx_word' id='word_1_59' title='bbox 910 594 1056 636; x_wconf 80' lang='lat' dir='ltr'>domus</span> <span class='ocrx_word' id='word_1_60' title='bbox 1102 597 1208 648; x_wconf 77' lang='lat' dir='ltr'>eius,</span> <span class='ocrx_word' id='word_1_61' title='bbox 1256 610 1382 650; x_wconf 71' lang='lat' dir='ltr'>uxor,</span> <span class='ocrx_word' id='word_1_62' title='bbox 1431 597 1553 638; x_wconf 77' lang='lat' dir='ltr'>liberi</span> <span class='ocrx_word' id='word_1_63' title='bbox 1597 599 1693 652; x_wconf 81' lang='lat' dir='ltr'>sint,</span> 
     </span>
     <span class='ocr_line' id='line_1_8' title="bbox 100 661 1695 718; baseline 0.005 -17"><span class='ocrx_word' id='word_1_64' title='bbox 100 661 268 702; x_wconf 81' lang='lat' dir='ltr'>domum</span> <span class='ocrx_word' id='word_1_65' title='bbox 298 662 442 715; x_wconf 78' lang='lat' dir='ltr'>potius</span> <span class='ocrx_word' id='word_1_66' title='bbox 480 662 749 704; x_wconf 73' lang='lat' dir='ltr'><em>denuntiem?</em></span> <span class='ocrx_word' id='word_1_67' title='bbox 792 664 942 717; x_wconf 81' lang='lat' dir='ltr'><em>Neque</em></span> <span class='ocrx_word' id='word_1_68' title='bbox 980 678 1058 718; x_wconf 92' lang='lat' dir='ltr'>per</span> <span class='ocrx_word' id='word_1_69' title='bbox 1101 679 1148 707; x_wconf 93' lang='lat' dir='ltr'>se</span> <span class='ocrx_word' id='word_1_70' title='bbox 1191 667 1485 708; x_wconf 82' lang='lat' dir='ltr'>coniunctivus</span> <span class='ocrx_word' id='word_1_71' title='bbox 1527 668 1572 708; x_wconf 91' lang='lat' dir='ltr'>in</span> <span class='ocrx_word' id='word_1_72' title='bbox 1612 668 1695 709; x_wconf 85' lang='lat' dir='ltr'>hac</span> 
     </span>
     <span class='ocr_line' id='line_1_9' title="bbox 99 732 1696 791; baseline 0.004 -19"><span class='ocrx_word' id='word_1_73' title='bbox 99 744 247 773; x_wconf 91' lang='lat' dir='ltr'>secum</span> <span class='ocrx_word' id='word_1_74' title='bbox 279 732 589 775; x_wconf 80' lang='lat' dir='ltr'>deliberatione</span> <span class='ocrx_word' id='word_1_75' title='bbox 622 733 757 786; x_wconf 86' lang='lat' dir='ltr'>(nulla</span> <span class='ocrx_word' id='word_1_76' title='bbox 789 735 975 787; x_wconf 84' lang='lat' dir='ltr'>negandi</span> <span class='ocrx_word' id='word_1_77' title='bbox 1014 736 1341 790; x_wconf 84' lang='lat' dir='ltr'>significatione)</span> <span class='ocrx_word' id='word_1_78' title='bbox 1373 741 1490 779; x_wconf 88' lang='lat' dir='ltr'>recte</span> <span class='ocrx_word' id='word_1_79' title='bbox 1521 738 1696 791; x_wconf 89' lang='lat' dir='ltr'>ponitur</span> 
     </span>
     <span class='ocr_line' id='line_1_10' title="bbox 99 803 1698 857; baseline 0.005 -16"><span class='ocrx_word' id='word_1_80' title='bbox 99 814 241 854; x_wconf 77' lang='lat' dir='ltr'>neque</span> <span class='ocrx_word' id='word_1_81' title='bbox 271 804 389 843; x_wconf 90' lang='lat' dir='ltr'>recte</span> <span class='ocrx_word' id='word_1_82' title='bbox 427 803 521 845; x_wconf 88' lang='lat' dir='ltr'>haec</span> <span class='ocrx_word' id='word_1_83' title='bbox 562 805 838 857; x_wconf 79' lang='lat' dir='ltr'>copulantur:</span> <span class='ocrx_word' id='word_1_84' title='bbox 887 806 1106 848; x_wconf 80' lang='lat' dir='ltr'>Postulone</span> <span class='ocrx_word' id='word_1_85' title='bbox 1144 830 1199 836; x_wconf 91' lang='lat'><strong>—</strong></span> <span class='ocrx_word' id='word_1_86' title='bbox 1239 822 1296 849; x_wconf 80' lang='lat' dir='ltr'>an</span> <span class='ocrx_word' id='word_1_87' title='bbox 1336 831 1388 836; x_wconf 91' lang='lat'>--</span> <span class='ocrx_word' id='word_1_88' title='bbox 1429 808 1698 849; x_wconf 73' lang='lat' dir='ltr'><em>denuntiem?</em></span> 
     </span>
     <span class='ocr_line' id='line_1_11' title="bbox 97 871 1690 928; baseline 0.004 -15"><span class='ocrx_word' id='word_1_89' title='bbox 97 871 271 923; x_wconf 84' lang='lat' dir='ltr'><em>Vereor,</em></span> <span class='ocrx_word' id='word_1_90' title='bbox 304 885 359 914; x_wconf 92' lang='lat' dir='ltr'>ne</span> <span class='ocrx_word' id='word_1_91' title='bbox 392 875 688 916; x_wconf 83' lang='lat' dir='ltr'>coniunctivus</span> <span class='ocrx_word' id='word_1_92' title='bbox 721 878 840 917; x_wconf 87' lang='lat' dir='ltr'>ortus</span> <span class='ocrx_word' id='word_1_93' title='bbox 873 877 928 917; x_wconf 89' lang='lat' dir='ltr'>sit</span> <span class='ocrx_word' id='word_1_94' title='bbox 961 890 1014 917; x_wconf 78' lang='lat' dir='ltr'>ex</span> <span class='ocrx_word' id='word_1_95' title='bbox 1036 878 1157 918; x_wconf 76' lang='lat' dir='ltr'>liceat</span> <span class='ocrx_word' id='word_1_96' title='bbox 1179 881 1221 919; x_wconf 89' lang='lat' dir='ltr'>et</span> <span class='ocrx_word' id='word_1_97' title='bbox 1242 879 1337 928; x_wconf 76' lang='lat' dir='ltr'>sint,</span> <span class='ocrx_word' id='word_1_98' title='bbox 1372 878 1520 920; x_wconf 87' lang='lat' dir='ltr'>Cicero</span> <span class='ocrx_word' id='word_1_99' title='bbox 1545 881 1690 919; x_wconf 89' lang='lat' dir='ltr'>autem</span> 
     </span>
     <span class='ocr_line' id='line_1_12' title="bbox 97 943 1694 1002; baseline 0.004 -19"><span class='ocrx_word' id='word_1_100' title='bbox 97 943 317 996; x_wconf 81' lang='lat' dir='ltr'>scripserit</span> <span class='ocrx_word' id='word_1_101' title='bbox 347 943 557 986; x_wconf 77' lang='lat' dir='ltr'><em>denuntio.</em></span> <span class='ocrx_word' id='word_1_102' title='bbox 621 944 735 998; x_wconf 91' lang='lat' dir='ltr'>(Non</span> <span class='ocrx_word' id='word_1_103' title='bbox 766 947 1050 998; x_wconf 84' lang='lat' dir='ltr'>satisfaciunt,</span> <span class='ocrx_word' id='word_1_104' title='bbox 1089 961 1186 1000; x_wconf 78' lang='lat' dir='ltr'>quae</span> <span class='ocrx_word' id='word_1_105' title='bbox 1219 949 1273 989; x_wconf 90' lang='lat' dir='ltr'>de</span> <span class='ocrx_word' id='word_1_106' title='bbox 1304 949 1386 990; x_wconf 89' lang='lat' dir='ltr'>hoc</span> <span class='ocrx_word' id='word_1_107' title='bbox 1417 949 1510 990; x_wconf 92' lang='lat' dir='ltr'>loco</span> <span class='ocrx_word' id='word_1_108' title='bbox 1543 950 1694 1002; x_wconf 85' lang='lat' dir='ltr'>scripsi</span> 
     </span>
     <span class='ocr_line' id='line_1_13' title="bbox 98 1012 578 1068; baseline 0.006 -14"><span class='ocrx_word' id='word_1_109' title='bbox 98 1012 257 1066; x_wconf 89' lang='lat' dir='ltr'>Opusc.</span> <span class='ocrx_word' id='word_1_110' title='bbox 290 1013 326 1054; x_wconf 96' lang='grc' dir='ltr'>ΙΙ</span> <span class='ocrx_word' id='word_1_111' title='bbox 356 1027 455 1068; x_wconf 83' lang='lat' dir='ltr'>pag.</span> <span class='ocrx_word' id='word_1_112' title='bbox 488 1013 578 1068; x_wconf 82' lang='lat'>40.)</span> 
     </span>
    </p>

    <p class='ocr_par' dir='ltr' id='par_1_4' title="bbox 96 1083 1692 1213">
     <span class='ocr_line' id='line_1_14' title="bbox 215 1083 1692 1139; baseline 0.004 -14"><span class='ocrx_word' id='word_1_113' title='bbox 215 1084 308 1125; x_wconf 91' lang='lat' dir='ltr'>Ibd.</span> <span class='ocrx_word' id='word_1_114' title='bbox 349 1083 372 1136; x_wconf 66' lang='grc' dir='ltr'>ἓ</span> <span class='ocrx_word' id='word_1_115' title='bbox 406 1085 457 1125; x_wconf 82' lang='grc'>71</span> <span class='ocrx_word' id='word_1_116' title='bbox 508 1087 870 1128; x_wconf 78' lang='lat' dir='ltr'>sermocinantem</span> <span class='ocrx_word' id='word_1_117' title='bbox 918 1088 1067 1130; x_wconf 87' lang='lat' dir='ltr'>Cicero</span> <span class='ocrx_word' id='word_1_118' title='bbox 1114 1089 1337 1139; x_wconf 84' lang='lat' dir='ltr'>Quintium</span> <span class='ocrx_word' id='word_1_119' title='bbox 1384 1089 1548 1130; x_wconf 82' lang='lat' dir='ltr'>inducit</span> <span class='ocrx_word' id='word_1_120' title='bbox 1595 1102 1692 1131; x_wconf 90' lang='lat' dir='ltr'>cum</span> 
     </span>
     <span class='ocr_line' id='line_1_15' title="bbox 96 1155 1692 1213; baseline 0.004 -18"><span class='ocrx_word' id='word_1_121' title='bbox 96 1155 417 1207; x_wconf 82' lang='lat' dir='ltr'>superbissimis</span> <span class='ocrx_word' id='word_1_122' title='bbox 472 1159 515 1197; x_wconf 91' lang='lat' dir='ltr'>et</span> <span class='ocrx_word' id='word_1_123' title='bbox 560 1157 840 1209; x_wconf 87' lang='lat' dir='ltr'>iniquissimis</span> <span class='ocrx_word' id='word_1_124' title='bbox 888 1159 1168 1201; x_wconf 84' lang='lat' dir='ltr'>adversariis:</span> <span class='ocrx_word' id='word_1_125' title='bbox 1226 1159 1291 1200; x_wconf 89' lang='lat' dir='ltr'><em>De</em></span> <span class='ocrx_word' id='word_1_126' title='bbox 1344 1174 1390 1200; x_wconf 77' lang='lat' dir='ltr'>re</span> <span class='ocrx_word' id='word_1_127' title='bbox 1436 1161 1692 1213; x_wconf 74' lang='lat' dir='ltr'>pecuniaria</span> 
     </span>
    </p>
   </div>
   <div class='ocr_carea' id='block_1_3' title="bbox 94 1226 1691 1425">
    <p class='ocr_par' dir='ltr' id='par_1_5' title="bbox 94 1226 1691 1425">
     <span class='ocr_line' id='line_1_16' title="bbox 97 1226 1690 1279; baseline 0.004 -14"><span class='ocrx_word' id='word_1_128' title='bbox 97 1226 217 1279; x_wconf 77' lang='lat' dir='ltr'>cupio</span> <span class='ocrx_word' id='word_1_129' title='bbox 255 1227 511 1268; x_wconf 74' lang='lat' dir='ltr'><em>contendere.</em></span> <span class='ocrx_word' id='word_1_130' title='bbox 553 1250 608 1255; x_wconf 91' lang='lat'><strong>—</strong></span> <span class='ocrx_word' id='word_1_131' title='bbox 649 1228 744 1268; x_wconf 84' lang='lat' dir='ltr'>Non</span> <span class='ocrx_word' id='word_1_132' title='bbox 784 1229 887 1269; x_wconf 68' lang='lat' dir='ltr'><em>lieet.</em></span> <span class='ocrx_word' id='word_1_133' title='bbox 930 1252 981 1256; x_wconf 92' lang='lat'>—</span> <span class='ocrx_word' id='word_1_134' title='bbox 1025 1230 1082 1270; x_wconf 87' lang='lat' dir='ltr'>At</span> <span class='ocrx_word' id='word_1_135' title='bbox 1120 1244 1169 1270; x_wconf 82' lang='lat' dir='ltr'><em>ea</em></span> <span class='ocrx_word' id='word_1_136' title='bbox 1207 1231 1487 1271; x_wconf 74' lang='lat' dir='ltr'>controversia</span> <span class='ocrx_word' id='word_1_137' title='bbox 1526 1235 1595 1271; x_wconf 87' lang='lat' dir='ltr'>est.</span> <span class='ocrx_word' id='word_1_138' title='bbox 1637 1254 1690 1259; x_wconf 90' lang='lat'>—-</span> 
     </span>
     <span class='ocr_line' id='line_1_17' title="bbox 96 1295 1691 1355; baseline 0.004 -20"><span class='ocrx_word' id='word_1_139' title='bbox 96 1295 220 1336; x_wconf 74' lang='lat' dir='ltr'><em>Nihil</em></span> <span class='ocrx_word' id='word_1_140' title='bbox 251 1296 309 1336; x_wconf 89' lang='lat' dir='ltr'>ad</span> <span class='ocrx_word' id='word_1_141' title='bbox 339 1310 403 1337; x_wconf 83' lang='lat' dir='ltr'>me</span> <span class='ocrx_word' id='word_1_142' title='bbox 442 1299 611 1350; x_wconf 47' lang='lat' dir='ltr'><em>‹attinea-</em></span> <span class='ocrx_word' id='word_1_143' title='bbox 657 1312 826 1340; x_wconf 77' lang='lat' dir='ltr'>cansccm</span> <span class='ocrx_word' id='word_1_144' title='bbox 867 1300 1018 1353; x_wconf 74' lang='lat' dir='ltr'>eapitis</span> <span class='ocrx_word' id='word_1_145' title='bbox 1054 1300 1172 1341; x_wconf 79' lang='lat' dir='ltr'>dieas</span> <span class='ocrx_word' id='word_1_146' title='bbox 1210 1305 1376 1354; x_wconf 70' lang='lat' dir='ltr'>oportet.</span> <span class='ocrx_word' id='word_1_147' title='bbox 1418 1323 1474 1328; x_wconf 97' lang='lat'><strong>—</strong></span> <span class='ocrx_word' id='word_1_148' title='bbox 1513 1300 1691 1355; x_wconf 78' lang='lat' dir='ltr'>Aecusa,</span> 
     </span>
     <span class='ocr_line' id='line_1_18' title="bbox 94 1366 1691 1425; baseline 0.003 -18"><span class='ocrx_word' id='word_1_149' title='bbox 94 1366 167 1407; x_wconf 78' lang='lat' dir='ltr'>ubi</span> <span class='ocrx_word' id='word_1_150' title='bbox 195 1367 259 1408; x_wconf 78' lang='lat' dir='ltr'>ita</span> <span class='ocrx_word' id='word_1_151' title='bbox 289 1381 449 1408; x_wconf 82' lang='lat' dir='ltr'>necesse</span> <span class='ocrx_word' id='word_1_152' title='bbox 481 1374 550 1410; x_wconf 80' lang='lat' dir='ltr'>est.</span> <span class='ocrx_word' id='word_1_153' title='bbox 585 1392 640 1397; x_wconf 91' lang='lat'><strong>—</strong></span> <span class='ocrx_word' id='word_1_154' title='bbox 674 1367 783 1422; x_wconf 69' lang='lat' dir='ltr'>Non7</span> <span class='ocrx_word' id='word_1_155' title='bbox 816 1371 964 1425; x_wconf 71' lang='lat' dir='ltr'>inquit,</span> <span class='ocrx_word' id='word_1_156' title='bbox 998 1371 1083 1411; x_wconf 67' lang='lat' dir='ltr'>nisi</span> <span class='ocrx_word' id='word_1_157' title='bbox 1113 1376 1157 1411; x_wconf 81' lang='lat' dir='ltr'>tn</span> <span class='ocrx_word' id='word_1_158' title='bbox 1190 1375 1285 1411; x_wconf 82' lang='lat' dir='ltr'><em>ante</em></span> <span class='ocrx_word' id='word_1_159' title='bbox 1316 1385 1417 1411; x_wconf 75' lang='lat' dir='ltr'>novo</span> <span class='ocrx_word' id='word_1_160' title='bbox 1449 1371 1568 1412; x_wconf 84' lang='lat' dir='ltr'>modo</span> <span class='ocrx_word' id='word_1_161' title='bbox 1592 1373 1691 1425; x_wconf 75' lang='lat' dir='ltr'>pri-</span> 
     </span>
    </p>
   </div>
   <div class='ocr_carea' id='block_1_4' title="bbox 83 1438 1691 2903">
    <p class='ocr_par' dir='ltr' id='par_1_6' title="bbox 83 1438 1691 2903">
     <span class='ocr_line' id='line_1_19' title="bbox 95 1438 1691 1494; baseline 0.003 -16"><span class='ocrx_word' id='word_1_162' title='bbox 95 1451 165 1478; x_wconf 79' lang='lat' dir='ltr'>ore</span> <span class='ocrx_word' id='word_1_163' title='bbox 196 1438 281 1479; x_wconf 81' lang='lat' dir='ltr'><em>loco</em></span> <span class='ocrx_word' id='word_1_164' title='bbox 313 1438 486 1480; x_wconf 68' lang='lat' dir='ltr'>dixeris.</span> <span class='ocrx_word' id='word_1_165' title='bbox 551 1440 788 1480; x_wconf 66' lang='lat' dir='ltr'>Dicendum</span> <span class='ocrx_word' id='word_1_166' title='bbox 831 1442 1060 1482; x_wconf 74' lang='lat' dir='ltr'>necessario</span> <span class='ocrx_word' id='word_1_167' title='bbox 1099 1446 1178 1482; x_wconf 80' lang='lat' dir='ltr'>est:</span> <span class='ocrx_word' id='word_1_168' title='bbox 1218 1442 1535 1494; x_wconf 68' lang='lat' dir='ltr'>praestituendoe</span> <span class='ocrx_word' id='word_1_169' title='bbox 1576 1442 1691 1483; x_wconf 73' lang='lat' dir='ltr'>horae</span> 
     </span>
     <span class='ocr_line' id='line_1_20' title="bbox 95 1508 1690 1564; baseline 0.004 -16"><span class='ocrx_word' id='word_1_170' title='bbox 95 1508 154 1548; x_wconf 85' lang='lat' dir='ltr'>ad</span> <span class='ocrx_word' id='word_1_171' title='bbox 183 1513 370 1549; x_wconf 80' lang='lat' dir='ltr'>nostrum</span> <span class='ocrx_word' id='word_1_172' title='bbox 413 1509 637 1550; x_wconf 73' lang='lat' dir='ltr'>arbitrium</span> <span class='ocrx_word' id='word_1_173' title='bbox 647 1525 664 1560; x_wconf 81' lang='lat'>,·</span> <span class='ocrx_word' id='word_1_174' title='bbox 710 1511 837 1551; x_wconf 69' lang='lat' dir='ltr'>iudeoe</span> <span class='ocrx_word' id='word_1_175' title='bbox 877 1513 965 1564; x_wconf 72' lang='lat' dir='ltr'>ipse</span> <span class='ocrx_word' id='word_1_176' title='bbox 1007 1512 1216 1552; x_wconf 65' lang='lat' dir='ltr'>arcebit-ur</span> <span class='ocrx_word' id='word_1_177' title='bbox 1258 1511 1432 1564; x_wconf 74' lang='lat' dir='ltr'>(arcebit</span> <span class='ocrx_word' id='word_1_178' title='bbox 1472 1526 1548 1554; x_wconf 80' lang='lat' dir='ltr'>vos</span> <span class='ocrx_word' id='word_1_179' title='bbox 1592 1526 1690 1555; x_wconf 89' lang='lat' dir='ltr'>cum</span> 
     </span>
     <span class='ocr_line' id='line_1_21' title="bbox 94 1577 1690 1636; baseline 0.003 -16"><span class='ocrx_word' id='word_1_180' title='bbox 94 1577 354 1632; x_wconf 86' lang='lat' dir='ltr'>Spengelio).</span> <span class='ocrx_word' id='word_1_181' title='bbox 402 1581 599 1633; x_wconf 83' lang='lat' dir='ltr'>Apparet</span> <span class='ocrx_word' id='word_1_182' title='bbox 629 1581 673 1621; x_wconf 91' lang='lat' dir='ltr'>in</span> <span class='ocrx_word' id='word_1_183' title='bbox 707 1583 910 1623; x_wconf 76' lang='lat' dir='ltr'>extremis</span> <span class='ocrx_word' id='word_1_184' title='bbox 943 1582 1009 1622; x_wconf 91' lang='lat' dir='ltr'>his</span> <span class='ocrx_word' id='word_1_185' title='bbox 1040 1582 1229 1634; x_wconf 89' lang='lat' dir='ltr'>primum</span> <span class='ocrx_word' id='word_1_186' title='bbox 1262 1583 1389 1623; x_wconf 89' lang='lat' dir='ltr'>nimis</span> <span class='ocrx_word' id='word_1_187' title='bbox 1421 1583 1545 1636; x_wconf 86' lang='lat' dir='ltr'>longe</span> <span class='ocrx_word' id='word_1_188' title='bbox 1577 1584 1690 1625; x_wconf 90' lang='lat' dir='ltr'>trahi</span> 
     </span>
     <span class='ocr_line' id='line_1_22' title="bbox 94 1651 1688 1702; baseline 0.002 -11"><span class='ocrx_word' id='word_1_189' title='bbox 94 1651 443 1692; x_wconf 86' lang='lat' dir='ltr'>adversariorum</span> <span class='ocrx_word' id='word_1_190' title='bbox 489 1651 750 1700; x_wconf 86' lang='lat' dir='ltr'>orationem;</span> <span class='ocrx_word' id='word_1_191' title='bbox 799 1652 955 1693; x_wconf 90' lang='lat' dir='ltr'>deinde</span> <span class='ocrx_word' id='word_1_192' title='bbox 1003 1652 1171 1693; x_wconf 86' lang='lat' dir='ltr'>misceri</span> <span class='ocrx_word' id='word_1_193' title='bbox 1219 1652 1411 1694; x_wconf 83' lang='lat' dir='ltr'>diversas</span> <span class='ocrx_word' id='word_1_194' title='bbox 1458 1667 1548 1702; x_wconf 88' lang='lat' dir='ltr'>res;</span> <span class='ocrx_word' id='word_1_195' title='bbox 1597 1656 1688 1695; x_wconf 90' lang='lat' dir='ltr'>tum</span> 
     </span>
     <span class='ocr_line' id='line_1_23' title="bbox 93 1721 1688 1777; baseline 0.002 -16"><span class='ocrx_word' id='word_1_196' title='bbox 93 1721 294 1773; x_wconf 82' lang='lat' dir='ltr'>superbae</span> <span class='ocrx_word' id='word_1_197' title='bbox 317 1722 661 1763; x_wconf 88' lang='lat' dir='ltr'>comminationis</span> <span class='ocrx_word' id='word_1_198' title='bbox 684 1723 870 1764; x_wconf 86' lang='lat' dir='ltr'>formam</span> <span class='ocrx_word' id='word_1_199' title='bbox 892 1736 1047 1776; x_wconf 89' lang='lat' dir='ltr'>parum</span> <span class='ocrx_word' id='word_1_200' title='bbox 1072 1724 1234 1764; x_wconf 86' lang='lat' dir='ltr'>servari</span> <span class='ocrx_word' id='word_1_201' title='bbox 1266 1724 1310 1763; x_wconf 91' lang='lat' dir='ltr'>in</span> <span class='ocrx_word' id='word_1_202' title='bbox 1333 1724 1578 1776; x_wconf 82' lang='lat' dir='ltr'>gerundivis</span> <span class='ocrx_word' id='word_1_203' title='bbox 1603 1723 1688 1777; x_wconf 79' lang='lat' dir='ltr'>(di-</span> 
     </span>
     <span class='ocr_line' id='line_1_24' title="bbox 92 1791 1687 1846; baseline 0.002 -14"><span class='ocrx_word' id='word_1_204' title='bbox 92 1791 266 1832; x_wconf 81' lang='lat' dir='ltr'>cendum</span> <span class='ocrx_word' id='word_1_205' title='bbox 299 1815 355 1820; x_wconf 92' lang='lat'>—</span> <span class='ocrx_word' id='word_1_206' title='bbox 384 1792 734 1846; x_wconf 66' lang='lat' dir='ltr'>preestituendce);</span> <span class='ocrx_word' id='word_1_207' title='bbox 767 1796 987 1846; x_wconf 88' lang='lat' dir='ltr'>postremo</span> <span class='ocrx_word' id='word_1_208' title='bbox 1019 1794 1123 1834; x_wconf 89' lang='lat' dir='ltr'>nihil</span> <span class='ocrx_word' id='word_1_209' title='bbox 1156 1795 1330 1835; x_wconf 91' lang='lat' dir='ltr'>omnino</span> <span class='ocrx_word' id='word_1_210' title='bbox 1354 1795 1512 1846; x_wconf 84' lang='lat' dir='ltr'>iniquae</span> <span class='ocrx_word' id='word_1_211' title='bbox 1536 1797 1687 1846; x_wconf 89' lang='lat' dir='ltr'>postu—</span> 
     </span>
     <span class='ocr_line' id='line_1_25' title="bbox 91 1862 1687 1918; baseline 0.002 -15"><span class='ocrx_word' id='word_1_212' title='bbox 91 1862 263 1903; x_wconf 85' lang='lat' dir='ltr'>lationis</span> <span class='ocrx_word' id='word_1_213' title='bbox 285 1875 379 1903; x_wconf 90' lang='lat' dir='ltr'>esse</span> <span class='ocrx_word' id='word_1_214' title='bbox 401 1863 445 1903; x_wconf 90' lang='lat' dir='ltr'>in</span> <span class='ocrx_word' id='word_1_215' title='bbox 466 1863 566 1904; x_wconf 86' lang='lat' dir='ltr'>illis:</span> <span class='ocrx_word' id='word_1_216' title='bbox 600 1864 819 1904; x_wconf 73' lang='lat' dir='ltr'>dicendum</span> <span class='ocrx_word' id='word_1_217' title='bbox 854 1865 1085 1904; x_wconf 69' lang='lat' dir='ltr'>necessario</span> <span class='ocrx_word' id='word_1_218' title='bbox 1112 1869 1180 1904; x_wconf 81' lang='lat' dir='ltr'>est.</span> <span class='ocrx_word' id='word_1_219' title='bbox 1230 1864 1408 1906; x_wconf 85' lang='lat' dir='ltr'>Codices</span> <span class='ocrx_word' id='word_1_220' title='bbox 1436 1869 1583 1905; x_wconf 89' lang='lat' dir='ltr'>autem</span> <span class='ocrx_word' id='word_1_221' title='bbox 1608 1878 1687 1918; x_wconf 91' lang='lat' dir='ltr'>pro</span> 
     </span>
     <span class='ocr_line' id='line_1_26' title="bbox 83 1933 1687 1987; baseline 0.001 -14"><span class='ocrx_word' id='word_1_222' title='bbox 83 1933 402 1986; x_wconf 73' lang='lat' dir='ltr'>proestituendoe</span> <span class='ocrx_word' id='word_1_223' title='bbox 433 1933 597 1974; x_wconf 88' lang='lat' dir='ltr'>habent</span> <span class='ocrx_word' id='word_1_224' title='bbox 630 1934 939 1974; x_wconf 74' lang='lat' dir='ltr'>restitnendmn.</span> <span class='ocrx_word' id='word_1_225' title='bbox 996 1935 1145 1987; x_wconf 81' lang='lat' dir='ltr'>Itaque</span> <span class='ocrx_word' id='word_1_226' title='bbox 1177 1936 1236 1975; x_wconf 89' lang='lat' dir='ltr'>sic</span> <span class='ocrx_word' id='word_1_227' title='bbox 1269 1935 1552 1987; x_wconf 87' lang='lat' dir='ltr'>dispescenda</span> <span class='ocrx_word' id='word_1_228' title='bbox 1583 1935 1687 1976; x_wconf 88' lang='lat' dir='ltr'>scri-</span> 
     </span>
     <span class='ocr_line' id='line_1_27' title="bbox 91 2003 1685 2056; baseline 0.001 -11"><span class='ocrx_word' id='word_1_229' title='bbox 91 2003 324 2056; x_wconf 82' lang='lat' dir='ltr'>bendaque</span> <span class='ocrx_word' id='word_1_230' title='bbox 362 2004 497 2044; x_wconf 78' lang='lat' dir='ltr'>verba</span> <span class='ocrx_word' id='word_1_231' title='bbox 529 2007 648 2044; x_wconf 90' lang='lat' dir='ltr'>sunt:</span> <span class='ocrx_word' id='word_1_232' title='bbox 694 2027 745 2031; x_wconf 82' lang='lat'>——</span> <span class='ocrx_word' id='word_1_233' title='bbox 788 2004 960 2045; x_wconf 65' lang='lat' dir='ltr'>dixeris.</span> <span class='ocrx_word' id='word_1_234' title='bbox 997 2028 1049 2031; x_wconf 75' lang='lat'>—</span> <span class='ocrx_word' id='word_1_235' title='bbox 1086 2005 1321 2045; x_wconf 70' lang='lat' dir='ltr'>Dicendum</span> <span class='ocrx_word' id='word_1_236' title='bbox 1355 2006 1584 2045; x_wconf 76' lang='lat' dir='ltr'>necessario</span> <span class='ocrx_word' id='word_1_237' title='bbox 1616 2010 1685 2046; x_wconf 83' lang='lat' dir='ltr'>est.</span> 
     </span>
     <span class='ocr_line' id='line_1_28' title="bbox 92 2072 1688 2128; baseline 0.001 -13"><span class='ocrx_word' id='word_1_238' title='bbox 92 2072 217 2128; x_wconf 82' lang='lat' dir='ltr'>(Haec</span> <span class='ocrx_word' id='word_1_239' title='bbox 249 2074 409 2125; x_wconf 89' lang='lat' dir='ltr'>Quintii</span> <span class='ocrx_word' id='word_1_240' title='bbox 443 2078 543 2115; x_wconf 85' lang='lat' dir='ltr'>sunt</span> <span class='ocrx_word' id='word_1_241' title='bbox 573 2075 791 2127; x_wconf 86' lang='lat' dir='ltr'>patienter</span> <span class='ocrx_word' id='word_1_242' title='bbox 823 2088 868 2116; x_wconf 89' lang='lat' dir='ltr'>se</span> <span class='ocrx_word' id='word_1_243' title='bbox 903 2074 1244 2127; x_wconf 87' lang='lat' dir='ltr'>summittentis.)</span> <span class='ocrx_word' id='word_1_244' title='bbox 1281 2099 1331 2103; x_wconf 88' lang='lat'>—-</span> <span class='ocrx_word' id='word_1_245' title='bbox 1366 2076 1688 2116; x_wconf 63' lang='lat' dir='ltr'>Praestituentur</span> 
     </span>
     <span class='ocr_line' id='line_1_29' title="bbox 90 2144 1685 2199; baseline 0.001 -14"><span class='ocrx_word' id='word_1_246' title='bbox 90 2144 206 2186; x_wconf 76' lang='lat' dir='ltr'>horoe</span> <span class='ocrx_word' id='word_1_247' title='bbox 237 2145 295 2185; x_wconf 84' lang='lat' dir='ltr'>ad</span> <span class='ocrx_word' id='word_1_248' title='bbox 315 2150 501 2186; x_wconf 71' lang='lat' dir='ltr'>nostrum</span> <span class='ocrx_word' id='word_1_249' title='bbox 524 2145 774 2197; x_wconf 73' lang='lat' dir='ltr'>arbitrium;</span> <span class='ocrx_word' id='word_1_250' title='bbox 808 2146 933 2186; x_wconf 55' lang='lat' dir='ltr'>iudex:</span> <span class='ocrx_word' id='word_1_251' title='bbox 966 2147 1050 2199; x_wconf 71' lang='lat' dir='ltr'>ipse</span> <span class='ocrx_word' id='word_1_252' title='bbox 1082 2146 1343 2187; x_wconf 73' lang='lat' dir='ltr'>coercebitur.</span> <span class='ocrx_word' id='word_1_253' title='bbox 1390 2146 1540 2198; x_wconf 87' lang='lat' dir='ltr'>Neque</span> <span class='ocrx_word' id='word_1_254' title='bbox 1572 2146 1685 2187; x_wconf 89' lang='lat' dir='ltr'>enim</span> 
     </span>
     <span class='ocr_line' id='line_1_30' title="bbox 91 2215 1685 2270; baseline 0 -12"><span class='ocrx_word' id='word_1_255' title='bbox 91 2229 238 2258; x_wconf 83' lang='lat' dir='ltr'>arcere</span> <span class='ocrx_word' id='word_1_256' title='bbox 269 2216 328 2257; x_wconf 91' lang='lat' dir='ltr'>illi</span> <span class='ocrx_word' id='word_1_257' title='bbox 359 2216 545 2256; x_wconf 85' lang='lat' dir='ltr'>iudicem</span> <span class='ocrx_word' id='word_1_258' title='bbox 577 2216 795 2265; x_wconf 76' lang='lat' dir='ltr'>volebant,</span> <span class='ocrx_word' id='word_1_259' title='bbox 839 2219 887 2257; x_wconf 94' lang='lat' dir='ltr'>ut</span> <span class='ocrx_word' id='word_1_260' title='bbox 928 2217 1132 2258; x_wconf 84' lang='lat' dir='ltr'>accedere</span> <span class='ocrx_word' id='word_1_261' title='bbox 1172 2230 1260 2258; x_wconf 88' lang='lat' dir='ltr'>non</span> <span class='ocrx_word' id='word_1_262' title='bbox 1290 2219 1437 2269; x_wconf 91' lang='lat' dir='ltr'>posset</span> <span class='ocrx_word' id='word_1_263' title='bbox 1476 2215 1547 2270; x_wconf 85' lang='lat'>(—-</span> <span class='ocrx_word' id='word_1_264' title='bbox 1580 2216 1685 2258; x_wconf 90' lang='lat' dir='ltr'>nihil</span> 
     </span>
     <span class='ocr_line' id='line_1_31' title="bbox 92 2286 1686 2340; baseline 0.001 -13"><span class='ocrx_word' id='word_1_265' title='bbox 92 2288 206 2327; x_wconf 83' lang='lat' dir='ltr'>enim</span> <span class='ocrx_word' id='word_1_266' title='bbox 253 2287 369 2328; x_wconf 89' lang='lat' dir='ltr'>aliud</span> <span class='ocrx_word' id='word_1_267' title='bbox 416 2287 460 2327; x_wconf 91' lang='lat' dir='ltr'>id</span> <span class='ocrx_word' id='word_1_268' title='bbox 506 2286 689 2327; x_wconf 85' lang='lat' dir='ltr'>verbum</span> <span class='ocrx_word' id='word_1_269' title='bbox 735 2287 817 2328; x_wconf 88' lang='lat' dir='ltr'>hoc</span> <span class='ocrx_word' id='word_1_270' title='bbox 863 2287 957 2328; x_wconf 90' lang='lat' dir='ltr'>loco</span> <span class='ocrx_word' id='word_1_271' title='bbox 1004 2286 1243 2339; x_wconf 85' lang='lat' dir='ltr'>significare</span> <span class='ocrx_word' id='word_1_272' title='bbox 1290 2290 1434 2339; x_wconf 89' lang='lat' dir='ltr'>potest</span> <span class='ocrx_word' id='word_1_273' title='bbox 1474 2286 1559 2340; x_wconf 87' lang='lat'><strong>-—)‚</strong></span> <span class='ocrx_word' id='word_1_274' title='bbox 1608 2287 1686 2328; x_wconf 90' lang='lat' dir='ltr'>sed</span> 
     </span>
     <span class='ocr_line' id='line_1_32' title="bbox 91 2356 1684 2411; baseline 0 -13"><span class='ocrx_word' id='word_1_275' title='bbox 91 2369 300 2406; x_wconf 80' lang='lat' dir='ltr'>coercere,</span> <span class='ocrx_word' id='word_1_276' title='bbox 345 2360 393 2397; x_wconf 88' lang='lat' dir='ltr'>ut</span> <span class='ocrx_word' id='word_1_277' title='bbox 424 2358 636 2399; x_wconf 78' lang='lat' dir='ltr'>obnoxius</span> <span class='ocrx_word' id='word_1_278' title='bbox 670 2357 825 2409; x_wconf 85' lang='lat' dir='ltr'>iniquis</span> <span class='ocrx_word' id='word_1_279' title='bbox 857 2357 1085 2410; x_wconf 85' lang='lat' dir='ltr'>postulatis</span> <span class='ocrx_word' id='word_1_280' title='bbox 1117 2360 1309 2409; x_wconf 82' lang='lat' dir='ltr'>pareret3</span> <span class='ocrx_word' id='word_1_281' title='bbox 1356 2358 1502 2410; x_wconf 87' lang='lat' dir='ltr'>itaque</span> <span class='ocrx_word' id='word_1_282' title='bbox 1536 2356 1576 2411; x_wconf 65' lang='grc' dir='ltr'>(ξ</span> <span class='ocrx_word' id='word_1_283' title='bbox 1609 2356 1684 2411; x_wconf 81' lang='grc'>33)</span> 
     </span>
     <span class='ocr_line' id='line_1_33' title="bbox 90 2427 1683 2480; baseline 0.001 -12"><span class='ocrx_word' id='word_1_284' title='bbox 90 2427 276 2468; x_wconf 88' lang='lat' dir='ltr'>iudicem</span> <span class='ocrx_word' id='word_1_285' title='bbox 308 2428 352 2468; x_wconf 90' lang='lat' dir='ltr'>in</span> <span class='ocrx_word' id='word_1_286' title='bbox 382 2428 448 2469; x_wconf 92' lang='lat' dir='ltr'>ius</span> <span class='ocrx_word' id='word_1_287' title='bbox 481 2428 734 2476; x_wconf 73' lang='lat' dir='ltr'>eduxerunt,</span> <span class='ocrx_word' id='word_1_288' title='bbox 768 2430 816 2468; x_wconf 89' lang='lat' dir='ltr'>ut</span> <span class='ocrx_word' id='word_1_289' title='bbox 846 2428 1005 2468; x_wconf 82' lang='lat' dir='ltr'>invitus</span> <span class='ocrx_word' id='word_1_290' title='bbox 1038 2440 1064 2468; x_wconf 88' lang='lat' dir='ltr'>a</span> <span class='ocrx_word' id='word_1_291' title='bbox 1094 2430 1281 2480; x_wconf 75' lang='lat' dir='ltr'>praetore</span> <span class='ocrx_word' id='word_1_292' title='bbox 1309 2431 1532 2480; x_wconf 87' lang='lat' dir='ltr'>cogeretur</span> <span class='ocrx_word' id='word_1_293' title='bbox 1554 2428 1683 2469; x_wconf 87' lang='lat' dir='ltr'>horas</span> 
     </span>
     <span class='ocr_line' id='line_1_34' title="bbox 90 2497 1682 2551; baseline 0 -12"><span class='ocrx_word' id='word_1_294' title='bbox 90 2497 253 2548; x_wconf 86' lang='lat' dir='ltr'>Quintii</span> <span class='ocrx_word' id='word_1_295' title='bbox 283 2501 467 2551; x_wconf 88' lang='lat' dir='ltr'>patrono</span> <span class='ocrx_word' id='word_1_296' title='bbox 498 2498 771 2551; x_wconf 81' lang='lat' dir='ltr'>praestituere</span> <span class='ocrx_word' id='word_1_297' title='bbox 802 2498 841 2538; x_wconf 93' lang='lat' dir='ltr'>N</span> <span class='ocrx_word' id='word_1_298' title='bbox 845 2499 939 2539; x_wconf 85' lang='lat' dir='ltr'>aevii</span> <span class='ocrx_word' id='word_1_299' title='bbox 973 2501 1015 2539; x_wconf 87' lang='lat' dir='ltr'>et</span> <span class='ocrx_word' id='word_1_300' title='bbox 1045 2498 1297 2545; x_wconf 62' lang='lat' dir='ltr'>amicorum,</span> <span class='ocrx_word' id='word_1_301' title='bbox 1315 2498 1507 2540; x_wconf 88' lang='lat' dir='ltr'>arbitrio.</span> <span class='ocrx_word' id='word_1_302' title='bbox 1554 2498 1682 2540; x_wconf 85' lang='lat' dir='ltr'>Pror-</span> 
     </span>
     <span class='ocr_line' id='line_1_35' title="bbox 90 2568 1684 2622; baseline -0.001 -13"><span class='ocrx_word' id='word_1_303' title='bbox 90 2581 163 2609; x_wconf 91' lang='lat' dir='ltr'>sus</span> <span class='ocrx_word' id='word_1_304' title='bbox 196 2581 223 2610; x_wconf 88' lang='lat' dir='ltr'>a</span> <span class='ocrx_word' id='word_1_305' title='bbox 259 2582 361 2610; x_wconf 84' lang='lat' dir='ltr'>vero</span> <span class='ocrx_word' id='word_1_306' title='bbox 399 2569 576 2610; x_wconf 90' lang='lat' dir='ltr'>aberrat</span> <span class='ocrx_word' id='word_1_307' title='bbox 616 2568 833 2620; x_wconf 85' lang='lat' dir='ltr'>Spengelii</span> <span class='ocrx_word' id='word_1_308' title='bbox 872 2568 1131 2619; x_wconf 83' lang='lat' dir='ltr'>coniectura,</span> <span class='ocrx_word' id='word_1_309' title='bbox 1179 2569 1223 2610; x_wconf 93' lang='lat' dir='ltr'>in</span> <span class='ocrx_word' id='word_1_310' title='bbox 1262 2582 1348 2622; x_wconf 85' lang='lat' dir='ltr'>qua</span> <span class='ocrx_word' id='word_1_311' title='bbox 1385 2569 1573 2621; x_wconf 90' lang='lat' dir='ltr'>primum</span> <span class='ocrx_word' id='word_1_312' title='bbox 1613 2582 1684 2609; x_wconf 82' lang='lat' dir='ltr'>ar-</span> 
     </span>
     <span class='ocr_line' id='line_1_36' title="bbox 90 2638 1682 2692; baseline -0.001 -12"><span class='ocrx_word' id='word_1_313' title='bbox 90 2639 211 2680; x_wconf 82' lang='lat' dir='ltr'>cendi</span> <span class='ocrx_word' id='word_1_314' title='bbox 240 2640 423 2680; x_wconf 83' lang='lat' dir='ltr'>verbum</span> <span class='ocrx_word' id='word_1_315' title='bbox 459 2638 593 2692; x_wconf 86' lang='lat' dir='ltr'>(quod</span> <span class='ocrx_word' id='word_1_316' title='bbox 623 2641 837 2691; x_wconf 84' lang='lat' dir='ltr'>praeterea</span> <span class='ocrx_word' id='word_1_317' title='bbox 869 2638 1037 2680; x_wconf 89' lang='lat' dir='ltr'>obiecto</span> <span class='ocrx_word' id='word_1_318' title='bbox 1072 2652 1218 2680; x_wconf 91' lang='lat' dir='ltr'>carere</span> <span class='ocrx_word' id='word_1_319' title='bbox 1249 2639 1366 2680; x_wconf 93' lang='lat' dir='ltr'>nullo</span> <span class='ocrx_word' id='word_1_320' title='bbox 1398 2639 1527 2680; x_wconf 91' lang='lat' dir='ltr'>modo</span> <span class='ocrx_word' id='word_1_321' title='bbox 1558 2641 1682 2691; x_wconf 89' lang='lat' dir='ltr'>pote-</span> 
     </span>
     <span class='ocr_line' id='line_1_37' title="bbox 90 2707 1681 2763; baseline -0.001 -12"><span class='ocrx_word' id='word_1_322' title='bbox 90 2707 175 2761; x_wconf 84' lang='lat' dir='ltr'>rat)</span> <span class='ocrx_word' id='word_1_323' title='bbox 223 2710 407 2751; x_wconf 88' lang='lat' dir='ltr'>eandem</span> <span class='ocrx_word' id='word_1_324' title='bbox 453 2710 606 2759; x_wconf 87' lang='lat' dir='ltr'>habet,</span> <span class='ocrx_word' id='word_1_325' title='bbox 658 2722 790 2761; x_wconf 86' lang='lat' dir='ltr'>quam</span> <span class='ocrx_word' id='word_1_326' title='bbox 836 2709 879 2749; x_wconf 92' lang='lat' dir='ltr'>in</span> <span class='ocrx_word' id='word_1_327' title='bbox 927 2709 1122 2750; x_wconf 90' lang='lat' dir='ltr'>codicum</span> <span class='ocrx_word' id='word_1_328' title='bbox 1169 2711 1401 2763; x_wconf 81' lang='lat' dir='ltr'>scriptura,</span> <span class='ocrx_word' id='word_1_329' title='bbox 1456 2709 1681 2750; x_wconf 80' lang='lat' dir='ltr'>sententiae</span> 
     </span>
     <span class='ocr_line' id='line_1_38' title="bbox 90 2779 1681 2833; baseline -0.001 -12"><span class='ocrx_word' id='word_1_330' title='bbox 90 2780 370 2833; x_wconf 83' lang='lat' dir='ltr'>pravitatem3</span> <span class='ocrx_word' id='word_1_331' title='bbox 411 2781 566 2822; x_wconf 93' lang='lat' dir='ltr'>deinde</span> <span class='ocrx_word' id='word_1_332' title='bbox 605 2793 788 2820; x_wconf 83' lang='lat' dir='ltr'>summae</span> <span class='ocrx_word' id='word_1_333' title='bbox 820 2779 1035 2832; x_wconf 81' lang='lat' dir='ltr'>superbiae</span> <span class='ocrx_word' id='word_1_334' title='bbox 1066 2780 1291 2821; x_wconf 88' lang='lat' dir='ltr'>hominum</span> <span class='ocrx_word' id='word_1_335' title='bbox 1321 2781 1464 2833; x_wconf 91' lang='lat' dir='ltr'>ipsum</span> <span class='ocrx_word' id='word_1_336' title='bbox 1495 2779 1681 2820; x_wconf 89' lang='lat' dir='ltr'>iudicem</span> 
     </span>
     <span class='ocr_line' id='line_1_39' title="bbox 91 2849 1680 2903; baseline -0.001 -12"><span class='ocrx_word' id='word_1_337' title='bbox 91 2863 137 2891; x_wconf 92' lang='lat' dir='ltr'>se</span> <span class='ocrx_word' id='word_1_338' title='bbox 168 2850 213 2891; x_wconf 89' lang='lat' dir='ltr'>in</span> <span class='ocrx_word' id='word_1_339' title='bbox 244 2851 438 2892; x_wconf 87' lang='lat' dir='ltr'>ordinem</span> <span class='ocrx_word' id='word_1_340' title='bbox 472 2853 695 2892; x_wconf 90' lang='lat' dir='ltr'>coacturos</span> <span class='ocrx_word' id='word_1_341' title='bbox 735 2850 992 2891; x_wconf 85' lang='lat' dir='ltr'>minantium</span> <span class='ocrx_word' id='word_1_342' title='bbox 1031 2850 1283 2903; x_wconf 82' lang='lat' dir='ltr'>significatio</span> <span class='ocrx_word' id='word_1_343' title='bbox 1319 2850 1494 2892; x_wconf 90' lang='lat' dir='ltr'>tollitur.</span> <span class='ocrx_word' id='word_1_344' title='bbox 1556 2849 1680 2890; x_wconf 84' lang='lat' dir='ltr'>Verae</span> 
     </span>
    </p>
   </div>
   <div class='ocr_carea' id='block_1_5' title="bbox 91 2919 1679 3025">
    <p class='ocr_par' dir='ltr' id='par_1_7' title="bbox 91 2919 1679 3025">
     <span class='ocr_line' id='line_1_40' title="bbox 91 2919 1679 2974; baseline -0.001 -12"><span class='ocrx_word' id='word_1_345' title='bbox 91 2921 313 2974; x_wconf 70' lang='lat' dir='ltr'>scripturae</span> <span class='ocrx_word' id='word_1_346' title='bbox 346 2924 475 2962; x_wconf 91' lang='lat' dir='ltr'>tenue</span> <span class='ocrx_word' id='word_1_347' title='bbox 507 2921 735 2973; x_wconf 83' lang='lat' dir='ltr'>vestigium</span> <span class='ocrx_word' id='word_1_348' title='bbox 766 2920 901 2961; x_wconf 82' lang='lat' dir='ltr'>videri</span> <span class='ocrx_word' id='word_1_349' title='bbox 933 2923 1076 2973; x_wconf 88' lang='lat' dir='ltr'>potest</span> <span class='ocrx_word' id='word_1_350' title='bbox 1108 2934 1201 2963; x_wconf 88' lang='lat' dir='ltr'>esse</span> <span class='ocrx_word' id='word_1_351' title='bbox 1239 2922 1283 2962; x_wconf 94' lang='lat' dir='ltr'>in</span> <span class='ocrx_word' id='word_1_352' title='bbox 1321 2921 1490 2962; x_wconf 90' lang='lat' dir='ltr'>duobus</span> <span class='ocrx_word' id='word_1_353' title='bbox 1522 2919 1679 2961; x_wconf 86' lang='lat' dir='ltr'>Kelleri</span> 
     </span>
     <span class='ocr_line' id='line_1_41' title="bbox 1350 2990 1396 3025; baseline -0.022 0"><span class='ocrx_word' id='word_1_354' title='bbox 1350 2990 1396 3025; x_wconf 88' lang='lat'>46</span> 
     </span>
    </p>
   </div>
  </div>
 </body>
</html>
