1915 3235
823 134 905 174 1:59

68 265 111 304 in
147 263 229 304 hac
267 263 459 304 oratione
497 263 709 316 superiore
754 267 866 303 noete
910 262 1084 303 habitus
1131 263 1300 312 dicitur,
1350 263 1554 315 sequitur,
1604 266 1652 304 ut

66 334 263 386 proxima
301 335 401 374 ante
440 333 627 385 priorem
665 333 903 374 orationem
949 332 1123 374 habitus
1170 334 1238 374 sit.
1308 333 1419 374 Nam
1465 335 1514 374 ut
1558 333 1653 375 haec

66 405 256 458 superior
302 417 388 445 nox
434 404 488 444 sit
525 416 589 454 ea,
638 416 734 456 quae
773 404 817 444 in
853 404 1004 456 primae
1043 403 1247 445 orationis
1289 404 1408 445 initio
1432 405 1647 457 proxima,

65 475 275 527 posterior
314 476 523 515 nocturno
560 473 630 514 illo
670 476 883 515 conventu
922 473 1055 527 (quod
1095 474 1311 515 Ferratius
1349 472 1511 526 putat),
1559 474 1651 516 fieri

65 545 225 597 nequit,
260 545 462 597 quoniam
494 544 611 585 nulla
641 545 722 585 nisi
755 545 865 586 illius
896 544 1093 586 nocturni
1126 546 1361 586 conventus
1394 545 1569 586 consilia
1595 545 1652 586 ad

66 615 314 657 Ciceronem
347 614 492 655 delata
524 617 567 655 et
599 614 716 667 apud
758 617 956 656 senatum
996 616 1039 655 in
1078 615 1170 656 aede
1209 615 1319 656 Iovis
1359 615 1540 657 Statoris
1581 629 1652 657 ex-

64 686 203 738 posita
235 688 347 726 sunt.
410 685 498 725 Nec
530 685 615 726 ullo
647 685 776 726 modo
807 685 1031 738 probabile
1071 688 1147 735 est,
1188 685 1450 736 Ciceronem,
1498 686 1648 728 habito

64 756 134 797 illo
165 758 374 797 nocturno
408 760 621 797 conventu
653 756 923 808 consiliisque
961 755 1018 796 ad
1056 769 1101 797 se
1140 758 1287 798 statim
1318 757 1470 798 delatis
1502 756 1649 798 factis-

64 839 146 879 que
178 827 259 867 sibi
292 826 443 867 eadem
475 829 600 868 nocte
631 827 807 876 insidiis,
841 827 954 867 diem
978 827 1255 868 intermisisse
1282 840 1332 868 ac
1355 832 1446 868 tum
1472 828 1648 869 demum

63 898 260 938 senatum
309 909 582 938 convocasse.
660 897 728 938 Sic
774 897 900 950 igitur
946 899 1200 948 statuemus,
1248 899 1361 950 ipso,
1411 899 1483 951 qui
1529 898 1646 939 illam

61 970 232 1008 noctem
267 969 308 1008 et
341 971 598 1009 conventum
631 971 803 1008 secutus
836 970 912 1017 est,
946 967 1026 1018 die,
1060 969 1103 1009 id
1136 971 1200 1009 est
1225 969 1297 1009 VII
1330 969 1389 1009 Id.
1414 969 1646 1010 Novembr.

63 1036 104 1090 (7
138 1036 332 1090 Novbr.),
372 1041 572 1079 senatum
610 1039 808 1080 habitum
848 1051 955 1089 esse,
996 1039 1072 1079 sed
1111 1052 1244 1092 quum
1283 1039 1435 1080 eodem
1468 1039 1643 1081 demum

62 1108 129 1149 die
169 1111 346 1150 vocatus
387 1112 511 1159 esset,
561 1109 628 1150 die
674 1110 905 1150 inclinante
951 1110 995 1149 in
1041 1111 1212 1150 noctem
1260 1111 1509 1151 convenisse
1549 1123 1646 1151 ora-

60 1179 306 1232 tionemque
332 1180 515 1232 primam
542 1180 623 1221 hoc
655 1180 735 1230 die,
769 1180 847 1220 sed
877 1181 1044 1232 vesperi
1077 1180 1252 1221 demum
1277 1180 1343 1221 vel
1367 1194 1490 1233 paene
1514 1183 1645 1222 noctu

60 1249 268 1291 habitam.
340 1250 408 1291 Sic
439 1251 709 1303 intelligetur,
758 1263 833 1291 cur
870 1263 956 1291 non
994 1250 1102 1290 Ιιαησ
1141 1250 1256 1291 dicat
1293 1254 1464 1292 noctem
1512 1250 1645 1304 (esset

61 1322 187 1371 enim,
237 1334 323 1374 qua
369 1322 461 1374 ipse
500 1320 690 1373 diceret),
739 1321 814 1362 sed
855 1321 971 1361 illam
1011 1323 1053 1361 et
1091 1321 1358 1374 superiorem,
1407 1323 1450 1362 et
1495 1324 1643 1362 tamen

58 1392 177 1433 initio
217 1392 400 1433 eandem
431 1393 675 1445 proximam
713 1392 912 1444 appellet,
960 1394 1007 1432 ut
1045 1392 1240 1445 superior
1280 1393 1346 1442 sit,
1395 1406 1491 1445 quae
1530 1393 1643 1434 ultra

59 1475 155 1503 eam
198 1463 272 1512 sit3
320 1463 557 1516 eademque
605 1476 737 1504 causa
784 1462 914 1503 fuisse
961 1463 1196 1515 putabitur,
1246 1476 1320 1504 cur
1356 1476 1443 1504 non
1482 1464 1642 1513 statim,

57 1534 187 1575 misso
220 1536 386 1584 senatu,
435 1535 478 1574 in
517 1534 758 1575 contionem
797 1533 1003 1586 prodierit
1041 1532 1106 1585 (ut
1144 1533 1256 1583 fecit,
1305 1547 1438 1586 quum
1470 1535 1641 1575 tertiam

56 1604 209 1645 habuit
247 1603 517 1657 orationem),
566 1604 642 1645 sed
678 1605 919 1657 insequenti
958 1603 1134 1644 demum
1175 1604 1256 1645 die.
1326 1605 1434 1645 Illud
1473 1618 1644 1658 quoque

56 1674 146 1715 fieri
178 1675 330 1727 potuit,
371 1678 430 1725 ut,
471 1688 603 1728 quum
637 1674 783 1716 Cicero
823 1677 973 1727 postea
1004 1675 1116 1716 hanc
1148 1675 1387 1717 orationem
1420 1677 1641 1725 scriberet,

56 1746 196 1786 minus
229 1746 452 1798 diligenter
483 1747 617 1787 verba
648 1745 719 1786 illa
752 1745 1045 1797 distingueret.
1109 1745 1233 1796 Quod
1272 1746 1386 1787 idem
1419 1747 1640 1788 transferri

55 1816 110 1857 ad
141 1816 233 1857 illos
267 1817 468 1857 secundae
501 1816 704 1857 orationis
738 1816 851 1857 locos
884 1829 969 1857 non
1001 1819 1163 1869 potest;
1210 1830 1350 1870 neque
1384 1812 1497 1858 enim
1530 1817 1638 1858 obli—

54 1887 157 1927 visci
188 1889 370 1939 poterat,
406 1887 614 1928 eodemne
647 1887 714 1927 die
746 1900 874 1927 mane
906 1887 1081 1928 insidias
1107 1888 1285 1928 vitasset
1319 1890 1359 1929 et
1392 1888 1491 1928 dein
1514 1901 1643 1928 sena-

53 1959 145 1997 tum
178 1960 385 2007 vocasset,
420 1970 475 1998 an
508 1957 676 1999 duobus
708 1957 801 1998 haec
833 1957 947 1998 facta
980 1960 1136 1998 essent.
1186 1958 1370 1999 Senatus
1396 1958 1637 1999 consultum

52 2030 196 2067 Vetere
228 2041 348 2068 more
379 2030 479 2080 post
510 2028 609 2068 solis
648 2041 850 2068 occasum
881 2027 972 2068 fieri
1005 2041 1091 2069 non
1123 2031 1305 2081 poterat.
1370 2029 1464 2079 Quo
1496 2031 1638 2070 minus

51 2097 286 2138 haberetur
318 2101 506 2148 senatus,
540 2098 645 2139 nihil
677 2098 841 2139 oberat.
857 2095 889 2149 1)

168 2168 229 2208 De
261 2168 503 2210 Milonianae
536 2165 785 2221 orationis2)
818 2169 920 2210 locis
952 2171 1110 2221 partim
1149 2171 1235 2211 iam
1275 2172 1330 2212 ab
1371 2171 1463 2212 aliis
1504 2184 1637 2224 expo-

51 2238 180 2279 situm
213 2241 289 2289 est,
323 2241 481 2292 partim
513 2241 654 2281 minus
688 2253 795 2293 opus
827 2240 996 2280 videtur
1028 2240 1122 2291 dici,
1156 2242 1234 2282 etsi
1258 2242 1301 2282 in
1325 2242 1470 2282 multis
1495 2243 1638 2283 minus

49 2309 209 2361 peritos
241 2322 328 2350 non
361 2311 737 2352 animadversuros
769 2313 887 2363 puto,
922 2323 996 2351 cur
1028 2312 1100 2361 sic,
1141 2314 1189 2352 ut
1221 2312 1347 2363 edidi,
1388 2313 1516 2353 scribi
1548 2326 1635 2354 non

50 2380 104 2420 ob
137 2379 273 2421 solam
307 2381 607 2422 auctoritatem
641 2381 851 2422 debuerit.
913 2381 1038 2422 Velut
1070 2381 1139 2432 29,
1174 2382 1227 2422 79
1261 2382 1490 2423 edebatur:
1532 2384 1569 2423 si
1602 2384 1638 2424 273

40 2451 253 2503 potuisset,
294 2456 339 2492 ut
370 2452 633 2506 quaestionem
664 2451 714 2492 de
745 2456 872 2492 morte
904 2451 951 2492 P.
987 2451 1124 2492 Clodia·
1153 2451 1282 2505 ferre,
1321 2454 1379 2493 sie
1411 2454 1547 2506 ipsum
1579 2453 1630 2493 αῖ)

48 2520 199 2573 inferis
231 2522 401 2575 exitare,
434 2526 575 2562 Δῑιένῑωη
591 2523 733 2575 potius
753 2521 970 2574 facturum
999 2522 1162 2575 fuisse?
1192 2523 1351 2564 Verum
1376 2524 1458 2565 hoc
1483 2526 1635 2577 aptum

83 2658 111 2703 ¹)
138 2660 246 2704 [Rem
272 2662 423 2696 dubiam
448 2662 572 2704 videri,
598 2665 723 2706 postea
749 2661 973 2706 significavi]

83 2717 111 2763 ²)
137 2720 320 2755 Orationis
345 2732 410 2765 pro
436 2721 569 2755 Archia
593 2722 690 2755 locos
716 2721 854 2763 omitto,
893 2722 990 2766 quod
1023 2723 1066 2756 de
1100 2733 1227 2757 eorum
1261 2726 1358 2757 certe
1389 2722 1570 2767 plerisque
1596 2722 1633 2756 in

139 2790 178 2813 re
203 2779 396 2814 manifesta
420 2783 517 2814 recte
542 2780 747 2825 expositum
773 2791 850 2815 esse
876 2780 1003 2824 opinor
1028 2792 1049 2815 a
1071 2781 1365 2825 Stuerenburgi0‚
1391 2781 1492 2816 cuius
1512 2782 1628 2825 ipsam

140 2837 336 2872 editionem
362 2839 525 2873 nondum
550 2839 634 2881 vidi,
672 2850 787 2873 unum
819 2842 855 2872 et
885 2839 1040 2874 alterum
1072 2840 1247 2874 iudicium
1274 2840 1368 2874 novi.
1419 2840 1452 2874 Is
1476 2841 1513 2874 in
1539 2851 1567 2874 e.
1595 2840 1628 2882 3,

139 2896 160 2930 5
184 2907 309 2931 veram
335 2897 562 2942 scripturam,
600 2898 646 2932 ad
671 2908 783 2942 quam
807 2908 872 2942 ego
897 2900 1041 2932 tantum
1066 2909 1289 2933 accesseram
1315 2899 1473 2943 propius,
1512 2898 1636 2942 ipsam·

138 2955 306 3000 repperit,
334 2966 378 2990 ex
401 2958 473 2999 fuit
499 2956 658 2991 efficiens
682 2958 784 3000 savit.

1667 1055 1719 1081 196
