1915 3235
793 143 875 185 129

39 280 202 321 veniam
234 276 291 318 ad
321 281 521 326 nostram,
554 279 695 315 atram
726 272 895 314 tandem
928 273 1007 313 cet.
1065 271 1291 312 Veniamus
1323 270 1529 324 scriptum
1563 272 1628 311 est

39 351 213 403 propter
244 343 491 398 nostraml)

159 418 340 460 Gravius
374 418 467 457 erat
497 414 704 456 mendum
736 413 920 466 proximi
952 412 1046 463 loci,
1081 425 1115 454 c.
1149 412 1188 462 8,
1222 412 1292 453 25.
1339 412 1378 453 Is
1410 411 1537 464 vulgo
1569 411 1630 452 ita

40 489 329 532 scribebatur:
377 487 512 541 Atque
548 486 595 525 in
632 484 705 525 hoc
737 483 902 539 quidem
933 483 995 524 vel
1026 497 1118 524 cam
1148 483 1377 532 mendacio,
1424 482 1461 522 si
1492 481 1629 533 valtis,

38 559 277 615 yloriemini
299 571 382 612 per
413 570 475 597 me
506 556 609 605 licet,
643 568 711 595 vos
734 554 1001 608 provinciam
1030 554 1164 606 faisse
1192 553 1354 594 Coesari
1384 551 1630 603 tradituros,

42 630 204 672 etiamsi
236 643 262 669 a
303 627 417 669 Varo
450 632 486 668 et
517 625 766 681 quibasdam
799 625 898 665 aliis
921 624 1127 678 prohibiti
1159 625 1311 666 essetis.
1374 622 1463 677 qu
1495 626 1632 662 autem

41 699 270 754 confitebor,
318 699 483 753 culpam
522 710 604 738 esse
642 695 828 751 Isiyarii,
876 697 948 751 qui
984 709 1054 736 ⁴vos
1090 700 1218 736 tantoe
1251 694 1392 736 laudis
1423 693 1633 734 occasione

34 770 284 826 privaverit.
348 769 434 810 Sed
478 782 557 821 pro
605 768 768 808 etiamsi
813 766 1024 808 Patricius
1063 767 1147 806 nisi
1185 765 1315 807 scribi
1353 764 1500 814 voluit,
1549 763 1632 812 alii,

42 840 187 883 Ursini
225 839 430 888 codicem,
478 839 522 880 id
559 841 637 888 est,
687 838 978 880 coniecturam
1021 838 1169 887 secuti,
1217 837 1254 877 si
1292 850 1319 877 a
1367 835 1635 888 Varo—pro-

43 912 163 953 hibiti
193 924 277 952 ozon
311 911 467 959 esseti33
514 910 673 967 itaque,
722 911 867 950 utrum
900 909 989 949 aiat
1020 921 1077 949 an
1107 910 1235 960 neget
1267 910 1425 956 orator,
1466 907 1636 947 contro-

43 982 185 1024 versia
217 984 295 1023 est.
358 981 412 1021 Et
441 980 634 1033 profecto
666 982 757 1021 tam
791 981 856 1020 est
887 991 1093 1032 perversa
1124 978 1299 1031 vulgata
1330 977 1556 1030 scriptura,
1588 977 1637 1016 ut

43 1053 141 1095 ideo
178 1052 370 1093 refutare
408 1051 463 1092 sit
495 1050 679 1100 difficile,
722 1050 851 1102 quod,
892 1049 1108 1102 quomodo
1149 1048 1421 1098 defendatur,
1460 1047 1531 1087 vix
1564 1058 1637 1087 ex-

45 1124 188 1178 putari
218 1122 368 1176 possit.
425 1121 679 1163 Tuberones
712 1134 759 1163 se
791 1134 817 1162 a
849 1121 1030 1174 Ligario,
1062 1132 1151 1161 non
1182 1132 1208 1160 a
1238 1119 1366 1168 Varo,
1399 1116 1639 1171 prohibitos

45 1194 265 1248 provincia
299 1193 614 1245 querebantur3
648 1191 866 1244 quomodo
898 1191 1038 1244 igitur,
1071 1190 1147 1232 ubi
1177 1190 1274 1240 illis,
1308 1192 1356 1230 ut
1379 1188 1488 1230 falso
1512 1187 1639 1240 glori-

48 1267 186 1314 entur,
220 1263 494 1317 permittitur,
526 1262 690 1304 mentio
722 1262 809 1303 ulla
831 1262 933 1303 Vari
965 1265 1007 1302 et
1039 1261 1311 1314 quorundam
1338 1259 1521 1301 aliorum
1546 1270 1641 1299 esse

47 1337 218 1390 potest?
260 1335 358 1376 Non
389 1336 454 1375 est
486 1335 632 1374 autem
664 1333 758 1374 haec
789 1332 998 1385 gloriatio,
1033 1332 1109 1373 sed
1140 1331 1268 1385 plane
1293 1343 1422 1372 sensu
1447 1331 1641 1371 carentes

49 1420 194 1460 nugae:
241 1404 451 1446 Prohibiti
495 1416 644 1445 sumus
690 1416 742 1444 ea
784 1402 1017 1456 provincia,
1067 1415 1199 1455 quam
1242 1401 1402 1443 Caesari
1442 1398 1643 1441 tradituri

50 1478 221 1526 fuimus,
256 1475 427 1517 etiamsi
459 1497 514 1501 —
547 1473 751 1526 prohibiti
785 1486 980 1515 essemus
1013 1472 1079 1526 (ea
1095 1473 1341 1526 provincia3
1375 1471 1428 1513 de
1453 1484 1505 1512 ea
1529 1470 1643 1511 enim

52 1546 339 1601 prohibitione
372 1545 637 1598 disputatum
685 1544 762 1585 sed
801 1544 955 1585 eadem
995 1557 1045 1585 ac
1084 1544 1173 1585 fere
1213 1543 1352 1584 maior
1390 1541 1438 1582 fit
1468 1553 1644 1594 perver-

53 1618 170 1668 sitas,
194 1618 229 1658 si
251 1616 478 1669 intelligas,
493 1614 700 1669 prohibiti
722 1611 969 1667 tradere).2)
1016 1614 1129 1656 Nihil
1153 1615 1211 1655 illi
1236 1613 1407 1668 gloriari
1430 1614 1643 1665 poterant,

51 1689 133 1730 nisi
165 1687 267 1741 quid
298 1686 454 1728 facturi
485 1686 679 1736 fuissent,
714 1685 749 1727 si
773 1699 855 1726 ‘non
878 1685 1082 1738 prohibiti
1108 1686 1266 1725 essent.
1314 1684 1473 1725 Verum
1496 1685 1646 1724 tamen

54 1759 163 1801 falsa
211 1761 276 1799 est
322 1757 504 1806 illorum,
553 1770 659 1809 quos
702 1756 954 1806 memoravi,
1003 1755 1199 1797 mutatio.
1261 1754 1373 1796 Nam
1406 1766 1551 1806 quum,
1599 1755 1647 1794 ut

55 1829 153 1879 dixi,
187 1829 406 1881 Ligarium
440 1828 694 1868 Tuberones
727 1829 997 1876 accusarent,
1032 1826 1263 1867 dicendum
1296 1827 1389 1866 erat
1421 1837 1472 1865 ex
1497 1836 1646 1864 eorum

55 1899 269 1942 sententia
302 1900 385 1939 nisi
418 1912 444 1938 a
476 1897 667 1952 Liyario.
715 1898 935 1939 Praeterea
966 1898 1009 1938 in
1036 1899 1118 1938 hac
1142 1897 1308 1937 ratione
1332 1895 1449 1936 nulla
1474 1893 1647 1935 omnino

57 1973 122 2012 est
155 1970 361 2011 connexio
396 1970 522 2010 huius
556 1974 598 2010 et
622 1969 830 2022 proximae
854 1968 1100 2009 sententiae:
1134 1966 1223 2020 Eyo
1257 1971 1393 2006 autem.
1418 1964 1647 2017 confitebor,

56 2054 148 2091 nee,
182 2053 279 2093 quae
311 2041 365 2081 sit
396 2040 479 2080 ista
511 2039 721 2081 confessio
755 2039 807 2080 de
840 2038 1022 2092 Ligario,
1056 2037 1316 2089 intelligitur,
1351 2049 1485 2089 quum
1509 2035 1648 2077 Varus

59 2115 102 2153 et
132 2111 203 2153 alii
235 2111 425 2152 accusati
459 2113 616 2151 essent.
665 2110 750 2151 Sed
782 2110 975 2150 veritatis
1007 2107 1317 2160 investigandae
1341 2107 1457 2148 viam
1483 2106 1649 2148 codices

58 2184 314 2224 monstrant.
376 2181 487 2221 Nam
522 2194 573 2222 ex
605 2181 778 2233 optimis
810 2179 1071 2221 Erfurtensis
1110 2181 1152 2219 et
1183 2177 1449 2228 Dresdensis,
1491 2191 1543 2219 ex
1575 2177 1651 2218 de-

58 2252 286 2294 terioribus
318 2251 584 2293 Hauniensis
618 2251 970 2304 Oxoniensesque
998 2252 1202 2302 quattuor
1226 2262 1305 2303 pro
1330 2254 1466 2290 autem
1489 2248 1654 2290 habent

99 2437 126 2481 ¹)
153 2437 335 2482 [Personae
378 2440 619 2474 mutationem
663 2439 850 2474 ferendam
889 2438 999 2472 fuisse
1037 2437 1218 2481 disputavi
1256 2438 1301 2472 ad
1341 2437 1409 2472 Cic.
1449 2437 1493 2472 de
1530 2437 1607 2471 Fin.
1639 2437 1654 2471 Ι

157 2497 178 2540 ξ
203 2496 275 2540 24.]

100 2555 128 2599 ²)
154 2557 225 2591 Nec
243 2557 435 2600 prohibere
460 2561 514 2592 est
539 2557 800 2602 impedimenta
833 2555 955 2600 aliqua
985 2554 1139 2589 obiicere
1172 2554 1234 2596 rei,
1273 2554 1323 2588 ita
1354 2558 1395 2589 ut
1425 2558 1549 2589 tamen
1580 2554 1654 2596 fiat,

158 2628 204 2651 ne
243 2616 322 2660 quis
360 2617 463 2651 nobis
501 2617 595 2651 hanc
633 2616 798 2651 conficiat
835 2614 1183 2658 interpretationem,
1222 2613 1366 2658 gloriari
1404 2613 1655 2648 Tuberonibus

159 2675 277 2716 licere,
315 2686 363 2716 se,
402 2675 431 2709 si
463 2675 611 2709 admissi
643 2678 764 2709 essent
797 2686 818 2708 a
849 2673 1001 2717 Ligario,
1040 2672 1236 2706 tradituros
1268 2672 1399 2706 Caesari
1431 2672 1655 2716 provinciam

160 2734 281 2775 fuisse,
316 2733 457 2768 etiamsi
482 2738 743 2778 repugnassent
768 2736 895 2777 postea
921 2732 991 2766 alii.
1042 2731 1112 2765 Sed
1139 2731 1286 2765 omnino
1313 2732 1356 2765 de
1382 2742 1456 2765 uno
1482 2732 1542 2765 1110
1568 2735 1656 2765 tem—

161 2804 248 2837 pore
274 2793 514 2836 quaerebatur,
553 2804 624 2837 quo
658 2792 882 2837 provinciam
916 2792 1051 2825 intrare
1084 2790 1186 2824 vetiti
1219 2794 1332 2824 erant.
1382 2790 1461 2824 Non
1488 2794 1541 2824 est
1566 2800 1656 2833 opus

163 2852 250 2886 alias
288 2852 446 2886 rationes
484 2853 698 2896 excogitare,
737 2862 826 2895 quas
864 2850 1030 2885 refutem.
1095 2850 1187 2884 Satis
1226 2850 1322 2883 enim
1356 2860 1399 2883 ex
1430 2849 1469 2883 P.
1495 2848 1656 2889 Manutii‚

163 2911 288 2954 optimi
314 2910 531 2954 interpretis,
564 2911 718 2945 obscura
744 2913 779 2944 et
805 2909 978 2954 perplexa
1003 2912 1089 2943 nota
1114 2908 1266 2952 intelligi
1291 2911 1421 2952 potest,
1448 2918 1558 2951 quam
1585 2916 1657 2940 non

164 2970 336 3013 procedat
361 2970 516 3014 vulgatae
541 2970 727 3014 scripturae
753 2967 954 3012 explicatio.

1356 3025 1376 3058 9

1661 1271 1712 1298 160
