1915 3235
839 124 921 165 175

202 253 340 294 Huius
373 253 466 303 loci,
500 266 628 306 quem
660 255 758 306 post
788 253 1029 294 Manutium
1062 256 1105 294 et
1136 254 1356 306 Sigonium
1389 256 1673 308 comprehen-

85 325 208 365 derat
239 323 525 376 Spanhemius
558 322 619 376 (in
650 323 771 373 libro,
806 337 935 377 quem
959 324 1096 365 orbem
1118 324 1356 365 Romanum
1380 324 1671 379 inscripsit)1),

85 395 190 436 alias
235 397 380 447 partes
413 394 637 446 Savignius
676 395 878 435 tractavit
917 398 959 435 et
998 395 1290 445 commutavit,
1339 396 1441 437 iuris
1481 397 1591 438 Latii
1631 400 1672 438 et

84 465 186 506 iuris
217 464 351 505 Italici
381 464 555 505 notione
587 467 678 505 tum
719 465 850 506 etiam
881 465 1015 517 ipsius
1056 465 1238 506 civitatis
1279 467 1511 508 constituta
1545 480 1672 508 accu-

82 535 231 583 ratius,
264 535 324 575 ita
355 536 515 582 tamen,
549 537 596 575 ut
623 535 833 576 inferioris
858 536 997 576 aetatis
1030 535 1226 577 instituta
1258 536 1346 577 fere
1379 533 1670 589 respiceret2),

84 605 190 647 alias
235 605 507 655 Niebuhrius,
557 618 689 657 quum
735 605 788 646 de
835 607 956 646 Varia
1001 606 1180 656 ratione,
1230 620 1315 659 qua
1363 607 1672 660 antiquissimis

83 675 349 728 temporibus
382 676 594 728 peregrini
626 675 784 728 populo
815 676 1015 717 Romano
1048 677 1384 730 adiungerentur
1416 681 1490 720 aut
1513 679 1557 719 in
1582 679 1672 720 eius

84 746 301 787 civitatem
333 746 636 798 reciperentur,
678 748 720 787 et
752 746 804 786 de
839 746 1012 787 coloniis
1046 760 1216 799 quoque
1248 749 1308 788 ita
1342 748 1583 799 dissereret,
1624 753 1673 790 ut

83 817 219 857 multa
252 816 484 869 expediret,
524 816 661 857 multa
693 813 1049 869 commoveret³);
1089 819 1289 870 quaedam
1322 821 1467 872 partes
1499 820 1672 861 intactae

83 889 158 928 aut
188 900 312 940 paene
344 887 517 927 intactae
549 889 814 927 manserunt.
876 887 989 928 Nam
1021 889 1093 940 qui
1125 902 1264 942 nuper
1299 889 1387 931 fere
1420 892 1559 931 totum
1591 891 1672 931 hoc

83 960 385 1010 argumentum
416 957 691 998 tractandum
724 955 966 1010 sumpsit4),
1015 972 1170 1011 parum
1209 960 1265 1000 ad
1303 960 1346 1001 id
1386 964 1565 1013 paratus
1599 974 1670 1002 ac-

84 1028 221 1077 cessit,
256 1033 302 1068 ut
335 1029 418 1080 qui,
454 1028 639 1069 collectis
671 1031 767 1080 post
801 1028 919 1078 alios,
954 1028 1173 1081 Sigonium
1207 1031 1395 1072 maxime
1429 1034 1470 1072 et
1502 1032 1671 1073 Freins-

82 1099 273 1140 hemium
315 1098 375 1151 (in
413 1099 722 1151 supplementis
755 1098 972 1151 Livianis),
1022 1100 1279 1152 scriptorum
1318 1102 1573 1143 testimoniis
1619 1103 1671 1143 de

82 1169 257 1222 singulis
298 1169 465 1222 oppidis
505 1169 760 1222 populisque
804 1170 860 1210 ad
902 1170 1130 1222 imperium
1174 1172 1320 1224 populi
1363 1172 1550 1213 Romani
1594 1173 1671 1214 ad-

81 1240 234 1281 iunctis
269 1242 343 1280 aut
374 1240 416 1280 in
450 1239 666 1281 civitatem
698 1241 894 1293 receptis,
934 1240 978 1281 in
1009 1241 1072 1290 iis,
1107 1255 1202 1293 quae
1243 1242 1296 1282 de
1336 1243 1595 1284 condicionis
1630 1246 1669 1284 et

82 1311 183 1352 iuris
217 1311 464 1352 diversitate
497 1311 730 1363 quaerenda
763 1314 899 1361 erant,
936 1311 1026 1352 fere
1057 1314 1173 1353 totus
1206 1326 1232 1353 a
1264 1312 1435 1365 Sigonio
1468 1314 1669 1366 pendeat.

82 1382 281 1434 quaedam
321 1382 376 1422 ab
410 1381 567 1423 Ottone
611 1381 671 1435 (in
713 1381 821 1423 libro
865 1382 917 1422 de
960 1382 1156 1424 aedilibus
1200 1384 1403 1436 municip.
1438 1387 1479 1425 et
1512 1385 1671 1425 coloni-

81 1451 222 1505 arum)
255 1452 499 1505 sumpserit.
561 1453 624 1493 Ne
657 1452 971 1505 Spanhemium
1005 1453 1179 1505 quidem
1221 1456 1296 1494 aut
1334 1454 1552 1495 Heineccii
1592 1469 1670 1496 no-

80 1524 291 1564 tissimum
324 1523 480 1564 librum
514 1523 729 1572 adhibuit3
777 1523 1000 1564 Niebuhrii
1040 1524 1403 1576 disputationibus
1437 1525 1496 1577 (in
1529 1526 1673 1578 priore

82 1594 180 1635 edit.
214 1594 312 1635 hist.
335 1594 462 1635 Rom.
489 1596 531 1635 et
562 1595 605 1635 in
637 1594 778 1647 priore
812 1594 891 1635 vol.
926 1594 1026 1635 edit.
1053 1593 1155 1646 sec.)
1189 1596 1245 1636 ad
1277 1596 1559 1648 quaerendum
1584 1610 1670 1638 non

82 1668 145 1706 est
178 1665 406 1713 excitatus;
455 1664 642 1717 Savignii
684 1665 857 1717 scripta,
908 1665 1022 1717 quod
1062 1666 1154 1706 iure
1194 1666 1236 1706 in
1268 1666 1454 1708 Borusso
1488 1668 1669 1716 mireris,

81 1736 207 1788 plane
239 1737 456 1788 ignorasse
489 1736 669 1785 videtur,
719 1748 815 1788 quae
858 1737 1006 1776 tamen
1045 1736 1112 1776 vel
1154 1748 1204 1777 ex
1238 1736 1435 1778 Creuzeri
1470 1738 1671 1790 epitomae

81 1808 220 1860 priore
254 1807 440 1848 editione
473 1805 622 1860 (1824)
658 1819 915 1859 cognoscere
948 1807 1101 1859 potuit.

197 1878 324 1918 Hunc
370 1878 497 1930 igitur
543 1877 697 1927 locum,
746 1877 818 1929 qui
866 1877 921 1918 ad
969 1878 1214 1918 universam
1261 1878 1486 1920 historiam
1526 1893 1669 1920 rerum

80 1951 299 2000 gestarum
331 1948 478 2001 populi
516 1948 703 1988 Romani
745 1948 1065 2001 intelligendam
1108 1949 1236 2001 plane
1278 1951 1546 1991 necessarius
1591 1953 1668 1999 est,

80 2018 257 2059 interest
289 2031 450 2068 eorum,
500 2019 571 2071 qui
610 2019 653 2059 in
692 2019 948 2070 antiquitate
979 2019 1180 2060 Romana
1213 2023 1451 2070 versantur,
1500 2021 1560 2061 ita
1593 2021 1670 2061 ali-

80 2089 252 2141 quando
285 2090 552 2142 pertractari,
586 2091 633 2129 ut
665 2089 844 2141 quaestio
877 2102 954 2141 per
986 2103 1136 2130 omnes
1168 2092 1312 2142 partes
1345 2092 1574 2144 omniaque
1609 2092 1669 2132 rei

79 2160 262 2212 publicae
294 2160 518 2209 Romanae,
568 2160 755 2200 maxime
799 2159 972 2211 quidem
1006 2160 1165 2209 liberae,
1214 2164 1411 2214 tempora
1446 2162 1670 2214 aequaliter

115 2298 144 2344 1)
171 2301 324 2336 Trekelli
352 2301 566 2334 Selectarum
588 2301 854 2344 Ante'qm'tatzmt
872 2301 1122 2334 Romanarum
1141 2313 1236 2344 pars
1255 2304 1382 2345 prima
1402 2300 1521 2344 (1744)
1542 2303 1669 2336 eodem

172 2360 338 2404 pertinet,
366 2362 532 2394 accurate
558 2359 701 2403 scripta,
727 2360 790 2393 sed
817 2359 853 2393 in
879 2360 1019 2394 minuta
1046 2360 1201 2394 aliorum
1219 2361 1423 2404 opiniorum
1450 2361 1669 2396 refutatione

174 2421 208 2452 et
235 2418 489 2452 additamentis
515 2418 668 2452 exilibus
693 2418 801 2452 nimis
828 2419 977 2453 haerens.

117 2475 144 2520 ²)
170 2478 212 2511 In
238 2477 615 2518 commentationibus,
655 2488 744 2521 quas
776 2478 956 2521 inscripsit
997 2479 1104 2512 Ueber
1135 2480 1190 2512 die
1223 2480 1447 2522 Entstehmzy
1479 2481 1542 2512 der
1567 2481 1670 2513 Lati-

174 2539 265 2570 mitat
290 2538 345 2570 als
369 2539 463 2570 eines
488 2539 630 2580 eiqenen
658 2537 810 2570 Standes
845 2538 889 2569 im
917 2538 1127 2570 Rb'me'schen
1156 2538 1279 2571 Stante
1312 2541 1346 2571 et
1387 2539 1494 2573 L'eber
1520 2540 1586 2572 das
1614 2540 1669 2572 ins

175 2597 341 2629 Italicum
379 2594 430 2637 (in
468 2595 608 2639 scriptis
646 2595 755 2628 Acad.
788 2595 904 2629 Berol.
938 2598 973 2629 et
1011 2595 1047 2629 in
1087 2597 1291 2630 Zeitschrift
1329 2597 1351 2630 f.
1390 2597 1669 2641 geschichtliche

173 2654 383 2688 Rechtwiss.
410 2654 451 2695 V,
477 2653 523 2689 ’2)-
574 2654 655 2687 Alia
687 2653 802 2697 attigit
835 2654 870 2687 in
904 2654 985 2688 hist.
1012 2654 1078 2688 iur.
1105 2655 1209 2689 Rom.
1242 2667 1306 2699 per
1339 2656 1497 2690 mediam
1524 2660 1669 2690 aetatem

172 2713 242 2747 vol.
269 2713 294 2746 Ι.

117 2768 146 2812 3)
170 2771 324 2805 Maxime
350 2771 386 2805 in
413 2772 571 2805 secundo
597 2772 666 2805 vol.
693 2771 774 2805 hist.
801 2771 905 2805 Rom.
933 2772 987 2805 ed.
1014 2771 1035 2803 2
1060 2784 1094 2816 p.
1120 2772 1271 2807 43-*93

115 2827 144 2871 4)
171 2830 392 2864 Staatsrecht
418 2831 481 2864 der
505 2831 757 2865 Unterthanen
785 2831 847 2864 der
872 2830 1017 2865 Romer.
1067 2831 1166 2865 Nach
1193 2832 1263 2865 den
1289 2832 1442 2874 Quellen
1468 2831 1668 2865 bearbeitet

174 2900 205 2923 V.
232 2889 257 2923 I.
285 2889 320 2923 C.
348 2889 402 2923 W.
429 2890 471 2923 A.
498 2889 738 2934 Hopfensack.
776 2890 989 2923 Diisseldorf
1012 2888 1114 2923 1829.
1154 2890 1203 2923 Eo
1230 2890 1377 2925 nomine
1403 2891 1496 2924 cives
1523 2901 1667 2934 quoque

173 2947 209 2981 in
235 2948 439 2992 municipiis
466 2951 501 2982 et
526 2948 673 2982 coloniis
699 2947 861 2981 viventes
888 2949 1171 2992 comprehendit.

1691 975 1746 999 216
