1915 3235
124 1306 175 1331 317

942 101 1027 143 654

186 235 401 283 narratur,
434 245 611 285 poenam
643 231 916 272 sustinuisset
949 244 1000 272 ac
1022 244 1109 273 non
1131 244 1263 284 quum
1294 229 1482 271 maxime
1514 229 1785 278 sustinuerit;

188 305 229 345 in
264 303 415 344 ceteris
449 305 596 344 autem
628 302 807 344 alterius
840 302 1018 344 familiae
1052 302 1271 344 codicibus
1303 301 1502 351 subierat,
1544 300 1660 353 quod
1693 313 1785 341 rec-

187 377 280 416 tum
319 374 755 427 interpretamentum
797 376 874 414 est.
945 371 999 415 Et
1044 376 1192 414 tamen
1239 386 1292 414 ne
1340 373 1431 413 haec
1481 371 1655 424 quidem
1695 373 1785 412 tam

189 445 419 486 manifesta
451 444 725 497 interpolatio
758 446 833 485 aut
875 444 969 497 ipsa
1012 444 1316 485 animadversa
1362 445 1426 484 est
1468 444 1544 484 aut
1583 442 1698 489 viam
1731 442 1788 482 ad

188 517 353 569 reliqua
386 515 687 568 investiganda
718 515 989 556 monstravit.
1052 515 1213 556 Verum
1252 514 1296 555 in
1337 514 1400 564 iis,
1449 527 1556 566 quos
1598 526 1787 554 comme-

189 586 368 637 moravi,
418 587 520 628 locis
561 586 729 639 decepit
771 586 956 627 editores
988 586 1306 627 recentissimos
1341 584 1569 626 coniuncta
1601 584 1789 637 plurium

191 658 387 699 codicum
421 657 671 698 auctoritas.
735 656 878 707 Quum
912 659 1058 698 autem
1100 657 1337 698 clarissima
1377 657 1490 696 esset
1529 655 1789 696 Erfurtensis

192 729 348 770 codicis
382 728 512 779 fama,
547 728 620 781 qui
651 728 783 769 nihilo
816 727 884 769 hic
918 727 1069 769 ceteris
1103 727 1296 769 eiusdem
1328 726 1495 780 generis
1528 726 1690 775 melior,
1723 725 1789 766 in-

191 800 362 841 terdum
412 799 541 840 etiam
590 799 851 852 inquinatior
899 801 975 849 est,
1027 799 1156 839 etiam
1204 798 1331 839 huius
1379 797 1576 850 proprios
1625 810 1789 838 errores

193 871 480 924 arripuerunt,
521 872 568 911 ut
600 870 643 911 in
676 869 698 922 ξ
732 871 757 911 9
792 884 843 911 ex
876 883 961 911 uno
995 869 1065 911 illo
1098 869 1302 918 Klotzius,
1343 868 1595 919 Beneckius,
1637 867 1789 909 Solda-

192 955 273 982 nus
321 941 602 994 scripserunt:
655 941 733 982 Cui
771 946 909 982 tamen
949 941 1031 995 ipsi
1077 941 1140 981 rei
1185 941 1349 981 reniam
1394 944 1430 979 te
1470 939 1669 980 daturum
1710 952 1792 979 esse

193 1012 288 1065 (pro
328 1010 479 1065 fuisse)
520 1012 698 1065 dicebas,
737 1013 774 1053 si
815 1035 869 1040 —-
912 1012 996 1065 ipse
1035 1012 1170 1052 (etatis
1219 1011 1480 1052 eoeczcsatione
1530 1023 1629 1050 usus
1676 1014 1788 1058 esset,

193 1097 368 1137 prorsus
413 1083 469 1124 ad
508 1083 695 1124 eundem
734 1083 910 1124 modum
952 1095 1000 1123 ac
1042 1082 1077 1123 si
1125 1082 1341 1123 Caesarem
1387 1082 1529 1134 ipsum
1579 1080 1792 1121 dicentem

194 1155 425 1196 faciamus:
483 1154 660 1195 Veniam
692 1154 811 1206 dabo,
851 1155 888 1194 32ss
921 1155 1057 1195 (etatis
1097 1154 1358 1194 accusatione
1390 1166 1489 1193 usus
1522 1164 1639 1192 esses.
1702 1150 1792 1191 Nisi

195 1226 304 1267 forte
344 1226 444 1266 belli
482 1225 602 1266 initio
646 1225 863 1267 Caesarem
904 1225 1017 1265 hanc
1063 1224 1357 1266 condicionem
1400 1223 1601 1264 Deiotaro
1644 1222 1793 1263 tulisse

195 1296 446 1349 putabimus
480 1295 617 1349 ((Ζαῦο,
651 1297 688 1337 si
722 1320 774 1323 —
808 1310 908 1337 usus
937 1294 1114 1348 fueris);
1147 1296 1207 1337 ita
1241 1295 1355 1336 enim
1387 1295 1524 1337 oratio
1554 1294 1675 1336 salva
1700 1293 1791 1341 erit,

195 1381 263 1408 res
311 1367 515 1409 absurda.
579 1367 819 1420 Exponitur
867 1367 994 1417 enim,
1044 1367 1147 1420 quid
1194 1367 1339 1408 Caesar
1386 1369 1485 1419 post
1530 1366 1691 1407 bellum
1741 1365 1794 1406 de

196 1439 310 1480 facto
351 1438 539 1480 Deiotari
582 1438 847 1479 iudicaverit.
919 1438 1004 1479 Sed
1044 1438 1160 1491 piget
1197 1438 1415 1490 taedetque
1457 1437 1509 1478 de
1548 1436 1795 1478 huiusmodi

196 1510 326 1552 rebus
358 1510 493 1551 verba
526 1509 682 1550 facere.
745 1510 895 1562 Neque
936 1509 1076 1550 minus
1115 1522 1249 1562 prave
1289 1508 1311 1561 g}
1345 1510 1400 1550 22
1439 1510 1483 1549 111
1522 1508 1588 1549 1115
1628 1507 1792 1548 verbis:

197 1581 344 1637 quibus
375 1581 537 1634 inferre
571 1580 721 1621 bellum
744 1581 901 1634 populo
935 1581 1124 1621 Romano
1149 1585 1300 1634 posset,
1343 1579 1582 1620 Beneckius
1623 1581 1666 1620 et
1699 1578 1794 1620 Sol-

198 1654 336 1694 danus
370 1652 666 1693 Erfurtensem
698 1665 834 1692 unum
867 1652 1001 1693 secuti
1033 1654 1145 1702 sunt,
1179 1652 1223 1692 in
1255 1664 1353 1704 quo,
1388 1650 1548 1692 omissa
1579 1650 1660 1691 hac
1692 1651 1796 1690 nota

198 1724 245 1765 P.
279 1724 347 1774 R„
382 1723 597 1764 sententia
628 1722 912 1775 pessumdata
944 1726 1028 1772 est;
1061 1735 1202 1776 neque
1236 1721 1350 1762 enim
1376 1721 1524 1763 Cicero
1548 1722 1679 1773 negat
1703 1719 1795 1760 aliis

197 1795 338 1835 minus
377 1794 626 1848 potentibus
669 1794 879 1843 hostibus,
927 1794 1074 1847 regulo
1118 1793 1241 1834 alicui
1286 1795 1362 1834 aut
1404 1792 1584 1845 oppido,
1634 1790 1796 1832 bellum

197 1866 449 1907 Deiotarum
481 1865 640 1906 int'erre
672 1865 877 1918 potuisse.

317 1936 393 1977 Fui
426 1936 609 1977 fortasse
642 1936 686 1976 in
717 1936 799 1976 hac
831 1935 1025 1977 oratione
1059 1934 1442 1976 commemoranda
1485 1932 1671 1986 longior3
1720 1932 1798 1973 sed

198 2020 374 2048 necesse
407 2020 500 2048 esse
533 2008 684 2060 putavi
716 2020 802 2048 uno
836 2006 1033 2059 exemplo
1067 2006 1379 2055 demonstrare,
1419 2005 1502 2046 hoc
1541 2006 1683 2045 totum
1717 2003 1797 2044 cri-

198 2078 293 2118 ticae
327 2091 475 2130 genus,
524 2077 640 2130 quod
679 2077 745 2118 his
785 2077 908 2118 annis
947 2090 973 2118 a
1004 2077 1058 2118 R.
1091 2076 1256 2117 Klotzio
1297 2076 1353 2117 ad
1392 2088 1542 2117 omnes
1584 2074 1799 2116 Ciceronis

200 2149 415 2190 orationes
449 2148 695 2190 adhibitum
728 2150 854 2197 esset,
895 2148 1014 2189 vario
1054 2147 1215 2188 scilicet
1249 2149 1419 2196 eventu,
1468 2151 1516 2187 ut
1547 2146 1592 2186 in
1624 2157 1796 2198 quaque

200 2219 393 2261 oratione
425 2220 674 2261 melioribus
708 2221 784 2260 aut
815 2219 957 2260 minus
989 2219 1113 2260 bonis
1155 2217 1373 2259 codicibus
1413 2230 1459 2258 56
1491 2215 1796 2268 mancipasset,

202 2303 333 2342 quam
366 2292 479 2331 esset
510 2303 587 2342 per
619 2303 665 2330 se
698 2289 827 2330 inane
860 2291 902 2331 et
933 2289 1248 2343 superstitionis
1276 2289 1467 2341 plenum.
1515 2287 1612 2328 Non
1636 2299 1798 2339 paucos

201 2359 314 2400 enim
349 2362 391 2401 et
422 2360 636 2413 religionis
676 2360 943 2413 professione
983 2362 1026 2401 et
1065 2359 1255 2413 quodam
1294 2358 1525 2400 verborum
1566 2357 1800 2410 promisso-

201 2443 384 2483 rumque
416 2431 599 2484 strepitu
631 2431 757 2472 nimis
791 2431 915 2472 facile
949 2430 1044 2484 capi
1075 2430 1213 2480 video,
1257 2432 1306 2471 ut
1343 2429 1475 2471 tacito
1509 2428 1613 2469 mihi
1645 2427 1800 2469 rectio-

201 2513 294 2541 rem
341 2499 456 2541 viam
504 2503 651 2542 tenere
698 2515 786 2543 non
831 2500 1010 2541 licuerit.
1088 2500 1135 2541 111
1183 2500 1294 2551 eius,
1351 2513 1482 2553 quam
1529 2497 1800 2552 reprehendi.

202 2570 519 2623 superstitionis
552 2575 675 2625 parte
707 2573 790 2614 hoc
823 2584 994 2624 quoque
1026 2571 1277 2624 ponendum
1307 2573 1383 2620 est,
1418 2570 1547 2623 quod,
1581 2568 1720 2610 sicubi
1744 2568 1801 2609 ad

204 2641 371 2682 codices
403 2644 572 2683 nostros
606 2643 786 2684 accessit
817 2642 1075 2695 praeclarum
1098 2654 1202 2682 sane
1225 2641 1520 2682 testimonium
1542 2639 1801 2681 scholiorum

205 2725 227 2753 e
260 2712 478 2753 codicibus
511 2713 803 2765 palimpsestis
836 2726 862 2754 a
895 2713 1007 2754 Maio
1041 2715 1275 2762 erutorum,
1314 2712 1419 2752 illud
1458 2711 1549 2752 sine
1588 2710 1675 2751 ullo
1708 2723 1801 2751 om-

204 2784 305 2824 nino
339 2783 582 2824 discrimine
615 2786 866 2836 sequuntur.
929 2783 1056 2824 Velut
1094 2783 1138 2824 in
1177 2783 1370 2824 oratione
1408 2795 1487 2835 pro
1527 2781 1687 2821 Archia
1718 2778 1741 2831 §
1777 2780 1803 2820 3

206 2854 394 2895 Klotzius
427 2867 504 2907 pro
539 2858 692 2907 afflatur
723 2854 836 2895 illinc
869 2854 1050 2895 adscivit
1082 2854 1282 2908 ayitatur,
1325 2855 1368 2894 et
1406 2851 1649 2893 inauditum
1681 2849 1802 2891 verbi

206 2937 331 2965 usum
364 2924 594 2965 subiiciens
627 2938 704 2978 pro
747 2924 948 2977 legitimo,
997 2927 1045 2965 ut
1084 2937 1152 2965 res
1192 2924 1235 2964 in
1275 2923 1431 2964 iudicio
1470 2935 1559 2964 non
1598 2922 1678 2974 agi,
1727 2920 1804 2962 sed
