1915 3235
185 824 218 846 43

1006 101 1062 141 34

238 235 458 289 pugnavit.
535 233 727 273 Primum
777 231 819 270 in
862 230 1003 270 verbis
1043 229 1147 269 nihil
1190 230 1314 276 inest,
1364 243 1448 282 quo
1496 229 1609 270 Nero
1657 231 1831 270 notetur

239 306 357 358 (nam
392 304 505 357 quod
538 303 650 343 Nero
684 301 873 342 cinaedus
905 300 1048 348 fuerit,
1091 299 1188 340 ideo
1222 300 1430 349 concludi,
1471 313 1523 340 ex
1566 300 1718 341 cinaedi
1750 314 1829 342 no-

239 378 352 417 mine
386 374 598 416 luvenalis
630 373 812 413 lectores
845 372 887 411 in
926 373 1017 411 tam
1057 370 1313 422 pervulgata
1355 384 1525 412 morum
1565 371 1663 412 labe
1702 371 1829 412 intel-

238 448 367 499 ligere
400 446 605 498 potuisse,
644 442 873 495 significari
917 442 1226 494 imperatorem
1258 441 1427 494 pridem
1460 444 1693 492 mortuum,
1735 443 1829 495 quis

238 531 324 558 non
357 517 536 557 miretur
548 513 597 567 P).
632 514 774 554 Satira
798 514 944 552 autem
968 512 1131 553 clarum
1154 512 1370 553 Neronem
1400 512 1544 563 fuisse,
1578 526 1707 555 nemo
1739 515 1830 555 tra-

239 588 357 635 didit,
391 586 551 626 nedum
569 586 629 625 ita
654 584 831 633 clarum,
865 585 911 623 ut
937 583 992 623 ad
1018 596 1117 623 eum
1147 583 1476 635 significandum
1500 585 1645 625 satirae
1667 585 1830 626 mentio

239 658 468 705 sufficeret,
503 656 583 696 etsi
616 655 809 695 carmina
840 654 1050 706 probrosa
1086 654 1127 694 in
1151 653 1381 695 Afranium
1414 655 1633 707 quendam
1667 660 1708 696 et
1733 656 1831 698 Clo-

239 729 356 769 dium
390 728 611 779 scripsisse
646 726 823 766 Tacitus
857 726 899 765 et
932 724 1162 765 Suetonius
1188 727 1390 774 narrant;
1424 726 1547 778 longe
1574 727 1691 767 aliud
1717 727 1831 768 enim

239 799 354 852 apud
388 799 587 850 antiquos
621 810 796 837 carmen
836 796 1111 849 probrosum,
1157 796 1272 836 aliud
1311 797 1459 837 satira.
1522 796 1686 838 Deinde
1728 797 1833 838 nihil

237 871 318 911 hac
350 869 658 922 significatione
691 868 861 909 videtur
886 867 1065 908 alienius
1101 880 1125 907 a
1148 868 1363 907 'sententia
1389 867 1468 908 loci
1486 868 1664 920 reperiri
1689 881 1832 920 posse.

238 941 351 991 Quid
395 941 538 981 enim?
586 952 716 992 quum
762 942 891 991 poeta
934 939 1304 991 improbissimum
1353 939 1573 979 hominem
1616 938 1831 979 Rubrium

237 1015 389 1053 notare
428 1010 569 1060 Vellet,
619 1024 703 1063 quo
746 1010 886 1062 potuit
925 1010 1162 1062 elegantius
1202 1010 1331 1050 modo
1380 1022 1511 1062 quam
1543 1010 1616 1059 ita,
1665 1012 1713 1050 ut
1744 1022 1833 1050 non

239 1084 342 1124 certi
374 1083 560 1124 hominis
595 1081 841 1134 exemplum
875 1086 1068 1133 poneret,
1109 1080 1186 1121 sed
1218 1081 1420 1133 nequitiae
1453 1080 1704 1121 foedissimae
1745 1080 1833 1121 for-

237 1168 355 1195 mam
389 1155 587 1194 universe
622 1152 879 1200 absolveret,
922 1152 1148 1201 cinaedum,
1181 1152 1564 1204 flagitiosissimum
1597 1151 1832 1201 hominem,

239 1227 402 1267 alienas
435 1224 633 1265 libidines
676 1222 1067 1275 reprehendentem
1108 1226 1302 1274 ponens?
1349 1223 1439 1263 Iam
1482 1236 1561 1275 pro
1599 1223 1666 1263 his
1706 1222 1831 1276 finge,

239 1295 749 1348 Neroneimprobiorem
784 1294 884 1342 dici;
918 1294 1045 1345 periit
1078 1294 1140 1334 vis
1173 1290 1460 1345 sententiae.¹)

357 1368 443 1409 Sed
482 1367 586 1407 satis
630 1365 927 1417 exemplorum
976 1365 1173 1417 posuisse
1222 1365 1382 1414 videor,
1432 1365 1484 1405 de
1532 1365 1689 1417 quibus
1737 1364 1834 1405 ideo

237 1440 362 1493 plura
396 1439 495 1487 dixi,
545 1437 660 1490 quod
702 1449 788 1477 non
830 1436 969 1476 solum
1013 1436 1055 1475 in
1098 1436 1275 1487 singulis
1319 1436 1420 1477 locis
1461 1437 1594 1477 errari
1635 1436 1834 1477 animad-

238 1511 359 1559 verti,
394 1509 471 1550 sed
502 1510 642 1549 totum
675 1520 810 1560 genus
843 1520 997 1559 parum
1032 1509 1157 1547 caute
1190 1508 1387 1555 tractari3
1422 1508 1470 1547 in·
1496 1521 1580 1559 quo
1615 1507 1670 1548 ad
1694 1507 1833 1548 multa

238 1581 365 1623 simul
399 1579 711 1621 attendendum
746 1581 824 1627 est,
859 1578 915 1618 ad
947 1581 1088 1630 poetae
1122 1578 1359 1628 consilium,
1393 1578 1453 1618 ad
1486 1578 1565 1619 loci
1597 1579 1728 1619 totius
1763 1591 1834 1618 co-

238 1653 507 1700 haerentiam,
558 1650 613 1690 ad
657 1649 888 1690 verborum
923 1649 1115 1702 aliasque
1149 1652 1274 1689 notas
1308 1662 1359 1689 ex
1392 1651 1587 1689 veterum
1621 1661 1703 1689 usu
1735 1661 1834 1689 sen-

240 1737 375 1777 suque
394 1721 688 1770 aestimandas,
716 1720 771 1761 ad
795 1733 954 1769 rerum,
982 1733 1077 1773 quae
1105 1720 1355 1773 significatae
1382 1722 1603 1773 putantur,
1631 1724 1835 1760 naturam

240 1791 283 1836 et
314 1795 539 1842 rationem,
575 1793 831 1844 animusque
864 1791 1117 1832 referendus
1151 1792 1206 1832 ad
1230 1792 1391 1843 primos
1415 1791 1611 1840 lectores,
1644 1794 1704 1840 ut,
1739 1803 1835 1843 quae

240 1880 307 1907 res
339 1865 420 1906 illis
452 1867 661 1916 tanquam
687 1865 924 1915 praesentes
957 1863 1199 1903 obversatae
1225 1861 1397 1910 fuerint,
1431 1864 1477 1902 ut
1501 1861 1651 1902 leviter
1673 1863 1836 1902 notatae

239 1950 326 1978 non
358 1937 555 1984 laterent,
604 1934 880 1986 intelligatur.
952 1933 1037 1974 Sed
1081 1933 1285 1986 quoniam
1328 1933 1576 1973 huiusmodi
1619 1932 1835 1985 significa-

240 2009 404 2049 tionum
439 2006 726 2058 suspicionem
761 2018 786 2045 a
818 2004 1014 2057 pluribus
1048 2005 1151 2046 loeis
1184 2004 1460 2052 removimus,
1495 2017 1643 2044 rursus
1676 2004 1719 2044 in
1752 2003 1835 2043 alio

239 2079 332 2120 loco
365 2090 456 2118 rem
491 2077 608 2125 satis,
653 2080 700 2116 ut
732 2076 856 2116 nobis
889 2076 1071 2124 videtur,
1116 2076 1353 2128 perspicuis
1387 2076 1499 2116 notis
1532 2074 1833 2127 significatam,

240 2150 331 2190 sine
366 2161 451 2201 qua
483 2147 696 2187 sententia
731 2146 906 2199 intelligi
941 2150 983 2187 et
1015 2147 1134 2199 lepos
1178 2147 1325 2187 sentiri
1365 2150 1566 2199 nequeat,
1616 2158 1834 2186 eruamus.

279 2347 307 2391 ¹)
335 2350 390 2383 Ad
423 2348 531 2382 fidem
565 2346 615 2380 rei
648 2346 878 2390 improbabili
910 2347 1173 2381 conciliandam
1206 2346 1339 2380 Weber
1373 2349 1586 2390 argumento
1618 2345 1733 2379 utitur
1764 2355 1837 2378 non

337 2408 450 2452 magis
476 2406 664 2451 probabili,
703 2407 797 2439 hanc
822 2406 973 2440 Neronis
1007 2406 1306 2450 significationem
1332 2406 1517 2439 Romanos
1549 2405 1702 2451 lectores
1734 2403 1837 2437 intel-

337 2467 445 2510 ligere
477 2465 648 2509 potuisse,
682 2469 805 2509 patere
841 2476 883 2498 ex
917 2476 970 2505 eo,
1004 2465 1102 2509 quod
1133 2465 1276 2498 Persius
1302 2465 1316 2498 Ι
1344 2476 1374 2498 v.
1404 2463 1470 2497 128
1495 2463 1646 2498 Neronis
1678 2460 1837 2503 carmen,

338 2526 433 2569 quod
452 2526 583 2558 Luscio
609 2524 884 2565 inscribebatur,
911 2525 966 2557 his
993 2524 1111 2558 verbis
1130 2524 1303 2568 tetigerit:
1331 2529 1361 2557 et
1381 2525 1477 2557 lusco
1495 2525 1558 2567 qni
1568 2524 1686 2566 possit
1703 2523 1836 2556 dicere:

337 2585 440 2617 lusce.
491 2583 541 2616 Ea
569 2594 651 2617 vero
679 2583 882 2617 Casauboni
909 2583 1065 2627 suspicio
1100 2594 1142 2617 ex
1176 2583 1275 2617 nulla
1307 2583 1377 2616 alia
1410 2594 1446 2616 re
1479 2583 1588 2616 ducta
1621 2585 1686 2623 est,
1725 2591 1837 2625 quam

338 2654 380 2676 ex
407 2643 496 2676 lusci
523 2642 699 2676 vocabulo
726 2646 761 2675 et
787 2642 895 2675 simili
921 2642 1069 2676 nomine
1096 2642 1276 2676 carminis.
1327 2642 1504 2675 Describit
1529 2641 1672 2675 Persius
1696 2640 1837 2684 ineptos

338 2702 503 2735 homines
542 2705 576 2734 et
614 2701 651 2735 in
682 2701 881 2745 puerilibus
914 2701 1071 2735 dicteriis
1109 2701 1176 2735 sibi
1214 2702 1397 2745 placentes
1435 2704 1612 2744 tanquam
1649 2699 1764 2734 acutis
1803 2701 1838 2732 et

338 2760 456 2800 salsis3
497 2759 706 2794 huiusmodi
733 2760 904 2801 facillimi,
939 2771 1011 2793 non
1039 2761 1134 2801 dicti,
1174 2761 1236 2794 sed
1263 2760 1413 2794 convicii
1439 2760 1647 2803 exemplum
1673 2757 1775 2802 ponit
1802 2760 1838 2791 et

339 2820 382 2852 de
411 2819 484 2863 ipso
512 2819 659 2852 homine
686 2819 761 2852 haec
788 2819 966 2862 adiungit:
1003 2831 1075 2852 sese
1102 2821 1255 2863 aliquem
1281 2820 1436 2861 credens,
1469 2820 1561 2852 Italo
1587 2819 1681 2861 quod
1706 2818 1838 2851 honore

338 2880 491 2921 supinus
518 2879 680 2921 Freyeraesst
706 2879 867 2911 heminas
894 2880 996 2911 Areti
1023 2879 1139 2912 oedz'lz's
1167 2880 1319 2922 iniquas.
1364 2877 1458 2920 Quid
1484 2877 1560 2910 haec
1586 2877 1631 2910 ad
1658 2876 1837 2910 Neronem

339 2941 373 2970 et
400 2937 443 2970 ad
471 2937 547 2970 eius
574 2947 719 2970 carmen
730 2938 746 2969 ¹?
