1915 3235
820 165 905 206 235

72 308 172 336 vere
205 295 401 336 deductae
435 294 519 335 sint
560 292 694 346 [quod
726 297 855 348 negat
895 294 1120 347 Appianus
1161 295 1249 337 Cir.
1283 296 1312 345 I,
1355 296 1431 345 35ς
1481 297 1662 339 Cartha-

71 366 212 419 ginem
246 365 432 418 quidem,
468 364 520 405 de
554 364 671 405 cuius
705 365 968 406 deducendae
1003 365 1176 407 consilio
1212 367 1449 409 omittendo
1486 381 1536 409 eo
1570 369 1664 421 ipso

72 438 280 489 tempore,
315 448 398 488 quo
426 434 471 476 C.
496 435 714 477 Gracchus
747 437 912 478 occisus
945 438 1022 486 est,
1057 437 1229 477 comitia
1261 437 1412 478 habita
1438 438 1662 491 Appianus

72 507 98 548 1.
133 520 167 548 c.
201 506 359 555 scribit,
407 519 494 547 non
533 505 763 547 deductam
805 519 898 548 esse
940 507 1072 548 etiam
1111 520 1163 548 ex
1203 507 1395 549 eiusdem
1436 508 1544 549 Pun.
1581 509 1662 550 136

72 577 240 631 (ἀνέσχεν
266 579 286 622 ἡ
311 578 419 623 βουλή
447 583 506 613 τοῦ
537 575 784 629 συνοικισμοῦ)
817 577 1077 630 intelligitur,
1112 591 1363 630 quanquam
1395 583 1663 632 repugnante

72 649 276 701 Eutropio
308 648 374 697 IV,
409 646 499 700 21].
562 648 667 688 Livii
715 647 841 688 Drusi
889 647 956 688 lex
1004 648 1057 688 de
1104 648 1180 689 XII
1229 649 1403 690 coloniis
1452 650 1664 691 trinorum

72 719 252 760 millium
291 716 524 771 (Plutarch.
559 717 604 758 C.
639 717 817 758 Gracch.
851 718 890 767 9,
931 718 1118 771 Appian.
1153 718 1240 760 Civ.
1275 719 1303 767 I,
1345 718 1432 772 23),
1482 720 1570 761 lata
1610 720 1665 762 ad

71 789 210 842 plebis
243 789 409 830 animos
443 801 468 828 a
497 787 688 829 Graccho
723 789 993 838 avertendos,
1028 791 1076 829 ut
1108 789 1308 830 effectum
1340 803 1427 831 non
1458 790 1665 832 habuisse

72 873 169 901 cum
202 859 402 912 Sat-igino
434 861 596 910 putem,
631 860 828 911 quamvis
860 859 1117 900 Plutarchus
1150 864 1313 896 οἰκιστῶν
1339 864 1521 909 &rtrum
1548 874 1664 902 com-

71 932 282 972 memoret
315 928 367 982 (c.
404 929 469 979 10,
504 930 547 969 in
578 929 671 982 lege
703 930 901 971 videlicet
933 928 1171 983 scriptam),
1206 930 1307 971 facit
1339 930 1487 971 Velleii
1512 931 1663 973 Pater-

72 1001 152 1042 culi
184 1000 413 1050 silentium,
461 999 505 1040 in
537 1002 627 1040 tam
665 1001 908 1053 propinqua
941 1003 1069 1042 aetate
1100 1003 1164 1042 tot
1198 1001 1385 1042 colonias
1417 1015 1504 1043 non
1536 1004 1664 1044 omis·

71 1072 173 1112 suri.
250 1070 450 1112 Fortasse
496 1083 584 1111 una
632 1073 675 1111 et
722 1071 858 1112 altera
905 1071 1091 1112 deducta
1139 1074 1223 1120 est,
1280 1074 1325 1112 ut
1374 1072 1457 1114 illae
1504 1073 1660 1114 Itahcae

73 1142 273 1194 quinque,
308 1155 404 1194 quae
430 1141 547 1194 apud
570 1141 778 1182 Velleium
804 1143 1094 1191 nominantur,
1128 1155 1216 1183 non
1233 1155 1382 1184 omnes
1402 1143 1664 1184 Gracchanae

72 1212 168 1261 sint,
217 1211 384 1261 deinde,
435 1212 628 1254 Graccho
671 1213 796 1263 Victo,
846 1216 937 1253 tota
968 1225 1037 1253 res
1072 1212 1254 1254 abiecta.
1319 1213 1486 1254 Civium
1519 1217 1663 1255 autem

71 1282 368 1335 intelligendas
403 1296 552 1324 onmes
586 1285 664 1324 has
705 1283 892 1324 colonias
934 1285 1074 1336 patet,
1123 1296 1225 1324 nam
1273 1283 1410 1336 plebis
1453 1285 1665 1326 Romanae

72 1353 308 1395 commodis
340 1355 695 1407 prospiciebatur,
729 1367 807 1394 nec
839 1353 1065 1406 probabile
1099 1354 1185 1395 ullo
1218 1354 1347 1395 modo
1373 1357 1450 1405 est,
1486 1368 1537 1396 ex
1565 1356 1664 1397 solis

72 1423 234 1465 civibus
267 1425 455 1478 integras
497 1425 684 1466 colonias
718 1425 892 1466 Latinas
927 1424 1181 1466 constitutas
1223 1438 1330 1468 esse.
1372 1425 1443 1466 illa
1482 1439 1664 1478 praeser-

71 1493 148 1534 tim
181 1497 321 1545 aetate,
371 1509 456 1548 qua
495 1496 581 1536 iam
621 1497 723 1537 socii
764 1498 805 1536 et
838 1495 979 1537 Latini
1011 1497 1291 1536 Vehementer
1324 1495 1542 1537 civitatem
1576 1497 1664 1538 Ro-

72 1578 247 1606 manam
279 1568 427 1618 petere
461 1567 691 1619 coepissent
734 1570 776 1608 et
819 1566 1060 1608 Gracchum
1104 1566 1295 1618 aliosque
1338 1567 1533 1608 faventes
1578 1569 1665 1609 suis

73 1636 297 1678 conatibus
330 1636 555 1678 haberent.
574 1634 607 1689 1)

190 1707 428 1749 Coniuncta
470 1708 658 1760 quodam
699 1707 828 1749 modo
868 1720 965 1748 cum
1008 1706 1088 1748 illis
1133 1707 1394 1749 Gracchanis
1441 1709 1665 1750 conatibus

72 1777 241 1818 videtur
273 1778 405 1819 fuisse
438 1779 653 1820 Narbonis
686 1778 825 1820 Martii
861 1778 1074 1840 deductio,
1116 1791 1247 1830 quam
1281 1779 1494 1820 coloniam
1527 1793 1665 1832 popu-

72 1847 150 1889 lari
182 1848 274 1901 lege
308 1850 586 1890 constitutam
620 1862 727 1899 esse,
762 1863 787 1890 a
820 1849 1036 1890 senatoria
1065 1848 1250 1890 factione
1274 1850 1580 1902 improbatam,
1615 1863 1666 1891 ex

73 1917 287 1959 Ciceronis
327 1919 490 1972 aliquot
528 1920 630 1961 locis
670 1920 930 1973 intelligitur.
945 1916 978 1972 ²)
1042 1919 1190 1972 Itaque
1240 1920 1295 1960 ab
1342 1920 1461 1961 initio
1510 1920 1663 1961 civium

72 1989 164 2039 fuit,
205 1993 252 2031 ut
284 1990 528 2043 appellatur
560 2003 586 2031 a
618 1990 821 2032 Cicerone
855 1989 950 2043 (pro
982 1990 1103 2031 Font.
1123 1991 1162 2040 5,
1200 1990 1283 2043 13),
1318 2004 1404 2032 non
1436 1991 1529 2044 lege
1560 1992 1665 2033 Iulia

73 2061 367 2114 municipium.
430 2062 491 2102 Ea
526 2062 639 2102 enim
672 2062 741 2102 lex
771 2062 945 2114 triginta
979 2061 1067 2102 fere
1100 2062 1223 2102 annis
1264 2064 1362 2114 post
1395 2064 1437 2103 et
1470 2066 1664 2103 veterum

74 2131 338 2172 coloniarum
371 2133 622 2173 Latinarum
655 2134 816 2174 statum
850 2132 1035 2172 mutavit
1077 2134 1119 2173 et
1159 2145 1232 2173 eas
1274 2132 1515 2173 deducendi
1548 2134 1665 2174 insti-

74 2203 216 2243 tutum
248 2204 420 2255 penitus
453 2202 654 2253 abolevit,
703 2203 830 2244 nullis
869 2202 1027 2243 relictis
1060 2203 1242 2255 populis,
1292 2216 1344 2244 ex
1376 2203 1533 2256 quibus
1565 2217 1665 2257 pro-

73 2275 356 2325 pagarentur3
396 2273 440 2314 in
472 2274 591 2315 cuius
624 2273 764 2315 locum
798 2274 899 2314 iuris
932 2273 1043 2314 Latii
1075 2273 1264 2315 donandi
1296 2287 1461 2315 morem
1494 2287 1665 2316 succes—

74 2344 180 2385 sisse
218 2357 350 2396 supra
389 2340 635 2397 diximus.³)
698 2344 866 2386 Civium
907 2343 1094 2385 colonias
1135 2344 1386 2386 Gracchano
1426 2359 1558 2395 more,
1606 2346 1664 2387 ita

110 2517 140 2561 ¹)
165 2518 318 2563 [Walter
349 2519 440 2554 Hist.
474 2521 544 2555 Iur.
579 2520 684 2555 Rom.
711 2521 725 2554 I
750 2532 784 2565 p.
811 2519 879 2553 203
905 2523 979 2554 not.
1007 2518 1052 2553 82
1084 2519 1231 2554 Latinas
1264 2520 1330 2555 has
1363 2521 1473 2556 fuisse
1507 2521 1666 2556 colonias

167 2578 304 2620 statuit,
333 2582 368 2613 et
393 2579 459 2613 has
485 2590 562 2613 esse
587 2579 652 2613 XII
678 2579 757 2613 illas
783 2579 880 2623 apud
907 2578 1116 2614 Ciceronem
1125 2592 1132 2620 ;
1160 2590 1226 2613 nec
1253 2583 1430 2621 movetur,
1466 2580 1563 2624 quod
1589 2580 1666 2614 Ari-

167 2637 308 2672 minum
333 2638 439 2682 longe
464 2638 646 2682 antiquior
671 2642 726 2672 est
760 2637 917 2676 colonia;
956 2648 1041 2672 nam
1074 2638 1111 2672 in
1144 2638 1232 2673 alias
1265 2650 1409 2683 quoque
1442 2650 1554 2673 novos
1588 2650 1665 2673 esse

168 2696 340 2731 deductos
367 2697 523 2731 colonos.
574 2697 644 2731 Sed
682 2700 805 2731 tamen
843 2696 940 2731 aliud
978 2700 1032 2731 est
1071 2697 1211 2731 colonia
1249 2708 1354 2739 nova,
1393 2697 1491 2732 aliud
1525 2698 1664 2742 supple—

167 2759 335 2790 mentum
361 2756 583 2791 colonorum.
633 2753 752 2797 1834]

114 2810 142 2856 ²)
166 2813 235 2848 Pro
261 2813 483 2856 Cluent.51‚
521 2813 588 2848 140
620 2814 698 2849 coll.
748 2813 849 2848 Brut.
876 2812 932 2855 43,
967 2813 1034 2847 160
1060 2817 1095 2848 et
1122 2814 1165 2848 de
1192 2814 1290 2849 Orat.
1317 2814 1359 2852 ΙΙ
1387 2814 1442 2855 55,
1469 2813 1548 2848 223.
1599 2815 1664 2848 De-

169 2872 277 2907 ducta
303 2876 357 2908 est
382 2884 414 2907 a.
441 2872 508 2906 118
534 2871 648 2915 (Vell.,
674 2872 822 2917 Eutrop.
848 2873 905 2915 IV,
931 2871 988 2914 23,
1015 2872 1059 2907 al.
1088 2872 1156 2915 10).

114 2927 142 2972 ³)
167 2930 244 2965 Iam
271 2942 314 2966 ex
339 2931 392 2973 iis,
427 2942 506 2975 quae
533 2931 576 2966 de
601 2931 868 2976 Transpadanis
895 2931 1062 2973 diximus,
1094 2935 1205 2976 patet,
1240 2942 1350 2976 quam
1376 2942 1462 2965 vera
1488 2930 1533 2965 sit
1558 2930 1664 2964 intei-

169 2989 323 3033 pretatio
349 2990 418 3024 loci
442 2990 567 3024 Dionis
593 2990 704 3025 Cassii
731 3001 751 3024 a
777 2990 880 3024 nobis
905 3000 1016 3035 supra
1040 3001 1075 3034 p.
1101 2988 1170 3023 248
1195 2989 1324 3034 posita.
1360 2990 1512 3024 Latinos
1535 2994 1664 3023 veteres

1685 801 1736 826 290

1685 2358 1736 2383 291
