1915 3235
824 97 909 139 395

73 228 220 269 nulla
250 227 414 268 omnino
445 227 491 268 in
521 241 566 268 re
597 227 836 268 minutatim
867 226 1115 281 interrogati
1147 249 1201 253 —
1234 230 1386 280 quanto
1414 230 1487 266 aut
1519 224 1661 265 addito

75 303 148 339 aut
178 298 339 352 dempto
371 302 526 338 certum
556 297 891 351 respondeamus,
925 310 1007 337 nori
1037 296 1246 337 habemus.
1308 295 1403 337 Non
1435 295 1564 336 valde
1597 295 1661 336 di·
1681 305 1732 330 509

73 382 246 410 versum
279 370 344 409 est
381 367 438 408 ad
469 367 619 408 Famil.
652 367 742 418 XII,
781 367 857 408 24:
906 366 994 421 qu
1035 367 1197 407 nullum
1234 366 1364 407 locum
1387 366 1662 420 proetermitto

74 438 164 491 (nec
195 439 304 479 em'm
335 436 473 490 debeo)
505 451 588 478 non
618 437 737 478 modo
769 437 953 478 ornandi
975 437 1050 490 tui,
1082 436 1153 478 secl
1176 450 1226 477 ize
1252 436 1461 477 lauda-ndi
1484 436 1661 491 quidem.

75 508 207 561 [Add.
240 509 329 550 Liv.
362 508 429 558 ΙΙΙ,
463 508 532 557 24,
565 507 627 561 4.]
689 507 853 548 Deinde
885 507 1162 549 scribendum
1194 509 1260 548 est
1291 520 1344 547 ex
1373 506 1486 556 Par„
1521 506 1661 553 Bern„

72 579 186 622 aliis:
235 592 382 634 easque
426 580 473 619 ‘in
518 578 592 619 hoc
629 578 785 619 iudicio
833 591 916 619 esse
962 578 1171 618 recitatas.
1233 577 1552 617 Demonstratio
1592 575 1664 616 illa

73 649 201 691 Sestii
232 648 391 703 (huius)
423 662 510 691 non
542 651 645 702 apta
677 651 755 698 est,
799 661 933 701 quum
974 661 1026 689 ex
1057 647 1215 688 Vatinii
1246 660 1433 700 persona
1463 647 1664 699 loquatur

73 722 116 761 et
146 720 213 762 bis
245 721 332 761 iam
363 721 506 773 ipsum
537 732 696 760 nomen
727 719 774 760 P.
808 718 935 760 Sestii
966 719 1171 771 posuerit.
1234 718 1377 758 Huius
1408 719 1554 758 autem
1585 730 1664 769 pro

73 790 147 831 hoc
178 791 379 843 frequens
413 793 479 832 est
500 790 559 831 ‘in
597 790 836 831 Erfurtensi
876 788 936 842 (et
966 789 1058 830 Pal.
1091 787 1135 841 9)
1174 788 1393 838 mendum,
1442 789 1490 828 ut
1529 787 1664 828 multa

73 861 116 902 in
147 861 229 902 hac
261 864 303 902 et
335 861 427 903 aliis
458 861 673 903 nonnullis
706 860 986 910 orationibus,
1022 873 1073 900 ex
1106 858 1361 911 compendio
1393 858 1506 899 male
1538 857 1664 898 intel·

75 931 184 973 lecto
224 934 380 973 ortum.
455 931 566 984 (Vid.
607 931 767 972 Wund.
800 930 922 984 praef.
955 944 997 983 p.
1029 929 1224 971 XXXVII
1257 932 1299 969 et
1330 929 1554 980 scripturae
1587 940 1664 968 an-

73 1003 233 1043 notatae
281 1002 337 1042 ad
375 1000 398 1054 §
432 1003 471 1052 6,
513 1002 552 1052 9,
598 1002 663 1052 11,
708 1002 774 1051 15,
809 1000 897 1053 20.)
960 1001 1119 1042 Contra
1165 1000 1238 1040 lzoc
1283 1013 1362 1052 pro
1409 999 1534 1039 liuius
1579 1011 1666 1039 non

74 1072 285 1113 scribitur.
357 1073 470 1113 Tum
519 1072 672 1112 edunt:
722 1071 777 1112 In
823 1085 999 1126 quorum
1047 1071 1176 1111 altero
1224 1083 1264 1110 es
1311 1069 1521 1122 confessus
1569 1072 1662 1117 cet.,

74 1143 189 1195 quod
221 1144 413 1196 sequitur
444 1144 490 1183 in
522 1143 665 1184 altero.
727 1142 886 1183 Verum
921 1141 1067 1183 Cicero
1099 1153 1185 1182 non
1218 1141 1325 1181 duas
1357 1152 1425 1180 res
1459 1139 1665 1180 distinxe-

73 1217 142 1254 rat
174 1213 567 1263 commemorando,
617 1213 673 1254 ad
715 1226 823 1266 quas
867 1214 961 1253 haec
1003 1211 1154 1252 referri
1196 1210 1443 1263 singulatim
1474 1212 1664 1262 possent,

74 1283 151 1324 sed
183 1297 318 1325 unum
351 1284 508 1325 Vatinii
540 1284 833 1326 testimonium
866 1284 1011 1336 plures
1051 1284 1196 1335 partes
1231 1281 1502 1333 complexum
1535 1280 1665 1332 signi-

72 1353 291 1395 ficaverat.
354 1355 503 1407 Itaque
536 1368 589 1395 ex
621 1355 714 1396 cod.
747 1355 883 1396 Paris.
917 1353 1195 1395 scribendum
1229 1354 1314 1393 est:
1363 1350 1417 1391 In
1456 1364 1533 1406 quo
1566 1351 1665 1391 alte-

74 1438 171 1464 rum
203 1438 242 1465 es
273 1424 483 1477 confessus
516 1427 595 1466 cet.
657 1425 793 1467 Paulo
831 1425 974 1466 minus
1015 1425 1215 1465 accurate
1255 1422 1449 1463 membra
1485 1421 1566 1462 sibi
1598 1434 1665 1461 re-

74 1495 300 1547 spondent,
350 1509 533 1548 quorum
566 1496 675 1536 ratio
707 1495 979 1548 intelligetur,
1029 1494 1063 1535 si
1102 1493 1295 1547 pleniora
1326 1493 1420 1533 haec
1453 1492 1665 1532 extulero:

81 1565 136 1606 In
167 1579 244 1620 quo
276 1566 357 1606 cluo
389 1567 628 1607 commisisti
658 1566 903 1620 imprudens
912 1581 930 1617 ;
970 1566 1149 1605 alterum
1181 1568 1284 1616 erat,
1318 1562 1425 1617 quod
1457 1562 1667 1614 confessus

77 1650 117 1677 es
149 1639 243 1687 cet.,
277 1650 326 1677 ex
358 1637 493 1678 altera
517 1642 643 1691 parte
675 1637 999 1678 inconstcmtiam
1031 1641 1147 1676 tuam
1179 1634 1384 1687 refellisti,
1419 1635 1498 1673 cet.

192 1707 238 1748 C.
271 1708 311 1757 2,
345 1708 371 1748 5
403 1708 603 1748 scribitur
635 1705 782 1760 vul'go:
816 1705 1147 1759 Defendebatm·,
1180 1704 1346 1745 testibus
1377 1703 1540 1757 colleqis
1566 1703 1666 1753 suis,

73 1791 156 1818 non
201 1778 409 1818 recitandi
455 1792 583 1819 causa
630 1779 786 1832 legisse,
834 1777 906 1818 secl
952 1775 1278 1830 reeoqtioscendt.
1341 1774 1426 1815 Sed
1465 1774 1668 1826 defendor

72 1847 219 1901 fecisse
256 1861 470 1901 nusquam
510 1849 613 1890 alibi
652 1850 817 1902 legitur.
832 1846 865 1900 1)
927 1847 1105 1889 Codices
1154 1847 1300 1887 autem
1348 1844 1477 1897 (Pan,
1526 1845 1666 1893 Rern„

76 1916 181 1971 Erf.)
214 1919 396 1960 habent:
430 1933 512 1960 non
544 1934 584 1960 se
616 1919 836 1961 recitandi.
887 1917 1169 1970 Perspicuum
1203 1918 1269 1957 est
1300 1916 1439 1968 igitur,
1474 1915 1668 1968 defende-

78 1988 201 2030 batur
232 1992 373 2031 ortum
408 2004 502 2032 esse
536 2004 587 2032 ex
620 1990 882 2043 praecedenti
906 1989 1133 2038 dicebatur,
1168 1986 1550 2038 scribendumque:
1585 1985 1668 2026 De-

74 2059 284 2113 fendebat,
318 2061 485 2102 testibus
517 2062 679 2115 collegsis
710 2062 810 2113 suis,
845 2074 925 2100 non
963 2073 1004 2100 36
1036 2057 1245 2099 recitandi
1276 2070 1405 2097 causa
1437 2056 1592 2109 leyeTsse,
1626 2055 1669 2095 id

78 2133 155 2181 est,
205 2131 377 2172 dicebat
408 2132 452 2172 in
484 2131 746 2181 defensione,
790 2133 837 2172 ut
869 2131 912 2171 in
944 2131 1063 2170 Verr.
1097 2129 1144 2179 V,
1186 2129 1225 2177 9,
1266 2128 1322 2168 22
1355 2130 1397 2168 et
1432 2127 1497 2175 13,
1539 2126 1594 2167 32
1628 2128 1669 2166 et

77 2198 240 2254 alibi.²)

194 2273 239 2314 C.
273 2273 312 2323 3,
348 2273 386 2323 7,
421 2272 495 2313 ubi
527 2275 610 2313 est:
663 2272 803 2323 Quare
834 2276 930 2326 peto
963 2285 989 2311 (ι
1021 2275 1070 2322 te,
1114 2275 1158 2311 ut
1190 2269 1294 2309 milii
1325 2270 1528 2322 iynoscas,
1588 2266 1668 2307 Va-

76 2344 167 2395 tini,
207 2357 332 2398 quum
356 2344 516 2397 patriae
540 2344 813 2397 pepercerim,
862 2356 986 2396 quam
1018 2354 1248 2390 serccwam,
1296 2339 1340 2379 in
1373 2339 1518 2380 codice
1550 2338 1668 2378 Vati-

77 2427 184 2455 cano
216 2414 369 2467 legitur
401 2428 523 2469 quum
559 2419 595 2454 et
617 2413 720 2466 (Erf.
755 2418 791 2453 et
822 2426 926 2462 cum,
961 2412 1076 2464 quod
1099 2412 1142 2452 in
1165 2411 1400 2463 archetypo
1423 2411 1670 2450 nostrorum

78 2485 272 2526 codicum
312 2485 442 2526 fuisse
482 2486 688 2537 suspicor,
738 2497 790 2524 ex
837 2483 972 2524 altero
1020 2480 1195 2533 ortum),
1244 2481 1289 2522 id
1335 2482 1413 2530 est,
1462 2493 1584 2534 quum
1636 2479 1672 2518 ei

68 2556 241 2609 patriae.
304 2555 389 2597 Sed
435 2558 646 2609 praeterea
692 2554 736 2595 in
782 2555 917 2595 Vatic.
959 2555 1023 2594 est
1065 2553 1355 2606 pepercissem,
1408 2550 1525 2603 quod
1572 2549 1671 2590 ferri

116 2741 142 2785 ¹)
168 2741 261 2785 [Vid.
294 2746 417 2777 tamen
449 2743 493 2791 de
524 2743 664 2776 Invent.
691 2742 733 2782 II,
766 2740 822 2779 32,
856 2740 911 2775 98.
962 2740 1032 2775 Cfr.
1061 2740 1221 2774 Gramm.
1248 2739 1325 2773 Lat.
1351 2738 1372 2781 ἓ
1397 2737 1468 2771 400
1498 2748 1516 2770 c
1543 2736 1597 2770 ed.
1624 2733 1672 2777 3.]

114 2799 144 2843 ²)
168 2802 315 2836 Frustra
340 2812 488 2846 operam
515 2801 610 2835 sumi
635 2801 672 2834 in
699 2801 876 2845 explenda
902 2800 1042 2842 lacuna,
1070 2810 1151 2843 quae
1169 2801 1222 2832 est
1240 2797 1341 2832 initio
1360 2808 1401 2831 ca
1410 2796 1495 2840 pitis
1514 2794 1673 2832 secundi,

170 2864 211 2894 ut
236 2860 313 2904 ipsa
338 2871 410 2899 reS,
438 2860 626 2904 complura
651 2858 846 2893 desiderari
872 2859 1077 2899 ostendens,
1103 2858 1153 2891 ita
1180 2868 1277 2891 nunc
1294 2855 1504 2900 planissime
1530 2854 1675 2887 demon-

173 2922 262 2953 strat
288 2919 400 2953 codex
425 2918 504 2953 Par.

1689 2281 1739 2305 510
