1915 3235
124 1770 174 1795 233

945 141 1030 182 588

379 343 525 400 Quod
557 358 646 403 pro
686 343 966 390 accusativo
1005 358 1116 390 cum
1154 342 1398 389 infinitivo
1437 343 1568 402 apud
1607 357 1730 402 quos

563 438 826 501 scriptores
863 437 1079 497 positum
1117 436 1405 496 reperiatur.

307 554 414 605 Quae
456 553 672 595 sententia
712 553 798 594 iam
839 553 941 594 olim
982 555 1189 606 patronos
1230 553 1459 604 habuerat,
1508 553 1575 594 vel
1614 552 1790 605 optimae

189 626 328 666 aetatis
362 625 607 678 scriptores,
640 637 740 665 raro
770 625 958 673 omnino,
993 624 1069 664 sed
1092 626 1240 665 tamen
1263 624 1496 677 aliquando
1520 623 1628 678 quod
1658 623 1791 676 parti-

190 697 332 737 culam
375 696 585 737 subiicere
629 694 841 736 eiusmodi
885 694 1048 743 Verbis,
1099 708 1196 747 quae
1237 697 1416 747 propter
1458 695 1672 736 sentiendi
1715 697 1792 736 aut

190 767 442 808 declarandi
484 766 842 819 significationem
888 765 1185 807 accusativum
1228 778 1326 806 cum
1358 766 1568 808 infinitivo
1601 766 1792 819 require-

191 843 303 887 rent,
361 851 412 879 ea
461 851 596 890 quum
650 837 785 878 nostri
840 850 1011 889 quoque
1060 836 1267 889 temporis
1315 837 1610 889 grammaticis
1658 836 1794 890 (velut

190 909 389 962 Zumptio
423 908 568 961 §om
602 909 896 950 Ramsliornio
929 921 970 960 p.
996 907 1080 948 743
1104 908 1171 949 ed.
1195 907 1239 961 2)
1273 922 1318 949 se
1352 908 1614 961 probaverit,
1649 921 1793 960 operae

190 980 377 1033 pretium
427 980 520 1031 erit,
570 983 806 1032 antequam
854 992 989 1020 novas
1032 979 1199 1020 radices
1240 982 1340 1032 agat
1380 980 1595 1031 latiusque
1634 992 1794 1032 propa-

190 1054 326 1104 getur,
362 1052 601 1104 exquirere,
636 1064 767 1104 quam
792 1050 847 1091 sit
873 1063 990 1091 vera.
1046 1051 1272 1101 Locorum,
1306 1052 1378 1103 qui
1403 1049 1638 1092 testimonii
1663 1062 1795 1091 causa

191 1122 510 1172 adscribuntur,
560 1135 766 1175 magnam
809 1123 981 1174 partem
1023 1121 1254 1174 collegerat
1292 1121 1356 1161 Vir
1395 1121 1591 1174 egregius
1623 1121 1671 1162 P.
1705 1120 1795 1161 Ma-

191 1194 336 1235 nutius
377 1194 434 1235 ad
466 1194 552 1236 Cic,
587 1194 720 1246 Epist.
755 1193 812 1234 ad
843 1193 963 1234 Fam.
997 1192 1083 1242 VII,
1124 1193 1192 1242 28,
1242 1191 1314 1244 qui
1354 1193 1469 1244 quod
1508 1192 1650 1233 minus
1690 1192 1795 1232 sub-

190 1264 321 1306 tiliter
368 1278 528 1317 genera
575 1265 778 1318 quaedam
821 1264 1026 1316 loquendi
1074 1263 1346 1316 aliquantum
1395 1263 1566 1304 diversa
1614 1262 1797 1303 secrevit

192 1336 483 1388 nonnullaque
528 1335 727 1388 exempla
769 1348 947 1388 prorsus
990 1335 1046 1375 ad
1086 1347 1178 1375 rem
1220 1347 1307 1375 non
1346 1334 1607 1386 pertinentia
1640 1333 1797 1374 adiecit

193 1406 257 1459 (ut
288 1407 384 1447 XIII
417 1407 473 1448 acl
506 1407 626 1448 Fam.
659 1407 737 1447 40:
772 1406 880 1461 qnod
911 1406 993 1446 Scio
1026 1406 1181 1446 multas
1212 1405 1406 1454 valuisse,
1441 1405 1494 1445 de
1528 1418 1611 1458 quo
1639 1416 1796 1457 genere

193 1477 299 1518 dixit
331 1478 422 1530 ipse
456 1477 559 1518 alibi
590 1476 739 1530 recte),
789 1477 925 1518 facilis
970 1478 1035 1517 est
1076 1476 1204 1517 Venia
1247 1489 1298 1517 ac
1342 1479 1497 1528 parata
1538 1478 1580 1516 et
1619 1477 1797 1528 propter

194 1552 365 1601 teinpus
399 1551 441 1589 et
473 1551 650 1601 propter
683 1553 828 1589 cetera
859 1547 1028 1588 merita.
1077 1547 1130 1588 Et
1160 1549 1310 1588 tamen
1342 1547 1479 1588 multo
1511 1547 1654 1587 minus
1679 1546 1798 1599 apud

195 1621 307 1660 hunc
351 1620 506 1660 erroris
551 1622 593 1660 et
637 1619 898 1660 confusionis
941 1632 1035 1660 esse
1081 1631 1213 1671 quam
1253 1618 1370 1671 apud
1404 1631 1489 1669 eos,
1539 1618 1612 1670 qiu
1644 1620 1797 1670 postea

195 1690 542 1732 testimoniorum
576 1690 744 1742 copiam
778 1702 936 1743 augere
976 1689 1204 1730 voluerunt
1245 1692 1530 1741 auctoresque
1571 1688 1796 1729 sententiae

195 1765 237 1802 et
270 1762 522 1802 defensores
563 1761 685 1802 citari
723 1761 876 1809 solent,
925 1760 1145 1813 intelliget,
1195 1761 1267 1813 qui
1310 1760 1427 1801 illam
1472 1758 1797 1800 annotationem

196 1833 514 1885 comparaverit
557 1846 655 1873 cum
700 1831 885 1884 Scioppii
932 1831 1137 1872 Auctario
1179 1830 1386 1883 Mariang.
1427 1831 1504 1883 Ep.
1538 1830 1610 1879 Vl,
1660 1829 1798 1870 Vossii

196 1904 249 1944 (16
282 1906 375 1945 arte
407 1906 637 1956 grammat.
671 1903 767 1943 libri
802 1903 873 1943 Vll
907 1916 941 1943 c.
976 1903 1032 1944 20
1065 1905 1107 1943 et
1139 1903 1208 1949 612.
1250 1902 1407 1942 Vorstii
1441 1901 1512 1941 lib.
1548 1901 1601 1941 sle
1634 1900 1798 1941 Latini-

196 1978 285 2016 tate
318 1975 427 2016 falso
460 1988 577 2027 susp.
612 1987 646 2014 c.
682 1975 750 2022 2-1,
795 1974 1003 2015 Perizonii
1048 1974 1234 2025 denique
1278 1976 1379 2013 nota
1423 1972 1479 2013 ad
1524 1971 1687 2013 Sanctii
1718 1971 1797 2012 Mi-

195 2059 314 2086 nerv.
349 2046 421 2086 lib.
455 2046 509 2085 HI
544 2059 578 2086 c.
615 2045 669 2085 14
702 2044 724 2097 ,ξ
766 2046 818 2085 cle
860 2045 1159 2086 coniunctione
1191 2040 1359 2098 quodst)
1423 2044 1573 2095 ltaque
1611 2043 1692 2084 hoc
1734 2044 1799 2083 est

292 2211 371 2247 sita,
406 2211 468 2244 sed
495 2210 644 2244 alterius
670 2208 782 2253 partis
809 2209 921 2243 verba
947 2220 1055 2242 sensu
1083 2209 1241 2242 carentia
1267 2208 1342 2242 sive
1369 2209 1512 2252 culpam
1538 2208 1700 2240 veniendi
1723 2206 1799 2240 sive

295 2271 455 2303 veniendi
479 2271 697 2303 mcessltado
724 2267 965 2311 coniungitur.
1002 2266 1119 2309 1542]
1160 2266 1369 2310 [Poetarum
1390 2267 1527 2310 aliquot
1545 2270 1630 2301 sunt
1655 2266 1735 2307 loci,
1762 2265 1798 2299 in

293 2329 424 2372 quihus
444 2340 490 2362 an
510 2327 783 2372 interrogationi
803 2338 866 2371 per
885 2339 970 2360 num
987 2327 1181 2371 propositae
1200 2327 1403 2361 subiectum
1423 2326 1597 2360 maiorem
1617 2325 1728 2359 habet
1753 2325 1799 2359 ad

294 2387 549 2421 disiunctivam
578 2389 731 2420 forman]
766 2386 1050 2426 inclinationem,
1090 2396 1158 2419 nec
1190 2390 1314 2419 tamen
1348 2396 1471 2419 veram
1506 2384 1798 2426 disiunctionem,

295 2446 467 2489 quoniam
495 2457 566 2480 non
595 2447 839 2489 interrogatur
865 2445 910 2479 de
936 2445 1043 2479 rebus
1077 2444 1277 2485 contrariis,
1317 2455 1472 2488 quarum
1506 2444 1620 2478 altera
1646 2444 1800 2477 alteram

294 2505 408 2546 tollat,
443 2506 542 2539 velut
568 2505 684 2539 Plaut.
710 2504 808 2538 Poen.
836 2504 877 2544 V,
904 2505 935 2541 ι’),
976 2504 1032 2544 36,
1066 2504 1150 2538 Hor.
1178 2503 1288 2547 Epod.
1316 2502 1348 2544 3,
1382 2504 1419 2539 6;
1459 2503 1518 2536 vix
1551 2502 1700 2546 effugias
1732 2502 1800 2536 dis-

296 2564 519 2598 iunctionem
546 2564 583 2597 in
610 2564 695 2597 Hor.
723 2563 796 2597 Sat.
824 2563 867 2604 II,
895 2563 926 2603 ἶ),
955 2563 1009 2604 58,
1037 2563 1142 2606 Prop.
1170 2563 1230 2603 III,
1264 2562 1294 2602 ἶ),
1321 2561 1377 2603 43,
1406 2562 1470 2596 Ον.
1497 2573 1541 2596 ex
1566 2561 1669 2596 Pont.
1696 2561 1739 2602 ΙΙ,
1766 2560 1799 2602 2,

297 2622 341 2656 57
368 2626 404 2656 et
430 2622 486 2663 58,
512 2623 618 2656 Trist.
646 2623 704 2663 ΙΙΙ,
740 2622 770 2663 1,
804 2621 847 2654 41
876 2625 911 2655 et
936 2621 998 2661 423
1032 2621 1094 2655 sed
1122 2625 1245 2654 tamen
1272 2621 1430 2662 primum
1458 2621 1624 2654 absolute
1650 2620 1799 2654 interro-

295 2685 410 2726 gatur,
439 2681 568 2715 deinde
595 2681 758 2715 oboritur
784 2681 898 2714 altera
924 2678 1158 2722 coniectura]

238 2738 266 2779 ³)
292 2741 404 2774 Recte
430 2740 499 2773 dici
526 2742 608 2783 scio,
635 2742 739 2783 quod,
773 2741 862 2779 dico,
896 2741 990 2783 quod
1015 2739 1233 2779 Perizonius,
1272 2738 1333 2782 qui
1360 2738 1589 2781 superiorum
1617 2737 1736 2781 copias
1764 2737 1800 2770 in

296 2810 410 2833 unum
439 2799 564 2842 coegit,
604 2810 647 2832 ex
674 2810 716 2832 eo
743 2798 863 2839 efficit,
903 2798 999 2842 quod
1027 2798 1157 2831 dicitur
1183 2809 1323 2842 queror,
1362 2799 1473 2838 loetor,
1512 2799 1616 2841 qnod,
1653 2802 1801 2840 Stratum

297 2864 346 2891 est
373 2860 470 2900 mnis,
497 2858 601 2901 quod,
628 2862 767 2899 &Arrepto
795 2858 898 2900 quod,
927 2858 1037 2890 multa
1067 2859 1102 2890 in.
1130 2862 1250 2891 nostro
1277 2857 1418 2899 colleyio
1429 2857 1627 2899 prcedara,
1653 2857 1714 2889 sed
1736 2856 1800 2889 hoc

299 2920 333 2950 m
354 2918 501 2960 primi&
528 2918 631 2960 quod.
682 2915 772 2949 Tun}
804 2916 837 2949 in
866 2915 1047 2950 Ciceronis
1073 2915 1156 2949 Lael.
1185 2914 1216 2955 2,
1243 2914 1282 2948 8:
1315 2926 1375 2958 eyo
1403 2916 1440 2948 id
1465 2916 1668 2958 respondeo,
1707 2915 1801 2957 quod

297 2977 547 3018 ‹me'mcedcerti‚
586 2981 617 3008 te
650 2978 716 3008 cet.
750 2985 821 3007 non
856 2974 954 3008 videt
988 2976 1082 3018 qnod
1112 2974 1305 3008 relativum
1339 2985 1427 3015 esse,
1466 2984 1533 3007 nec
1566 2973 1603 3007 in
1637 2972 1801 3006 Suetonii
