1915 3235
124 453 157 476 97

128 2574 162 2599 98

948 94 1001 136 ῖ8

179 227 388 279 tragoedia
420 226 680 277 Amphitruo
712 224 838 264 simul
878 224 1021 271 tribui,
1072 236 1096 262 a
1128 222 1303 263 librario
1335 235 1413 274 pro
1444 222 1570 264 Ateio
1601 223 1766 264 Attium

179 298 364 346 illatum,
414 296 586 344 deinde,
643 294 794 335 eodem
842 293 1016 334 nomine
1063 293 1355 345 praecedente,
1403 293 1511 334 idem
1561 294 1764 346 scriptum

178 368 350 409 iudicat.
414 367 527 407 Tum
560 378 674 417 vero,
723 364 837 416 quod
877 363 979 405 nihil
1020 363 1205 403 valitura
1246 365 1369 404 erant
1409 376 1458 404 ea
1500 367 1766 416 argumenta,

179 439 333 490 quibus
367 438 422 478 ad
453 437 546 477 haec
579 435 787 476 mutanda
821 434 1137 485 impellebatur,
1177 435 1257 475 nisi
1290 447 1464 476 omnem
1496 435 1555 474 rei
1589 436 1768 475 scenicae

178 509 424 550 historicam
473 505 928 547 commemorationem
977 504 1032 545 ab
1072 504 1190 546 Attio
1231 505 1430 546 amolitus
1471 507 1604 554 esset,
1654 505 1769 558 apud

178 579 360 619 Gellium
382 578 448 624 ΙΙΙ,
483 577 509 617 3
532 577 598 617 bis
620 575 732 616 Ateii
755 587 913 615 nomen
936 575 1116 627 reponit,
1151 578 1251 616 ante
1284 577 1429 617 omnia
1461 589 1562 616 vero
1585 576 1628 616 in
1651 576 1769 617 Cice-

178 650 292 690 ronis
325 649 458 689 Bruto
490 647 516 687 l.
550 660 584 687 c.
618 646 807 686 Alterius
840 647 986 686 autem
1019 645 1140 686 Bruti
1172 646 1252 687 loci
1285 645 1396 699 (cap.
1431 644 1504 699 64)
1543 647 1672 699 plane
1704 653 1767 687 est

177 720 348 768 oblitus,
383 719 467 771 qui,
503 717 617 769 quod
650 716 775 757 nullis
809 717 1020 757 machinis
1055 716 1164 757 effici
1197 719 1352 769 potest,
1387 718 1490 769 quin
1521 718 1580 758 ibi
1613 718 1658 758 L.
1691 718 1769 758 At-

176 790 284 830 tium
317 790 491 841 poetam
525 788 578 828 de
610 800 739 828 scena
773 787 1107 840 fabularumque
1141 788 1308 828 actione
1350 789 1509 840 scripto
1541 788 1770 829 tradidisse

181 859 414 908 videamus,
448 861 582 899 totam
617 858 735 899 illam
769 858 1106 910 disputationem
1140 859 1305 899 evertit.
1354 858 1439 898 Sed
1472 872 1604 911 quum
1636 859 1770 900 Varro

177 929 248 983 (de
288 930 333 970 L.
368 930 413 970 L.
446 929 481 969 V
514 943 554 982 p.
593 929 675 970 100
709 929 795 981 Sp.,
830 929 883 969 IV
922 943 963 981 p.
998 929 1052 970 28
1085 927 1197 981 Bip.)
1259 929 1426 970 Attium
1474 930 1535 970 ita
1582 943 1770 971 comme-

177 1004 327 1050 moret,
362 1003 409 1041 ut
440 1000 698 1053 tragoediam
733 1000 945 1052 respicere
978 1013 1065 1041 non
1097 999 1308 1050 videatur,
1342 1001 1401 1041 ibi
1427 1014 1597 1053 quoque
1622 1001 1771 1042 Ateius

177 1071 415 1112 subiicitur.
495 1071 580 1112 Sed
627 1071 907 1111 nominantur
955 1071 1071 1123 apud
1119 1071 1306 1112 Nonium
1354 1071 1412 1124 (p.
1447 1073 1498 1113 61
1550 1072 1603 1114 de
1648 1086 1770 1126 prop.

177 1156 363 1183 sermon.
398 1156 431 1183 s.
465 1155 504 1182 V.
530 1140 691 1195 porcoe)
730 1141 835 1182 Attii
869 1141 1087 1194 Parergon
1127 1141 1236 1191 libri,
1286 1142 1402 1194 apud
1440 1143 1623 1184 Gellium
1652 1142 1771 1195 (XX,

178 1213 222 1266 3)
263 1216 305 1254 et
344 1214 531 1254 Nonium
571 1211 630 1265 (p.
668 1212 750 1253 150
791 1212 843 1253 de
876 1212 976 1253 hon.
1010 1215 1052 1253 et
1084 1226 1152 1253 no.
1188 1216 1271 1254 vet.
1306 1213 1405 1254 dict.
1439 1228 1472 1255 s.
1507 1227 1545 1254 V.
1572 1217 1774 1268 perperos

180 1287 221 1325 et
258 1299 298 1337 p.
339 1284 419 1325 15ss
461 1285 513 1325 de
554 1285 655 1325 hon.
697 1286 739 1325 et
770 1297 840 1325 no.
874 1286 957 1324 vet.
992 1284 1091 1324 dict.
1126 1297 1158 1324 s.
1195 1297 1232 1324 v,
1263 1284 1590 1338 ponderitatem)
1639 1285 1772 1338 Prag-

179 1356 380 1404 maticon‚
415 1357 458 1396 et
490 1368 542 1396 ex
573 1355 640 1396 his
669 1354 841 1407 quidem
870 1355 1121 1405 afferuntur,
1157 1368 1253 1407 quae
1280 1355 1335 1396 ad
1360 1369 1536 1396 scenam
1560 1356 1774 1408 pertinere

179 1426 418 1467 videantur.
467 1426 685 1467 Praeterea
718 1425 903 1466 eundem
935 1425 1089 1466 horum
1123 1438 1218 1467 esse
1243 1429 1285 1467 et
1317 1426 1607 1467 didascalicon
1640 1427 1773 1479 scrip-

177 1500 315 1538 torem
346 1496 504 1538 Gellius
528 1498 571 1537 in
594 1496 846 1549 praefatione
869 1496 1091 1548 significat,
1127 1498 1211 1549 qui,
1246 1497 1299 1538 de
1322 1497 1583 1547 nominibus,
1618 1498 1774 1550 quibus

179 1571 377 1609 auctores
435 1568 641 1608 librorum
702 1567 759 1608 ad
816 1568 1101 1608 eruditionem
1155 1569 1443 1620 spectantium
1497 1568 1563 1609 usi
1618 1571 1773 1616 essent.

179 1639 370 1691 loquens,
406 1643 474 1691 est,
508 1639 658 1691 inquit,
700 1639 771 1693 qui
802 1640 1085 1688 πραγματικά
1119 1643 1155 1679 et
1186 1640 1384 1688 πάρεργα
1411 1644 1447 1679 et
1478 1641 1774 1676 διδασκαλικά

180 1708 490 1763 (inscripserit).
554 1710 704 1762 Itaque
737 1710 868 1750 etiam
902 1710 945 1750 hi
977 1710 1104 1751 Ateio
1137 1710 1308 1759 dantur,
1357 1710 1437 1759 bis,
1486 1710 1602 1762 quod
1635 1710 1775 1751 dicere

179 1781 338 1822 oblitus
378 1783 456 1830 est,
505 1780 622 1832 apud
662 1780 844 1821 Gellium
877 1785 1012 1834 poetae
1052 1781 1342 1833 appellatione
1383 1781 1532 1821 eiecta.
1603 1781 1650 1821 In
1690 1794 1774 1834 quo

179 1852 309 1904 paulo
357 1853 455 1903 post
503 1850 751 1903 apparebit,
808 1865 941 1904 quum
995 1852 1327 1905 grammaticum
1382 1865 1522 1904 prosae
1571 1852 1775 1893 orationis

179 1923 348 1975 scriptis
397 1922 535 1962 ditare
582 1921 724 1970 vellet,
773 1924 948 1974 poetam
995 1922 1122 1963 simul
1163 1923 1368 1963 effecisse.
1433 1922 1547 1963 Satis
1588 1923 1669 1964 hoc
1711 1926 1776 1964 est

179 2005 285 2034 sane
318 1993 449 2033 critici
482 1992 728 2034 moliminis.
777 1993 932 2034 Mirum
966 1995 1031 2034 est
1063 1998 1223 2043 tamen,
1258 2007 1345 2034 non
1377 1994 1545 2034 venisse
1578 1994 1621 2034 in
1654 2007 1775 2035 men-

180 2067 268 2105 tem
302 2076 508 2116 quaerere,
551 2063 653 2116 quid
686 2067 800 2104 esset
832 2077 988 2114 causae,
1031 2077 1106 2105 cur
1137 2065 1180 2104 in
1212 2064 1278 2105 his
1310 2064 1429 2104 libris
1461 2066 1551 2105 tam
1584 2065 1775 2117 pertina-

181 2136 285 2175 citer
318 2134 478 2175 librarii
502 2134 615 2175 Ateii
648 2147 807 2175 nomen
838 2136 882 2175 in
906 2135 1012 2176 Attii
1036 2137 1289 2185 mutassent,
1324 2148 1470 2187 quum,
1505 2135 1579 2175 ubi
1611 2137 1775 2176 cetero-

182 2205 285 2259 quin
316 2205 429 2246 Ateii
460 2218 620 2246 nomen
653 2206 872 2256 citaretur,
904 2206 1075 2247 Attium
1108 2212 1194 2247 non
1227 2205 1564 2246 substituissent.
1613 2206 1699 2247 Sed
1723 2206 1774 2247 de

180 2276 262 2317 hoc
293 2276 386 2328 ipso
419 2276 543 2316 Ateio
576 2277 765 2328 primum
799 2276 1043 2326 videamus;
1078 2277 1150 2330 qui
1182 2276 1237 2317 ob
1271 2276 1407 2317 solam
1440 2276 1625 2317 nominis
1657 2277 1775 2318 simi-

182 2347 406 2387 litudinem
440 2346 600 2387 electus
633 2349 710 2397 est,
759 2349 807 2387 ut
844 2347 962 2389 Attio
1003 2347 1273 2396 succederet;
1321 2360 1463 2400 neque
1501 2348 1615 2388 enim
1655 2350 1775 2389 extra

182 2418 293 2458 hanc
342 2418 678 2458 controversiam
726 2418 861 2458 ullum
910 2420 975 2458 est
1020 2418 1261 2470 vestigium,
1311 2418 1427 2471 quod
1474 2431 1572 2458 eum
1620 2418 1776 2459 similia

183 2490 438 2540 argumenta
481 2487 676 2540 attigisse
718 2488 932 2529 ostendat.
995 2489 1033 2529 Is
1072 2489 1380 2541 grammaticus
1422 2489 1648 2529 libertinus
1690 2501 1777 2530 non

183 2558 419 2601 admodum
452 2558 622 2599 celeber
653 2571 751 2599 raro
785 2559 840 2599 ab
874 2559 966 2600 aliis
999 2560 1279 2612 scriptoribus
1312 2562 1355 2600 et
1387 2559 1442 2600 ab
1474 2560 1524 2599 iis
1557 2572 1775 2612 gramma—

182 2629 288 2678 ticis,
324 2641 506 2680 quorum
539 2641 618 2669 nos
652 2628 782 2669 libros
812 2629 1037 2680 habemus,
1073 2630 1241 2679 citatur,
1275 2642 1366 2679 nec,
1400 2631 1448 2670 ut
1479 2630 1660 2680 videtur,
1694 2630 1775 2671 nisi

183 2699 329 2739 addito
361 2701 538 2751 propter
570 2712 668 2740 eam
701 2712 878 2740 causam
901 2700 1107 2754 Philoloqi
1129 2700 1401 2753 cognomine;
1435 2700 1495 2741 sic
1528 2701 1640 2741 enim
1669 2701 1775 2741 cita—

182 2772 252 2810 tur
294 2782 319 2810 a
361 2769 498 2810 Plinio
541 2769 584 2810 in
627 2769 765 2810 indice
810 2775 1033 2811 auctorum
1077 2771 1172 2812 libri
1218 2771 1378 2823 quarti,
1427 2783 1453 2811 a
1495 2771 1622 2812 Festo
1661 2783 1694 2811 s.
1732 2784 1774 2830 y.

184 2839 392 2892 Naucum,
445 2839 589 2880 Ocrem
631 2839 672 2893 (e
713 2840 822 2882 libro
865 2839 1263 2893 glossematorum),
1316 2840 1510 2893 Orchitis,
1559 2840 1774 2895 Stroppus,

190 2910 374 2963 Tudites,
426 2910 626 2963 Vacerra,
669 2924 693 2951 a
726 2910 920 2952 Charisio
953 2911 969 2951 I
1000 2925 1042 2964 p.
1079 2912 1162 2953 102
1202 2914 1243 2953 et
1274 2925 1316 2964 p.
1354 2911 1434 2953 108
1466 2911 1528 2961 P„
1570 2924 1596 2952 a
1627 2911 1775 2953 Servio
