1915 3235
843 102 894 142 71

80 231 333 272 testimoniis
378 229 495 271 illam
541 231 785 283 opinionem
824 242 964 282 neque
1003 229 1189 282 vestigiis
1228 229 1466 271 manifestis
1505 230 1658 271 confir-

81 300 234 349 mavit3
281 313 372 349 nec,
413 301 447 340 si
485 300 557 341 illa
588 300 729 353 poesis
760 301 923 349 fuisset,
972 300 1168 340 cessisset
1199 299 1341 340 subito
1372 300 1468 341 rudi
1499 300 1659 341 Graecae

82 371 185 412 artis
216 370 456 420 imitationi,
504 383 600 423 quae
637 384 692 412 ne
730 373 882 424 postea
919 369 1094 423 quidem
1126 369 1229 411 satis
1261 369 1422 422 ubique
1453 371 1659 423 populum

80 444 227 482 tenere
258 441 510 494 radicesque
548 454 675 494 agere
713 441 864 494 potuit,
912 443 960 482 ut
1005 440 1048 481 in
1094 439 1262 481 scenica
1307 440 1426 492 poesi
1466 443 1660 494 apparet.

81 512 229 564 Itaque
261 511 379 560 mihi,
426 513 474 552 ut
506 511 656 552 eadem
698 511 884 564 imagine
923 515 1033 561 utar,
1083 524 1168 563 qua
1208 510 1309 552 olim
1348 511 1582 552 utebantur
1618 512 1663 552 in

82 581 259 623 historia
291 582 530 623 litterarum
571 582 820 622 Latinarum
869 582 924 622 ad
970 583 1215 634 temporum
1262 581 1473 622 rationem
1520 581 1662 623 distri-

81 652 267 701 buenda,
309 652 427 693 nulla
458 652 627 692 videtur
659 664 751 692 esse
783 653 938 692 harum
970 652 1209 692 litterarum
1242 651 1543 700 adolescentia,
1585 652 1665 693 etsi

82 722 225 775 aliqua
247 722 326 763 fuit
349 722 466 763 rudis
488 726 613 771 aetas;
647 724 739 763 haec
762 723 874 763 enim
896 723 941 763 in
963 735 1012 763 eo
1036 722 1302 771 elaborabat,
1325 725 1374 763 ut
1394 723 1664 776 peregrinam

83 793 323 834 litterarum
356 793 621 834 excultarum
654 792 838 833 formam
869 792 1062 834 nondum
1094 795 1340 846 praeparata
1372 793 1428 834 ad
1454 806 1550 834 eam
1574 805 1664 834 rem

83 864 265 904 materia
298 866 340 904 et
372 864 593 904 elementis
626 863 682 903 ad
718 876 764 904 se
796 863 1068 912 transferret;
1108 864 1397 905 adolescentia
1437 866 1582 905 autem
1615 876 1666 904 ea

82 933 251 974 videtur
282 934 554 986 appellanda,
589 946 721 987 quum
753 934 970 986 ingenium
1003 934 1144 975 alacre
1177 939 1218 975 et
1243 939 1443 987 vegetum
1470 948 1495 975 a
1518 934 1667 987 primis

84 1005 308 1045 conatibus
340 1017 615 1057 progressum
648 1004 757 1045 vires
790 1009 957 1045 exercet
991 1017 1181 1057 opesque
1220 1006 1378 1057 promit
1418 1009 1457 1045 et
1491 1005 1667 1053 formas,

84 1074 238 1127 quibus
278 1087 340 1116 eae
380 1074 691 1124 contineantur,
738 1075 880 1127 ipsum
927 1076 1006 1115 sibi
1053 1075 1185 1128 fingit,
1234 1089 1320 1116 non
1368 1076 1458 1116 sine
1505 1075 1668 1127 legibus

85 1143 204 1196 (nam
236 1150 328 1186 tum
361 1158 531 1198 quoque
563 1145 677 1198 leges
710 1145 914 1197 sequitur,
957 1158 1064 1198 quas
1103 1146 1198 1198 ipsa
1229 1151 1384 1187 natura
1416 1145 1668 1198 praescribit,

85 1228 244 1268 easque
276 1215 434 1256 sensim
465 1229 552 1257 non
583 1215 738 1264 verbis,
772 1215 848 1256 sed
879 1216 981 1268 ipsis
1014 1216 1216 1269 operibus
1250 1217 1450 1269 exprimit
1477 1219 1532 1257 et
1570 1229 1670 1268 pro-

84 1284 235 1339 ponit),
270 1286 347 1327 sed
378 1286 521 1339 legum
552 1291 699 1327 tamen
731 1286 923 1327 nondum
956 1299 1151 1339 gnarum,
1187 1289 1229 1327 et
1262 1288 1321 1328 ita
1353 1289 1401 1327 ut
1432 1288 1573 1339 operis
1606 1286 1672 1327 sui

84 1357 297 1398 rationem
343 1357 424 1397 sibi
470 1370 557 1398 non
603 1356 770 1397 reddat.
855 1357 1016 1398 Latinis
1064 1370 1196 1409 quum
1244 1358 1338 1398 haec
1385 1371 1474 1398 suae
1521 1357 1672 1398 formae

84 1427 296 1480 fingendae
343 1428 432 1469 sive
478 1428 714 1468 necessitas
757 1428 845 1468 sive
893 1428 1060 1469 occasio
1108 1428 1337 1481 legumque
1383 1442 1470 1469 non
1516 1441 1672 1480 cogno-

87 1498 357 1548 scendarum,
396 1498 473 1539 sed
510 1498 861 1550 reperiendarum
902 1502 1051 1551 erepta
1092 1501 1217 1546 esset,
1267 1499 1445 1540 celerius
1485 1511 1535 1539 eo
1576 1511 1673 1550 per-

86 1571 308 1618 venerunt,
356 1574 403 1610 ut
442 1570 485 1610 in
523 1569 675 1610 litteris
715 1569 768 1609 de
807 1582 885 1609 sua
918 1582 1050 1621 opera
1083 1569 1260 1621 eiusque
1292 1570 1470 1618 ratione,
1521 1569 1672 1617 forma,

87 1640 264 1693 legibus,
299 1639 442 1692 aliquo
474 1640 602 1680 modo
636 1639 892 1692 cogitarent;
936 1652 1076 1692 neque
1108 1640 1221 1691 enim
1256 1640 1408 1681 eadem
1442 1642 1506 1681 est
1538 1639 1675 1680 medi-

87 1711 260 1752 tationis
287 1710 363 1759 vis,
398 1723 530 1762 quum
555 1710 714 1751 sensim
738 1710 880 1760 rebus,
906 1724 1013 1763 quas
1038 1711 1118 1763 ipsi
1142 1713 1391 1760 tractamus,
1426 1710 1675 1763 cogentibus

87 1786 236 1822 nostra
268 1786 421 1833 sponte
453 1781 509 1822 ad
542 1794 638 1822 eam
672 1781 937 1831 deducimur,
983 1786 1023 1822 et
1057 1794 1189 1833 quum
1223 1795 1273 1822 ea
1305 1794 1392 1822 non
1424 1781 1562 1822 solum
1594 1781 1676 1821 im·-

89 1852 260 1905 pellitur
292 1852 477 1901 aliunde,
511 1852 599 1899 sed,
633 1852 789 1904 quibus
821 1853 1092 1904 aliquatenus
1125 1852 1205 1892 sibi
1238 1852 1488 1900 satisfaciat,
1522 1853 1677 1904 parata

90 1922 145 1963 ab
180 1923 271 1963 aliis
305 1924 471 1975 accipit.
535 1923 619 1963 Sed
657 1922 755 1963 hinc
787 1923 880 1965 alia
919 1926 1169 1975 sequuntur.
1232 1923 1425 1963 Primum
1467 1923 1554 1963 iam
1591 1934 1678 1963 non

90 1993 247 2034 mirum
297 1993 485 2041 videtur,
535 1993 649 2045 quod
696 1993 786 2046 ipse
832 1994 1016 2046 populus
1064 1994 1204 2034 minus
1253 2006 1382 2045 quam
1431 1993 1677 2034 Graecorum

92 2064 255 2117 aliquot
293 2067 440 2116 gentes
488 2064 727 2105 litterarum
768 2065 984 2117 particeps
1033 2069 1097 2105 est
1144 2064 1305 2110 factus,
1355 2064 1433 2104 etsi
1481 2065 1570 2104 eius
1617 2063 1678 2103 rei

93 2134 223 2175 etiam
271 2135 366 2175 aliae
413 2135 587 2176 fuerunt
634 2147 796 2182 causae;
850 2134 893 2175 in
942 2148 1025 2187 quo
1072 2135 1307 2183 interdum,
1356 2134 1428 2186 qui
1474 2134 1677 2183 iudicant,

92 2205 292 2246 iniuriam
324 2205 487 2246 faciunt
517 2205 664 2258 populi
696 2205 885 2258 ingenio3
918 2205 1135 2246 interdum
1167 2218 1253 2246 non
1285 2205 1477 2258 potuisse
1508 2205 1680 2257 placere

92 2276 251 2328 populo
283 2276 482 2317 Romano
515 2276 749 2329 peregrinae
783 2276 954 2328 originis
987 2276 1150 2317 litteras
1185 2276 1343 2323 dicunt,
1381 2275 1497 2327 quod
1528 2288 1678 2316 verum
1697 2292 1732 2317 89

94 2350 177 2396 est,
226 2347 259 2387 si
301 2347 360 2388 ita
398 2347 665 2400 intelligitur,
714 2360 800 2387 non
838 2346 934 2387 ideo
974 2346 1143 2399 placere
1182 2360 1268 2388 non
1306 2346 1516 2399 potuisse,
1565 2346 1680 2398 quod

95 2430 245 2459 earum
290 2419 378 2458 tota
421 2417 560 2458 forma
603 2430 629 2458 a
670 2417 933 2470 proprietate
981 2417 1125 2470 populi
1176 2430 1351 2470 prorsus
1394 2416 1678 2465 abhorruerit,

95 2489 172 2530 sed
204 2488 320 2541 quod
350 2501 477 2529 nemo
511 2487 740 2540 quicquam
772 2487 900 2540 plane
922 2487 1035 2529 intra
1059 2501 1105 2529 se
1128 2488 1306 2540 recipiat
1329 2500 1379 2529 ac
1402 2500 1491 2528 suae
1514 2491 1681 2528 naturae

97 2559 315 2612 adiungat,
364 2559 479 2611 quod
518 2562 611 2600 tum
650 2558 688 2599 ei
727 2559 863 2607 detur,
915 2572 1044 2611 quum
1084 2559 1277 2600 nondum
1310 2560 1579 2611 praeparatus
1612 2557 1679 2605 sit,

98 2630 176 2671 etsi
207 2630 323 2670 idem
361 2629 444 2670 alio
482 2632 677 2682 tempore
717 2630 970 2681 accepturus
1009 2629 1133 2670 facile
1172 2632 1297 2677 esset,
1346 2641 1479 2681 quum
1521 2627 1681 2680 aliquid

97 2701 189 2754 ipse
221 2701 406 2749 afferret,
441 2700 507 2741 cui
538 2699 582 2740 id
614 2699 908 2740 adhaerescere
932 2702 1092 2752 posset.
1140 2699 1253 2740 Tum
1277 2712 1378 2740 vero
1404 2712 1455 2739 ex
1479 2697 1681 2751 singulari

97 2772 179 2812 hac
210 2771 451 2812 litterarum
484 2769 882 2822 antiquissimarum
914 2770 1031 2822 apud
1061 2770 1283 2811 Romanos
1321 2770 1487 2810 ratione
1519 2768 1682 2809 factum

100 2845 177 2891 est,
225 2844 273 2883 ut
310 2841 427 2894 apud
469 2854 540 2882 eos
580 2840 790 2881 maturius
831 2853 881 2881 ea
920 2840 1161 2881 studiorum
1199 2853 1358 2893 genera
1388 2841 1680 2885 nascerentur,

101 2925 197 2964 quae
244 2912 360 2964 apud
402 2911 573 2952 Graecos
619 2910 783 2951 litteras
817 2910 986 2951 adultas
1034 2913 1076 2951 et
1122 2913 1337 2951 vetustate
1384 2909 1682 2951 corroboratas
