1915 3235
896 126 976 167 731

143 254 288 297 codice
320 254 528 296 Vaticano
559 268 646 297 non
677 254 844 308 legitur,
877 255 1121 297 substituis:
1171 255 1235 298 Tu
1265 269 1360 297 vero
1391 261 1516 307 tuere,
1549 255 1732 297 verbum

142 325 285 379 ipsum
318 325 595 378 sagacissime
627 339 653 367 a
683 328 728 367 te
759 326 983 368 inventum
1014 327 1133 379 puto,
1167 326 1244 368 sed
1275 326 1319 368 id
1340 326 1384 367 in
1414 326 1495 368 illis
1527 327 1631 380 ipsis
1662 326 1733 367 lit-

138 396 244 438 teris
274 399 319 436 tu
349 408 444 437 vero
475 395 611 437 latere
643 395 1006 449 scribendumque
1038 409 1152 438 esse:
1205 396 1339 438 Tuere
1377 397 1440 437 ita
1477 399 1556 438 cet.
1619 397 1731 438 Nam

138 466 215 508 illa
244 466 368 519 quasi
399 465 637 507 dubitantis
671 466 953 518 confirmatio,
988 480 1084 520 quae
1117 469 1182 509 est
1212 468 1256 508 in
1288 467 1353 508 Tu
1383 481 1491 518 vero,
1531 468 1602 508 vix
1630 469 1733 520 apta

139 538 217 587 est,
250 536 405 577 saltem
437 549 525 578 non
555 537 814 579 necessaria.

254 607 347 648 Ibd.
381 606 421 657 5,
468 607 542 648 12:
595 606 743 648 Utrum
785 608 918 662 iyitur
960 622 1162 663 auqurem
1205 608 1320 649 Iovis
1361 609 1505 663 optimi
1542 609 1732 660 mamimi,

136 678 254 718 cuius
293 678 538 731 interpretes
568 678 898 732 internuntiique
937 679 1146 719 constituti
1182 692 1337 731 sumus,
1377 684 1518 720 utrum
1550 679 1734 732 populus

135 747 352 788 Romanus
384 747 578 788 libentius
609 748 780 801 sanciet,
814 748 1056 802 Pompeium
1089 762 1146 789 an
1169 748 1430 790 Antonium?
1464 749 1601 790 Recte
1633 762 1732 790 sen-

134 818 226 859 sisti
257 818 439 871 figuram
473 818 678 860 orationis
711 819 1013 871 perturbatam
1047 832 1143 860 esse
1176 821 1218 860 et
1250 832 1303 860 ex
1328 819 1545 872 geminato
1573 832 1732 872 prono-

132 889 249 930 mine
287 894 427 930 utrum
475 902 689 942 apparere
735 890 894 941 praeter
940 889 1089 942 populi
1134 890 1323 931 Romani
1370 890 1501 930 etiam
1549 889 1730 931 aliorum

133 960 419 1012 quorundam,
468 960 550 1001 hoc
589 964 655 1001 est
695 959 832 1013 ipsius
863 959 1040 1012 collegii,
1088 961 1356 1001 sanctionem
1389 960 1673 1013 significatam
1707 973 1733 1001 a

133 1029 337 1071 Cicerone
369 1029 523 1079 fuisse3
557 1030 634 1071 sed
666 1030 771 1070 illud
805 1043 1007 1084 auqurem
1040 1030 1154 1071 Iovis
1185 1031 1330 1084 optimi
1355 1031 1545 1080 maximi,
1578 1030 1623 1071 in
1647 1043 1732 1082 quo

132 1100 409 1153 significatur,
443 1102 607 1153 quanta
641 1100 826 1153 dignitas
860 1103 1027 1153 agatur,
1066 1101 1225 1142 mutari
1257 1114 1343 1142 non
1376 1101 1519 1142 debet.
1582 1101 1732 1153 Itaque

131 1172 191 1211 sic
223 1170 366 1223 potius
399 1171 677 1212 scribendum
711 1172 796 1212 est:
855 1170 1003 1211 Utrum
1034 1172 1167 1225 iyitur
1207 1185 1409 1226 auyurem
1443 1171 1555 1212 Iovis
1587 1172 1732 1226 optimi

130 1242 321 1294 maximi,
355 1242 473 1282 cuius
495 1264 550 1270 —
574 1241 784 1282 constituti
814 1254 970 1293 sumus,
1004 1255 1090 1282 nos
1098 1274 1110 1294 ,
1143 1247 1285 1282 utrum
1309 1243 1493 1295 populus
1515 1242 1733 1282 Romanus

130 1311 323 1353 libentius
363 1312 521 1353 sanciet
553 1311 640 1352 -ἓ
683 1311 812 1352 Vides
851 1311 896 1352 id
937 1312 1193 1362 subiectum,
1242 1312 1357 1365 quod
1399 1314 1446 1353 tu
1488 1312 1729 1365 quaerebas,

129 1395 180 1423 eo
212 1382 305 1423 loco
338 1382 541 1434 positum,
575 1381 650 1422 ubi
682 1382 785 1434 poni
818 1381 875 1423 ad
906 1382 1111 1424 orationis
1138 1383 1322 1436 figuram
1348 1383 1491 1433 debet,
1526 1395 1576 1424 eo
1602 1395 1730 1423 voca-

127 1452 230 1494 bulo
261 1455 475 1503 notatum,
511 1453 627 1506 quod
659 1452 719 1493 ibi
752 1452 955 1493 facillime
988 1453 1185 1494 excidere
1216 1456 1401 1507 poterat.

245 1523 336 1564 Ibd.
374 1523 440 1573 13,
475 1523 551 1565 28:
602 1523 678 1564 Est
724 1523 889 1578 quidem
939 1524 1045 1564 alter
1088 1523 1301 1576 Saserna;
1347 1524 1419 1564 sed
1465 1537 1603 1564 omnes
1647 1526 1713 1564 cet

124 1593 260 1635 Nimis
292 1594 408 1635 nude
439 1595 482 1635 h.
515 1594 542 1635 l.
575 1593 730 1634 dicitur
762 1598 831 1644 est,
872 1607 1006 1647 prave
1038 1594 1204 1650 quidem
1243 1607 1375 1647 quum
1408 1607 1485 1647 per
1516 1607 1575 1644 se,
1624 1596 1715 1635 tum

129 1665 244 1717 quod
277 1664 494 1706 Ciceronis
535 1664 847 1706 consuetudine
890 1678 943 1706 ea
985 1665 1197 1717 particula
1239 1665 1283 1705 in
1326 1664 1601 1706 concedendo
1643 1678 1729 1706 non

127 1735 352 1776 subiicitur
398 1735 546 1776 verbo.
620 1734 757 1775 Scribi
806 1735 955 1776 debet:
1006 1734 1082 1776 Est
1128 1736 1316 1776 ibidem
1364 1736 1470 1776 alter
1518 1734 1729 1786 Saserna,-

126 1806 200 1846 sed
232 1809 313 1846 cet.
377 1804 610 1847 Praecessit
637 1805 768 1857 paulo
802 1808 924 1847 ante:
959 1805 1035 1846 Est
1067 1807 1192 1847 etiam
1224 1806 1283 1846 ibi
1316 1806 1484 1846 Decius.

245 1876 337 1917 Ibd.
374 1876 441 1926 15,
485 1876 563 1917 31:
623 1875 740 1926 Vide,
785 1890 835 1917 ne
877 1881 921 1916 tu
967 1881 1177 1917 veteranos
1208 1881 1347 1917 tamen
1379 1889 1456 1928 eos,
1505 1877 1577 1930 qui
1609 1881 1729 1916 erant

123 1946 296 2000 perditi,
321 1947 567 2000 perdideris
599 1949 680 1987 cet.
727 1946 868 1988 Pravo
901 1946 993 1988 loco
1026 1947 1201 1999 ponitur
1233 1951 1371 1987 tamen
1402 1959 1481 1987 nec
1513 1947 1728 1987 sententia

129 2030 180 2059 ea
213 2017 409 2067 efficitur,
459 2030 555 2070 quae
596 2016 739 2058 debet.
803 2017 865 2058 Ea
896 2017 1145 2058 huiusmodi
1177 2022 1262 2058 est:
1312 2016 1417 2070 vide,
1466 2031 1516 2057 ne
1546 2022 1590 2057 tu
1622 2022 1728 2057 vete-

128 2101 269 2141 ranos,
319 2101 383 2129 eos
420 2092 573 2140 tamen,
621 2088 693 2142 qui
731 2092 851 2128 erant
874 2087 1050 2141 perditi,
1089 2087 1346 2141 perdideris.
1408 2087 1520 2128 Nam
1551 2087 1654 2128 boni
1687 2090 1729 2128 et

127 2158 298 2200 honesti
343 2159 536 2199 veterani
579 2171 625 2199 se
669 2159 724 2199 ab
764 2158 941 2199 Antonii
982 2158 1167 2199 consiliis
1199 2160 1487 2199 removerant.
1551 2157 1730 2198 Videtur

128 2243 369 2282 pronomen
417 2229 626 2270 excidisse
673 2231 771 2281 post
825 2233 1057 2278 veteranos,
1115 2228 1269 2269 deinde
1325 2229 1416 2269 loco
1470 2241 1557 2269 non
1610 2229 1729 2268 recto

131 2301 378 2353 suppletum
433 2312 540 2341 esse.
618 2299 767 2340 Potest
821 2301 967 2340 tamen
1022 2299 1152 2340 etiam
1205 2300 1265 2340 sic
1315 2299 1524 2351 scriptum
1574 2298 1726 2339 fuisse:

132 2376 357 2424 veteranos,
405 2375 463 2412 set
510 2375 649 2410 tamen
696 2383 773 2419 eos,
822 2370 894 2424 qui
933 2372 1032 2419 cet„
1083 2371 1124 2411 et
1163 2374 1220 2410 set
1258 2369 1370 2410 inter
1411 2383 1431 2409 s
1473 2371 1516 2410 et
1557 2373 1571 2409 t
1614 2368 1726 2409 exci-

133 2441 263 2483 disse.

249 2512 341 2553 Ibd.
378 2512 444 2561 17,
486 2511 562 2552 35:
611 2511 817 2562 Quoniam
850 2524 917 2551 vos
950 2510 1297 2551 assentationibus
1329 2514 1365 2550 et
1396 2510 1608 2551 venenatis
1638 2523 1726 2549 mu-

132 2582 301 2623 neribus
332 2583 513 2623 venistis.
548 2605 604 2610 —
637 2581 875 2635 Depravati
913 2586 986 2621 aut
1018 2582 1203 2634 corrupti
1234 2585 1342 2633 sunt,
1376 2580 1523 2635 quibus
1548 2594 1726 2635 persua-

132 2667 224 2693 sum
271 2658 327 2694 est
365 2653 646 2705 foedissimum
685 2651 838 2692 hostem
879 2652 1104 2692 iustissimo
1150 2651 1250 2692 bello
1290 2652 1511 2705 persequi?
1566 2650 1726 2691 Vitiata

133 2723 226 2764 haec
274 2736 382 2773 esse,
430 2723 521 2763 iure
568 2722 721 2762 statuis
769 2724 812 2762 et
850 2721 1127 2762 manifestum
1169 2724 1245 2773 est,
1290 2721 1495 2763 correctio
1528 2721 1724 2762 difficilis.

134 2793 346 2834 Veniebat
376 2793 481 2834 mihi
513 2793 556 2833 in
587 2794 799 2833 mentem:
851 2792 1149 2846 Quanquam
1192 2806 1273 2833 eos
1314 2806 1396 2833 vos
1436 2792 1724 2832 assentationi-

138 2863 211 2904 bus
243 2868 278 2904 et
310 2865 521 2904 venenatis
562 2863 802 2903 muneribus
845 2863 1012 2903 venistis
1054 2863 1400 2916 depravatum.
1447 2886 1502 2890 —
1547 2862 1728 2902 Itane?
