1915 3235
489 996 681 1056 Index
717 996 950 1056 Rerum
987 996 1056 1055 Et
1094 995 1452 1055 Verborum.
1468 993 1500 1057 l)

539 1236 590 1276 A.

195 1321 247 1366 Α
274 1331 309 1365 in
336 1330 545 1375 compositis
571 1342 644 1375 qua
669 1331 746 1375 lege
772 1330 809 1364 in
835 1332 850 1364 i
874 1332 908 1365 et
926 1341 943 1364 e

244 1394 405 1425 transeat
432 1391 473 1431 Π,
501 1390 546 1423 65
571 1393 645 1424 not.

197 1450 327 1484 Abolla
351 1449 408 1484 41.

197 1511 249 1543 Ae
275 1508 354 1543 367.
406 1516 458 1543 Ac
483 1515 601 1544 tamen
626 1508 706 1543 491.
752 1508 821 1542 Cfr.
853 1508 943 1542 Con-

247 1570 442 1603 &motiones
468 1570 687 1612 copulativae.

197 1628 440 1671 AEqtciperare
464 1629 619 1671 yloriam
649 1640 725 1661 cum
754 1628 874 1671 aliquo
899 1626 942 1667 II,

245 1686 324 1720 371.

198 1745 281 1779 AEra
306 1745 489 1790 equestria
516 1745 558 1778 79
584 1748 658 1780 not.

199 1806 369 1848 Afflictus
396 1808 430 1839 et
457 1807 603 1848 affectus
629 1805 672 1845 ΙΙ,
699 1803 778 1838 308.

199 1865 410 1906 Africanus,
438 1864 473 1898 id
499 1867 563 1905 est,
596 1865 798 1907 Africanus
823 1864 946 1898 Minor

246 1922 325 1957 194.

200 1982 319 2016 Aiacis
346 1982 519 2016 iudicium
545 1982 583 2016 in
608 1981 739 2016 scholis
757 1982 945 2015 rhetorum

247 2044 443 2076 tractatum
469 2040 514 2074 44
541 2052 618 2085 sqq.

199 2096 427 2144 Αἷσχῦνομαί
450 2111 481 2132 τι
507 2101 620 2132 ποιεῖν
645 2111 677 2131 τι
705 2099 759 2133 61.

200 2160 444 2203 Aliquispiam
476 2163 512 2194 et
550 2161 804 2203 Aliquisquam
842 2169 947 2193 voces

247 2220 338 2252 fietae
363 2218 444 2252 465.

203 2278 348 2320 Aliquot
374 2289 457 2311 cum
483 2278 699 2321 pronomine
725 2277 948 2311 demonstra—

248 2336 322 2370 tivo
347 2335 427 2370 359.

202 2396 261 2428 An
288 2396 382 2429 male
409 2406 491 2429 cum
519 2400 555 2429 at
574 2398 840 2429 commutatum
859 2393 946 2435 4623

250 2465 298 2487 an
332 2465 443 2498 prave
476 2454 513 2488 in
547 2453 828 2498 interrogatione
865 2453 947 2487 sim-

250 2512 333 2556 plici
366 2512 408 2552 II,
442 2511 526 2553 163;
563 2524 611 2546 αη
643 2516 725 2556 post
756 2524 841 2546 num
873 2523 947 2546 non

250 2571 466 2605 disiunctive
491 2571 534 2612 ΙΙ,
560 2570 630 2604 230
655 2582 733 2615 sqq.

1051 1212 1154 1244 Anne
1180 1209 1222 1249 ΙΙ,
1250 1208 1328 1243 138.
1499 1245 1501 1248 ⁴

1051 1269 1243 1303 Annorum
1281 1268 1592 1302 numerandorurn
1630 1267 1722 1303 ratio
1754 1268 1797 1309 ΙΙ,

1098 1327 1178 1362 342.

1052 1388 1323 1432 Antiquitatum
1385 1387 1637 1421 Romanarum
1698 1386 1800 1421 disci-

1099 1447 1200 1492 plina
1224 1446 1293 1480 209
1320 1457 1397 1490 sqq.

1052 1507 1205 1541 Antium
1230 1505 1299 1539 234
1326 1508 1412 1546 not„
1438 1504 1517 1539 ⁶260.

1053 1565 1233 1600 Antonius
1277 1564 1412 1605 Rufus,
1462 1563 1721 1608 grammaticus
1765 1567 1801 1597 et

1100 1629 1209 1670 poeta
1234 1624 1289 1659 21.

1056 1685 1190 1719 Aoristi
1229 1695 1364 1718 nomen
1401 1693 1512 1728 prave
1550 1682 1726 1716 iactatum
1758 1682 1800 1723 ΙΙ,

1104 1743 1170 1777 104
1190 1746 1262 1778 not.
1282 1742 1314 1783 3,
1342 1742 1420 1784 109,
1448 1741 1516 1774 112
1541 1752 1618 1785 sqq.

1055 1805 1230 1847 Appetere
1254 1808 1401 1837 mortem
1426 1812 1583 1846 pravum
1609 1801 1651 1842 II,
1677 1799 1757 1834 336.

1055 1862 1210 1907 Apuleii‚
1238 1862 1300 1906 qui
1325 1861 1466 1901 dicitur,
1498 1861 1582 1894 libri
1613 1860 1658 1894 de
1683 1860 1802 1894 ortho-

1101 1921 1253 1966 graphia
1285 1921 1488 1965 fragmenta
1527 1920 1573 1953 ab
1606 1919 1802 1964 impostore

1102 1981 1187 2015 ficta
1212 1980 1234 2014 3
1261 1991 1338 2025 sqq.
1366 1978 1546 2023 Quando?
1572 1978 1627 2012 25.

999 2053 1001 2057 ¹
1055 2040 1199 2085 Apuleii
1224 2039 1337 2073 libelli
1361 2039 1406 2073 de
1432 2037 1665 2082 diphthongis
1697 2040 1733 2072 et
1758 2037 1802 2071 de

1102 2102 1189 2133 nota
1221 2097 1449 2143 aspirationis
1486 2096 1508 2130 3
1534 2107 1623 2140 sqq,
1658 2095 1680 2129 8
1705 2106 1802 2140 sqq.;

1103 2158 1201 2202 prior
1226 2168 1378 2191 maneus
1404 2157 1435 2190 9.

1058 2218 1176 2251 Arbos
1202 2217 1246 2250 de
1271 2217 1368 2250 malo
1394 2216 1497 2250 navis
1522 2215 1564 2253 ΙΙ,
1593 2213 1672 2248 175.

1058 2276 1265 2310 Ariminum
1291 2275 1433 2309 colonia
1457 2272 1526 2307 282
1551 2284 1629 2318 sqq.

1058 2334 1178 2369 Aristo
1217 2334 1309 2368 Ceus
1348 2345 1370 2368 a
1407 2334 1495 2368 Chio
1534 2333 1725 2367 distinctus
1758 2332 1801 2373 ΙΙ,

1103 2392 1183 2427 269.

1058 2454 1194 2486 Armus
1244 2452 1288 2486 de
1344 2452 1497 2485 humero
1553 2450 1710 2485 hominis
1759 2450 1801 2491 ΙΙ,

1105 2510 1182 2545 198.

1057 2572 1142 2611 Ars,
1169 2570 1204 2603 id
1232 2573 1298 2611 est,
1325 2569 1416 2603 liber
1441 2569 1677 2603 scholasticus
1703 2567 1758 2602 61.

243 2722 269 2765 ¹)
297 2723 441 2767 Paginae
472 2723 678 2757 indicantur
709 2723 836 2767 prioris
878 2722 1045 2757 editionis
1077 2723 1135 2756 hie
1166 2722 1203 2756 in
1238 2722 1400 2766 margine
1431 2724 1631 2762 annotatae,
1674 2720 1802 2765 prioris

300 2782 494 2816 voluminis
520 2782 621 2816 nullo
647 2782 770 2816 addito
796 2792 961 2822 numero,
989 2781 1137 2815 alterius
1162 2780 1359 2815 voluminis
1384 2780 1507 2814 addita
1533 2783 1623 2814 nota
1649 2779 1698 2817 ΙΙ;
1725 2782 1802 2814 tan-

299 2844 378 2875 tum
410 2840 472 2874 ubi
503 2840 642 2884 paginae
674 2851 826 2874 numero
866 2840 1028 2874 adiectus
1066 2843 1121 2874 est
1158 2839 1370 2881 asteriscus,
1407 2838 1656 2883 significantur
1694 2838 1802 2872 huius

301 2899 467 2934 editionis
492 2899 643 2943 paginae,
677 2898 723 2932 ad
748 2909 791 2932 ea
817 2899 936 2942 capita
961 2898 1195 2942 pertinentes,
1231 2909 1312 2942 quae
1336 2898 1394 2932 hic
1421 2898 1570 2932 demum
1599 2898 1666 2932 sub
1691 2896 1803 2932 finem

301 2958 496 2992 voluminis
523 2960 762 2991 accesserunt.
