1915 3235
863 132 948 173 713

109 261 300 302 VITAR.
363 261 549 314 Longius
580 261 781 314 progredi
813 261 925 311 licet3
964 261 1082 302 nullo
1115 261 1229 302 enim
1263 261 1345 302 alio
1377 260 1589 302 vocabulo
1612 260 1707 301 haec

111 332 300 385 copulari
323 334 506 384 possunt
526 331 608 373 nisi
629 332 934 385 praepositione
947 329 1002 385 1);
1035 332 1390 385 significationem
1424 334 1570 372 autem
1594 344 1705 381 eam,

110 416 207 455 quae
238 402 482 455 requiritur,
524 402 620 444 duae
659 405 869 455 praestant
907 403 1053 444 latinae
1091 402 1431 456 praepositiones,
1471 406 1633 456 prceter
1665 403 1707 443 et

110 473 244 522 ultra3
277 473 423 525 itaque
455 473 635 514 VITAR
666 473 829 514 factum
863 476 929 514 est
961 486 1013 514 ex
1044 473 1251 523 VLTRA,
1286 472 1542 525 scripsitque
1568 472 1706 522 Quin—

108 544 303 585 tilianus:
352 543 445 584 Alii
487 542 586 596 (etsi
628 544 728 584 solis
770 543 874 585 locis
917 543 1122 597 speciosis
1168 543 1357 584 contenti
1398 556 1485 584 non
1525 545 1625 584 sunt
1664 545 1708 584 et

110 616 366 667 argumenta
399 627 542 655 causae
574 615 750 666 propria
783 617 998 667 quaerunt,
1031 612 1197 667 tamen)
1230 614 1338 654 nihil
1369 614 1485 654 ultra
1517 627 1579 665 ea,
1612 627 1704 668 quoe

109 686 154 725 in
186 685 322 725 oculos
355 685 590 737 incurrenti,
624 685 924 739 eoeqiiiremlum
954 689 1118 738 putant.
1168 684 1374 726 Confecta
1396 697 1465 725 res
1494 687 1571 725 est.
1620 683 1707 725 Sed

108 758 269 805 tamen,
318 756 522 808 quoniam
563 756 868 797 admonitionis
909 756 1179 796 occasionem
1219 756 1262 796 in
1294 755 1376 796 hoc
1407 755 1500 796 loco
1532 759 1706 797 secutus

109 839 219 875 sum,
254 826 414 867 addam
446 826 648 878 primum,
684 826 798 878 quod
831 826 887 867 ad
918 826 1080 867 inventi
1104 826 1277 867 laudem
1301 825 1582 866 minuendam
1607 838 1706 878 per-

108 897 257 947 tineat,
290 897 377 937 iam
412 899 512 937 ante
544 896 747 949 aliquem,
782 896 901 937 cuius
935 897 1226 938 coniecturam
1252 896 1476 948 Zumptius
1508 895 1552 936 in
1583 896 1706 937 volu-

109 968 225 1008 mine
258 967 406 1020 quinto
439 967 638 1008 editionis
663 967 983 1020 Spaldingianae
1006 966 1223 1016 indicavit,
1256 979 1415 1007 nomen
1439 979 1526 1007 non
1548 966 1704 1019 posuit,

111 1041 153 1079 et
183 1037 444 1079 sententiam
478 1040 520 1079 et
552 1038 758 1079 orationis
791 1038 977 1079 formam
1009 1037 1188 1086 vidisse3
1221 1037 1350 1077 scribi
1373 1037 1487 1077 enim
1508 1038 1704 1079 volebat:

109 1109 202 1150 Alii
233 1108 342 1149 nihil
373 1109 458 1149 *nisi
487 1108 592 1161 fere,
641 1122 733 1163 quc&
765 1109 811 1149 in
842 1109 978 1149 oculos
1012 1109 1247 1159 incurrunt,
1297 1107 1598 1162 exquirendmn
1623 1121 1704 1161 lm-

109 1184 220 1228 ΐαηύς
261 1179 481 1220 aberravit
513 1193 538 1220 a
569 1179 758 1232 vestigiis
791 1179 1032 1220 litterarum
1064 1179 1248 1228 illarum,
1282 1191 1379 1230 quae
1411 1178 1455 1218 in
1487 1177 1706 1219 codicibus

110 1252 223 1301 sunt,
265 1252 307 1291 et
339 1263 473 1302 quum
507 1263 558 1291 ea
590 1253 738 1292 tamen
771 1250 975 1302 consequi
1006 1250 1148 1297 vellet,
1190 1248 1296 1289 nihil
1328 1250 1411 1289 nisi
1439 1248 1531 1301 fere
1563 1250 1708 1301 posuit

110 1335 189 1374 pro
222 1321 328 1361 nihil
357 1321 449 1373 fere
479 1322 576 1362 nisi.
640 1321 693 1362 Et
724 1323 874 1362 tamen
904 1321 999 1370 hoc,
1033 1320 1149 1372 quod
1179 1319 1403 1360 inventum
1429 1322 1533 1369 erat,
1568 1332 1706 1371 quan-

109 1394 200 1433 tam
232 1392 323 1433 Veri
354 1396 524 1445 partem
549 1392 799 1442 contineret,
834 1391 1059 1444 Zumptius
1081 1404 1169 1432 non
1192 1390 1555 1439 animadvertens,
1589 1389 1704 1440 Mihi,

109 1463 260 1515 inquit,
294 1476 380 1504 non
413 1463 636 1504 satisfecit.
709 1462 874 1504 Deinde
907 1475 1041 1515 quum
1074 1462 1166 1514 ipse
1199 1461 1511 1511 Quintilianum
1545 1459 1705 1509 ederet,

110 1535 286 1586 recepta
324 1533 407 1574 hac
446 1534 679 1586 scriptura:
727 1533 835 1574 nillil
876 1534 1024 1585 vitare,
1072 1546 1163 1587 quse
1204 1533 1249 1572 in
1293 1532 1427 1572 oculos
1471 1531 1705 1582 inem-rimi,

111 1603 412 1659 exquirenclzmi
436 1609 594 1658 putant
626 1604 876 1657 adscripsit:
909 1604 997 1644 Nos
1030 1604 1163 1644 vitem
1196 1603 1431 1654 accipimus
1464 1614 1542 1653 pro
1573 1602 1708 1641 ϊὶιέαη-

111 1674 211 1715 dum
245 1674 325 1716 sibi
357 1689 459 1724 esse;
509 1675 624 1728 quod
667 1676 760 1727 quis
792 1688 880 1715 non
912 1675 1092 1715 miretur
1123 1673 1406 1726 grammatico
1439 1672 1483 1712 in
1514 1674 1707 1712 mentem

110 1747 280 1787 venisse
323 1759 457 1799 quum
498 1759 576 1798 per
618 1759 664 1787 se
678 1742 712 1797 2)
755 1748 848 1786 tum
890 1746 1068 1797 propter
1099 1744 1309 1797 reliquam
1344 1742 1706 1784 constructionem

111 1816 348 1870 (vitandum
386 1816 467 1858 sibi
505 1830 588 1857 esse
620 1814 958 1870 exquirenclmn)l
1007 1815 1070 1855 De
1101 1814 1328 1863 sententia,
1363 1815 1558 1866 apparet,
1607 1826 1707 1854 eum

111 1901 287 1941 prorsus
334 1900 421 1928 non
469 1887 685 1928 curiosum
733 1886 878 1927 fuisse.
939 1886 1099 1926 Postea
1141 1885 1220 1925 fuit
1263 1884 1406 1934 etiam,
1456 1883 1527 1936 qui
1567 1882 1706 1937 (lexic.

112 1957 286 2008 Quintil.
320 1971 362 2011 p.
396 1956 562 2010 LXVII)
606 1958 659 1998 de
692 1957 900 1997 infinitivo
932 1955 1137 1997 historico
1169 1957 1365 1996 monstra
1398 1954 1600 2006 quaedam
1633 1967 1707 1994 ex—

113 2029 320 2081 cogitaret
352 2027 462 2081 (Alii
493 2030 627 2069 *vitare
659 2051 714 2056 —
739 2027 1104 2082 putant-:vitant
1136 2030 1171 2066 el
1195 2022 1381 2078 putant),
1423 2024 1525 2074 „nisi
1558 2037 1706 2065 emen-

113 2099 298 2140 dationis
332 2099 566 2152 ancipitem
605 2099 865 2140 medicinam
906 2097 1137 2138 adhibere“
1177 2096 1330 2148 aliquis
1362 2095 1504 2136 vellet.
1567 2095 1629 2135 De
1661 2107 1707 2136 re

113 2173 155 2211 et
187 2169 402 2211 sententia
433 2183 521 2211 non
553 2169 768 2222 cogitavit.
817 2168 911 2209 Hoc
942 2181 1029 2208 non
1061 2167 1165 2217 fero,
1199 2167 1281 2208 hoc
1307 2166 1592 2218 reprehendo,
1625 2166 1707 2207 hoc

112 2240 310 2289 insector,
361 2240 609 2282 huiusmodi
649 2240 795 2281 omnia
833 2239 1022 2292 fingendi
1063 2241 1106 2279 et
1143 2251 1296 2279 sanam
1339 2236 1552 2277 rationem
1584 2248 1706 2288 sper—

111 2312 243 2353 nendi
274 2312 492 2353 licentiam
526 2313 664 2352 cautae
697 2310 938 2362 prudentiae
971 2322 1130 2350 nomen
1162 2307 1511 2359 sibiimponere,
1553 2308 1596 2347 et
1627 2319 1705 2347 an-

113 2383 285 2435 cipitem
319 2383 465 2424 vocari
506 2395 594 2423 non
635 2381 747 2422 hanc
791 2380 858 2421 vel
898 2380 1016 2421 illam
1060 2379 1365 2426 coniecturam,
1415 2377 1492 2418 sed
1534 2389 1708 2418 omnem

114 2466 210 2494 cum
245 2454 395 2506 quovis
429 2452 624 2494 codicum
665 2451 823 2493 mendo
858 2452 1168 2503 comparatam.
1232 2449 1285 2489 Et
1325 2446 1425 2500 quia
1462 2447 1555 2487 haee
1594 2460 1707 2488 nunc

151 2650 181 2693 1)
205 2652 296 2686 Nam
323 2652 351 2686 si
379 2654 450 2686 m'si
475 2650 720 2694 Quintilianus
746 2650 934 2694 posuisset,
967 2649 1185 2693 scripsisset:
1225 2649 1315 2682 nihil
1345 2649 1419 2681 nisi
1450 2649 1543 2691 quod
1577 2667 1620 2671 -—
1655 2648 1707 2680 in-

208 2716 344 2744 currat.

151 2766 178 2811 ²)
204 2769 428 2813 Longissime
454 2768 562 2802 distat
595 2779 713 2802 censeo
743 2768 872 2810 facere,
911 2767 979 2800 hoc
1005 2769 1069 2807 est,
1106 2767 1216 2806 iubeo,
1256 2766 1300 2799 de
1326 2776 1397 2809 quo
1424 2764 1495 2798 dixi
1522 2764 1558 2798 in
1584 2763 1705 2797 libello

209 2838 318 2871 quem
343 2828 524 2872 inscripsi:
558 2827 826 2869 cherkunyen
855 2826 939 2858 iiber
966 2825 1204 2858 verschz'edene
1231 2825 1365 2858 Pmicte
1391 2825 1454 2857 cler
1479 2823 1707 2857 lcctcim'schen

213 2887 458 2929 Spraclzlehre,
486 2897 519 2930 p.
550 2885 603 2919 78.
