1915 3235
851 112 907 154 63

89 246 167 286 etsi
216 245 268 285 de
317 256 447 285 censu
486 243 701 284 senatorio
734 241 1020 294 antiquissimi
1066 241 1274 294 temporis
1320 239 1427 280 nihil
1474 239 1673 288 traditur,

89 316 567 366 commemoranturque
600 313 798 365 exempla
829 325 1071 365 pauperum
1104 312 1352 352 senatorum
1386 308 1494 362 (Liv.
1521 309 1569 359 Π,
1606 309 1673 359 16,

87 384 175 437 33),
216 384 403 425 dubitari
443 386 591 425 tamen
621 397 708 425 non
739 385 894 435 potest,
935 383 1035 435 quin
1069 383 1145 422 aut
1176 381 1231 422 ab
1263 381 1383 421 initio
1415 382 1491 421 aut
1523 380 1675 421 admo-

89 456 190 496 dum
223 457 393 495 mature
426 467 579 495 census
612 455 801 506 equestri
832 454 969 503 maior
1007 452 1195 493 senatori
1232 452 1501 504 praestitutus
1533 450 1673 499 fuerit,
1694 458 1730 483 ⁷9

88 525 332 578 frustraque
380 525 447 574 sit,
495 526 543 565 ut
589 525 632 565 in
678 524 805 565 simili
851 523 1164 565 declamatione
1212 522 1283 563 alii
1330 521 1466 571 multi,
1514 521 1677 562 Plinius

88 596 224 637 Maior
246 594 307 649 (in
329 595 450 648 praef.
475 594 548 635 lib.
574 593 699 647 XIV),
733 594 817 647 qui,
851 596 1047 634 veterum
1079 596 1325 646 temporum
1357 592 1677 645 simplicitatem

88 666 331 716 admirans,
379 667 532 718 postea
578 667 824 706 senatorem
872 665 1147 717 equitemque
1187 677 1318 705 censu
1355 663 1449 704 fieri
1487 663 1678 714 coeptum

89 739 249 778 narrat.
311 736 486 776 Nullum
518 736 632 776 enim
664 738 808 788 potest
847 749 941 777 esse
981 735 1205 776 consilium
1238 734 1463 775 hominum
1496 732 1553 772 ad
1584 733 1680 772 υἱέας

86 807 211 860 finem
241 808 305 847 rei
327 806 509 860 publicae
532 807 870 860 praepositorum,
909 806 1161 860 stipendium
1199 819 1282 846 non
1314 804 1619 858 accipientium,
1653 816 1680 842 α

89 882 247 933 quaestu
285 881 533 918 remotorum
581 876 910 930 (antiquissimae
949 879 1050 918 sunt
1089 877 1203 917 enim
1242 876 1370 928 leges,
1422 887 1518 927 quae
1551 886 1679 914 sena-

89 950 227 990 torem
275 948 496 1000 publicum
543 948 755 988 redimere
801 949 970 997 vetant,
1026 960 1105 988 nec
1152 960 1312 988 novum
1359 946 1582 986 inventum
1629 943 1682 993 Q.

91 1018 256 1060 Claudii
289 1021 509 1060 senatores
551 1032 576 1059 a
607 1021 852 1059 mercatura
885 1019 1082 1068 arcentis,
1117 1019 1205 1058 Liv.
1234 1017 1344 1066 XXI,
1379 1014 1465 1068 63),
1500 1015 1680 1063 nullum,

90 1090 280 1142 inquam,
328 1089 413 1130 tale
457 1090 695 1139 consilium,
744 1090 799 1130 ab
842 1089 1170 1130 Atheniensium
1214 1088 1481 1140 aliorumque
1525 1087 1677 1126 senatu

187 1289 230 1322 de
256 1289 324 1322 hac
350 1300 387 1322 re
413 1301 434 1323 a
460 1289 606 1333 reliquis
631 1289 805 1324 institutis
830 1290 993 1324 seiuncta
1019 1286 1217 1333 disputare)
1242 1288 1350 1332 plane
1376 1285 1582 1330 sumpsisse,
1610 1295 1682 1318 non

186 1348 369 1391 probasse,
408 1351 443 1382 et
480 1348 530 1382 ita
568 1349 776 1393 sumpsisse,
815 1351 855 1382 ut
893 1359 914 1381 a
946 1348 1021 1382 veri
1053 1347 1288 1381 similitudine
1320 1346 1477 1380 multum
1512 1344 1683 1383 discedat,

187 1406 339 1441 videtur.
389 1407 480 1441 Nam
506 1418 624 1451 neque
650 1418 797 1441 causam
824 1407 860 1441 in
886 1418 924 1441 re
950 1406 1106 1451 positam
1138 1406 1295 1440 ostendit
1326 1416 1443 1449 neque
1476 1403 1686 1438 testimonia

187 1476 304 1508 neque
330 1465 446 1500 ullum
471 1466 662 1511 vestigium
689 1466 766 1500 eius
791 1466 843 1500 rei
869 1470 995 1510 postea
1021 1469 1180 1500 mutatae.
1219 1465 1305 1499 Mihi
1331 1465 1477 1508 quidem
1505 1466 1540 1497 et
1566 1474 1586 1496 a
1608 1465 1683 1496 toto

187 1524 335 1558 consilio
373 1524 623 1568 descriptionis
661 1524 756 1558 illius
794 1525 959 1559 militaris
997 1525 1191 1559 abhorrere
1235 1525 1303 1558 hoc
1340 1523 1499 1563 videtur,
1546 1521 1685 1555 militiae

186 1582 307 1617 locum
332 1586 368 1617 et
393 1583 535 1617 civilem
561 1584 604 1617 ad
633 1584 822 1617 facultates
842 1583 1067 1627 singulorum
1089 1583 1407 1623 accommodamus,
1435 1585 1471 1616 et
1497 1593 1518 1615 a
1543 1580 1597 1614 rei
1622 1592 1686 1624 pu-

188 1641 289 1675 blicae
307 1642 481 1676 Romanae
499 1642 653 1686 ingenio,
681 1643 717 1676 in
738 1653 810 1686 qua
829 1642 964 1676 ordinis
986 1646 1021 1676 et
1047 1643 1229 1686 dignitatis
1256 1643 1333 1677 iure
1359 1641 1560 1676 eoniunctae
1586 1640 1685 1674 here-

190 1700 318 1734 ditaria
349 1701 559 1745 propagatio
597 1702 698 1735 nulla
728 1712 891 1745 unquam
924 1701 1001 1735 fuit.
1052 1702 1290 1735 Patriciorum
1323 1701 1419 1735 enim
1452 1711 1565 1744 genus
1597 1703 1686 1738 erat,

190 1762 229 1793 ut
254 1759 490 1803 plebeiorum,
517 1771 590 1793 non
616 1760 719 1798 ordo3
747 1761 916 1794 nobilitas
941 1760 1120 1794 inferioris
1147 1761 1261 1794 aetatis
1288 1761 1365 1795 iure
1391 1760 1485 1794 civili
1513 1771 1534 1793 a
1555 1759 1684 1793 ceteris

189 1829 262 1852 non
289 1818 453 1852 discreta.
504 1819 596 1853 Illud
622 1830 765 1863 quoque
792 1820 1053 1860 animadverto,
1087 1831 1159 1853 non
1186 1819 1346 1863 intelligi,
1379 1820 1441 1863 qui
1466 1818 1624 1863 potuerit
1648 1818 1685 1851 in

190 1877 252 1910 tali
278 1888 316 1911 re
341 1877 497 1921 publica,
530 1878 675 1921 qualem
707 1879 775 1912 sub
801 1879 944 1922 regibus
971 1879 1081 1913 fuisse
1107 1879 1182 1923 ipse
1209 1878 1263 1912 vir
1289 1878 1545 1912 celeberrimus
1571 1880 1686 1921 putat,

191 1946 264 1969 non
291 1936 443 1970 describi
468 1937 635 1981 populus,
662 1938 724 1971 sed
751 1949 832 1982 pars
859 1938 980 1982 aliqua
1005 1938 1105 1981 seligi
1131 1941 1167 1971 et
1192 1938 1237 1972 ad
1263 1941 1477 1982 perpetuam
1503 1936 1688 1981 dignitatis

191 1995 456 2038 possessionem
483 1995 613 2030 vocari.
664 1996 743 2040 Ipse
782 2008 867 2030 sane
906 1997 949 2030 de
987 1997 1221 2041 patriciorum
1255 1997 1391 2040 origine
1422 1996 1564 2030 fabulas
1597 1995 1687 2029 eius-

192 2054 289 2087 modi
321 2054 461 2098 pridem
493 2054 641 2098 expulit.
692 2054 797 2097 Quod
830 2058 953 2089 autem
985 2055 1123 2099 Polybii
1162 2056 1240 2089 loco
1278 2056 1392 2090 utitur
1422 2056 1480 2096 VI,
1519 2054 1575 2096 20,
1614 2065 1687 2088 non

191 2116 309 2156 potest
342 2113 383 2146 iis
414 2114 533 2147 verbis
566 2112 790 2154 (πλουτίνδην
826 2111 942 2146 αὐτῶν
978 2116 1215 2158 γεγενημένης
1251 2111 1318 2146 ὑπὸ
1357 2117 1415 2146 τοῦ
1453 2115 1596 2158 τιμητοῦ
1632 2115 1690 2153 τῆς

192 2170 352 2214 ἐκλογῆς)
389 2173 591 2217 significari,
629 2176 801 2216 instituto,
842 2179 879 2207 ut
916 2175 1106 2216 descriptio
1143 2186 1165 2207 a
1197 2185 1337 2208 censore
1370 2185 1476 2207 censu
1511 2175 1587 2216 fiat,
1625 2173 1687 2206 sed

193 2234 347 2271 tantum,
372 2232 472 2274 faeta
498 2245 520 2266 α
545 2243 685 2267 censore
711 2234 954 2275 descriptione.
1005 2232 1210 2266 Perfectum
1228 2232 1380 2277 scriptor
1397 2232 1529 2276 posuit,
1556 2224 1596 2265 ut
1615 2242 1689 2265 non

193 2289 384 2333 repetitam
410 2294 446 2324 et
479 2291 523 2325 ad
557 2291 715 2335 singulos
747 2291 906 2324 delectus
939 2292 1251 2325 accommodatam
1282 2291 1560 2336 descriptionem
1592 2290 1689 2335 equi-

194 2353 274 2382 tum
300 2349 527 2393 significaret,
566 2350 629 2383 sed
660 2352 877 2394 perpetuum
910 2349 1013 2393 quasi
1045 2346 1252 2393 κατάλογον,
1290 2361 1333 2383 ex
1360 2361 1431 2394 quo
1458 2351 1503 2384 ad
1529 2350 1688 2394 singulas

195 2407 440 2451 expeditiones
466 2408 605 2452 equites
632 2409 873 2452 deligerentur
899 2407 1097 2451 (γεγένηται
1115 2407 1154 2440 δὲ
1170 2405 1236 2448 ἤδη
1255 2407 1464 2448 πλουτίνδην
1489 2405 1510 2448 ἦ
1536 2405 1689 2451 ἐκλογή).

194 2467 266 2501 Nec
303 2467 492 2510 Polybius,
531 2467 560 2501 si
599 2467 778 2501 diversam
817 2467 995 2511 deligendi
1034 2478 1202 2501 normam
1239 2467 1490 2512 significasset,
1530 2467 1688 2512 priorem

195 2526 390 2567 omisisset,
423 2537 536 2570 quum
568 2527 761 2571 superioris
794 2526 909 2560 aetatis
942 2526 1125 2560 diversum
1158 2526 1318 2560 delectus
1344 2526 1508 2561 ordinem
1535 2529 1688 2560 notaret.

195 2585 340 2626 Eorum,
379 2586 440 2629 qui
474 2597 623 2620 censum
654 2586 841 2626 haberent,
880 2585 916 2619 in
948 2596 1041 2629 equo
1073 2585 1266 2619 tribuendo
1298 2585 1481 2629 dignitatis
1507 2586 1687 2619 delectum

196 2644 373 2685 habitum,
399 2645 507 2688 plane
533 2644 729 2685 consentio,
756 2647 1068 2688 propagatumque
1095 2646 1139 2679 ad
1164 2645 1280 2680 filium
1308 2656 1350 2679 ex
1377 2656 1430 2686 eo,
1464 2645 1561 2688 quod
1586 2647 1691 2688 pater

194 2714 287 2746 equo
313 2703 457 2747 publico
490 2704 691 2744 meruisset,
730 2702 930 2746 splendoris
962 2703 1108 2747 aliquid,
1148 2707 1288 2737 certum
1322 2707 1385 2737 est.
1436 2703 1488 2737 De
1521 2703 1691 2736 universo

196 2761 431 2805 patriciorum
462 2774 615 2797 numero
649 2762 807 2806 equestri
839 2761 954 2795 ordini
987 2765 1227 2803 annumerato
1265 2765 1300 2796 et
1338 2762 1374 2795 in
1412 2773 1474 2796 sex
1513 2761 1691 2805 suffragiis

198 2821 458 2864 comprehenso
484 2821 615 2855 similia
642 2821 710 2854 dici
735 2824 897 2864 possunt.
947 2821 1038 2854 Nam
1071 2824 1106 2854 et
1140 2820 1248 2854 nimis
1280 2832 1433 2865 magnus
1460 2820 1625 2864 equiturn
1651 2821 1692 2853 tit

199 2890 372 2913 numerus
404 2878 546 2923 (loquor
577 2880 621 2914 de
652 2879 810 2923 patriciis
844 2879 1006 2913 Serviani
1038 2878 1227 2923 temporis)
1267 2882 1302 2913 et
1339 2879 1446 2913 nimis
1479 2879 1607 2923 exigua
1638 2879 1692 2912 vis

199 2938 432 2981 patriciorum
458 2939 494 2972 in
521 2940 701 2973 comitiatu
730 2940 884 2972 mamimo
910 2938 1034 2982 populi
1058 2938 1226 2972 Romani.
