1915 3235
123 307 166 331 12!

131 2360 182 2384 122

960 94 1015 135 98

195 226 371 275 veratio,
413 227 536 278 urget
567 223 901 276 interrogatione
934 223 1096 272 Cicero,
1136 235 1223 263 non
1256 223 1429 276 expedit
1462 236 1507 264 se
1541 226 1787 272 accusator-3

193 297 236 336 in
268 295 404 336 altero
437 294 589 347 quaerit
622 294 784 343 Cicero,
818 293 1054 346 respondet
1087 295 1260 334 coactus
1293 295 1532 344 accusator,
1575 294 1789 335 concludit

193 366 341 408 Cicero
389 365 492 418 (non
530 365 717 406 voluisse
757 363 1036 406 exheredare.
1085 364 1303 416 quoniam,
1352 364 1470 405 nullo
1517 364 1787 417 prohibente,

192 450 279 478 non
312 434 498 488 fecerit);
537 437 690 477 tertius
723 435 863 488 primo
896 436 962 475 est
993 434 1164 484 similis3
1208 435 1285 476 sed
1316 435 1546 488 perturbat
1576 436 1788 477 rationem

194 510 237 548 et
268 520 346 560 pro
377 506 515 548 tribus
549 508 754 559 quattuor
785 504 986 546 membra
1018 505 1121 546 facit
1158 506 1391 559 repetitum
1434 505 1539 547 illud
1570 505 1789 561 coyitabat.

192 578 336 630 Atque
368 577 450 618 hoc
482 576 640 618 omittit
679 576 814 617 codex
847 575 883 616 T
918 575 1174 617 Oxoniensis
1217 578 1260 617 et
1299 575 1428 618 editio
1464 576 1591 618 1472.
1653 577 1790 618 Mem-

192 648 369 689 brorum
403 648 608 688 orationis
642 646 871 688 artificiose
900 647 1237 699 compositorum
1265 648 1604 700 perturbatione,
1638 650 1686 689 ut
1709 648 1790 694 hic,

193 718 254 759 sic
286 718 398 758 infra
437 718 654 770 glossema
697 718 891 770 arguitur
924 717 993 767 50,
1046 718 1142 767 145,
1191 719 1265 759 ubi
1309 718 1470 768 Cicero,
1519 720 1567 760 ut
1610 719 1792 760 crudeli-

193 791 328 830 tatem
362 789 640 842 Chrysogoni,
675 790 859 829 mortem
892 788 1037 830 Roscii
1079 790 1325 842 quaerentis,
1366 789 1568 839 declaret,
1615 802 1793 831 enume-

193 861 298 901 ratis
331 860 485 909 causis,
535 873 631 912 quae
675 859 933 900 sceleratum
976 860 1197 901 hominem
1243 860 1299 901 ad
1337 859 1381 901 id
1413 860 1634 913 impellere
1666 874 1794 914 posse

194 931 435 981 videantur,
484 944 617 972 unam
658 944 752 972 esse
793 930 994 979 ostendit,
1044 931 1160 985 quod
1199 931 1284 971 vivi
1322 931 1438 973 bona
1472 944 1571 972 cum
1603 932 1794 985 periculo

194 1015 240 1043 se
272 1005 419 1044 tenere
452 1004 593 1055 putet:
635 1000 682 1042 Si
713 1002 938 1055 spoliorum
974 1015 1104 1043 causa
1135 1003 1197 1043 vis
1229 1001 1434 1043 hominem
1467 1002 1665 1056 occidere,
1705 1016 1794 1057 spo-

195 1074 323 1114 liasti.
389 1073 501 1124 Quid
539 1074 695 1128 quaeris
728 1073 940 1127 amplias?
985 1072 1033 1113 Si
1074 1074 1409 1126 inimicitiarum,
1457 1087 1548 1129 quoe
1587 1078 1684 1114 sunt
1721 1073 1796 1114 tibi

197 1145 428 1185 inimicitiae
467 1158 558 1184 cum
599 1158 662 1193 ee,
711 1145 830 1185 cuius
861 1149 956 1185 ante
996 1144 1169 1198 praedia
1199 1144 1438 1198 possedisti,
1486 1158 1612 1199 quam
1660 1145 1793 1199 ipsum

195 1216 406 1270 coquosti?
444 1215 520 1256 Sin
553 1216 713 1268 metuis,
759 1215 810 1255 ab
844 1229 939 1255 eone
972 1215 1136 1270 aliquid
1168 1216 1328 1268 metuis,
1363 1229 1481 1270 quem
1513 1216 1628 1257 vides
1662 1217 1794 1270 ipsum

197 1287 248 1328 ab
280 1301 364 1328 sese
396 1292 483 1327 tam
516 1291 695 1327 atrocem
728 1287 935 1327 ini-uriam
960 1287 1216 1340 propulsare
1254 1300 1337 1327 non
1367 1287 1520 1341 posse?
1557 1289 1637 1328 cet.
1701 1287 1797 1328 Sin-

195 1358 317 1412 gulas
351 1371 518 1407 causas,
566 1370 645 1410 per
683 1357 868 1398 eandem
901 1357 1088 1399 formam
1121 1358 1326 1399 orationis
1359 1358 1617 1411 propositas,
1666 1359 1798 1400 inter-

197 1429 389 1482 rogando
421 1432 635 1478 removet;
669 1429 713 1470 in
744 1429 885 1482 primo
918 1431 1087 1470 tantum
1122 1428 1320 1470 membro
1352 1429 1799 1482 pro'interrogatione

198 1500 431 1541 affirmatio
479 1503 558 1549 est,
607 1500 811 1554 spoliasti.
885 1499 972 1541 Sed
1018 1500 1117 1540 huic
1165 1500 1472 1553 superadditur
1519 1500 1798 1553 interrogatio

197 1571 326 1624 plane
349 1584 695 1624 supervacanea:
734 1570 844 1622 Quid
876 1571 1032 1625 quaeris
1057 1571 1268 1625 amplius?
1304 1571 1443 1621 Patet,
1477 1571 1559 1612 hac
1591 1571 1799 1612 contineri

198 1642 349 1694 primae
383 1655 525 1683 causae
559 1642 857 1691 remotionem,
909 1641 1014 1682 illud
1045 1642 1235 1695 spoliasti
1273 1642 1467 1683 additum
1511 1654 1616 1692 esse,
1666 1654 1800 1695 esuum

198 1726 353 1766 parum
387 1713 698 1766 intelligeretur
730 1713 901 1754 illorum
935 1712 1167 1754 verborum
1202 1714 1278 1763 vis,
1314 1726 1409 1766 quae
1443 1713 1536 1754 haec
1569 1714 1654 1754 est:
1688 1712 1801 1762 Quid

199 1784 434 1836 spoliorum
481 1787 648 1825 restare
695 1786 823 1837 putas
872 1786 1030 1836 praeter
1078 1797 1149 1833 ea,
1200 1797 1296 1836 quae
1343 1785 1429 1825 iam
1478 1785 1644 1825 habes?
1710 1784 1799 1825 Iam

200 1856 391 1909 spoliasti
424 1858 628 1908 quattuor
661 1855 838 1896 codices.
860 1854 1128 1896 Oxonienses
1163 1857 1235 1907 (et,
1270 1858 1317 1896 ut
1350 1856 1514 1908 opinor,
1555 1855 1626 1895 alii
1658 1853 1799 1906 multi)

200 1927 419 1975 omittunt,
453 1929 501 1967 ut
533 1926 730 1968 confecta
762 1939 830 1967 res
863 1925 930 1966 sit.
980 1925 1066 1967 Sed
1097 1926 1140 1966 in
1174 1926 1326 1967 eodem
1358 1926 1451 1967 loco
1485 1926 1638 1967 eadem
1662 1939 1800 1966 mem-

202 1997 381 2038 brorum
414 1997 524 2039 ratio
557 1997 830 2046 ostendebat,
865 2000 912 2038 ut
943 1998 980 2037 si
1011 1998 1235 2051 spoliorum
1278 2011 1420 2047 eausa,
1461 1996 1617 2040 deinde
1654 1997 1692 2037 si
1721 1997 1802 2036 ini-

202 2069 456 2108 micitiarum
492 2069 700 2121 scriptum
736 2071 863 2116 esset,
905 2069 964 2110 sic
1003 2082 1081 2121 pro
1121 2070 1188 2109 sin
1218 2069 1366 2109 metu-is
1398 2068 1675 2109 scribendum
1708 2081 1802 2109 esse

203 2140 268 2179 sin
315 2144 443 2180 metus
486 2139 688 2192 (fortasse
728 2141 765 2180 si
808 2138 967 2191 metus).
1030 2140 1235 2181 Mendum
1284 2142 1423 2181 ortum
1475 2152 1526 2180 ex
1575 2152 1637 2187 eo,
1687 2139 1802 2192 quod

202 2210 383 2251 verbum
417 2212 460 2252 in
494 2211 645 2252 eodem
680 2224 807 2252 versu
840 2212 1047 2263 sequitur.

321 2281 367 2323 C.
402 2282 470 2332 27,
507 2282 575 2322 73.
626 2281 681 2323 Et
711 2283 770 2323 sic
801 2287 932 2323 tecum
966 2297 1105 2337 aqam,
1139 2287 1183 2322 at
1214 2295 1301 2322 meo
1333 2281 1417 2321 loco
1440 2282 1503 2322 rel
1525 2280 1805 2335 respondendi

203 2353 265 2392 vel
299 2353 597 2406 interpellandi
628 2353 703 2394 tibi
726 2358 968 2408 potestateve
1002 2354 1165 2406 faciam
1198 2353 1259 2393 vel
1301 2353 1439 2404 etiam,
1482 2353 1519 2392 si
1550 2351 1652 2407 qaid
1683 2352 1803 2402 voles,

204 2423 510 2477 imm-roqamli.
582 2424 799 2478 Scriptum
844 2428 936 2466 erat
980 2426 1023 2465 in
1065 2438 1120 2473 ee,
1170 2424 1286 2477 quod
1332 2422 1508 2476 intelligi
1556 2425 1671 2463 recte
1718 2435 1805 2463 non

204 2496 360 2546 potest.
439 2494 497 2535 Ut
536 2498 650 2536 esset
689 2497 825 2545 enim,
877 2496 1094 2548 quomodo
1134 2495 1310 2549 quidam
1350 2496 1711 2547 interpretantur,
1759 2494 1802 2533 ‘ior

207 2578 249 2605 eo
282 2565 380 2617 loco,
413 2565 484 2605 ubi
515 2566 642 2619 sedes,
676 2571 721 2606 ut
753 2581 802 2607 ne
826 2566 1155 2621 consumendam
1183 2565 1346 2620 quidem
1376 2565 1453 2605 tibi
1475 2566 1540 2615 sit,
1576 2565 1805 2606 dicendum

205 2638 322 2677 erat:
357 2650 406 2676 ex
439 2638 514 2677 isto
547 2637 651 2685 loco3
695 2651 738 2677 eo
771 2638 829 2678 ita
865 2638 946 2678 dici
978 2639 1141 2690 nequit.
1204 2637 1293 2677 Nec
1324 2649 1530 2689 magnum
1566 2637 1804 2677 incommo-

206 2707 309 2748 dum
343 2710 437 2748 erat
469 2707 754 2759 consurgendi
795 2710 836 2748 et
875 2708 1137 2760 procedendi
1180 2710 1255 2749 aut
1296 2720 1502 2760 magnum
1546 2707 1803 2747 beneficium

207 2791 304 2819 eam
336 2791 428 2818 rem
461 2779 733 2819 remittentis.
797 2779 931 2819 Multo
964 2782 1110 2819 autem
1142 2780 1285 2820 minus
1319 2781 1403 2819 est:
1439 2780 1484 2819 in
1516 2792 1564 2818 ea
1595 2792 1653 2830 re,
1688 2779 1732 2818 in
1757 2791 1803 2818 ea

206 2850 448 2904 qusestione3
481 2862 560 2890 nec
593 2850 652 2889 sic
685 2849 840 2890 dicitur
872 2850 983 2889 locus
1015 2852 1057 2890 et
1086 2851 1130 2890 in
1152 2850 1236 2891 loco
1259 2849 1311 2890 de
1334 2852 1458 2902 parte
1481 2862 1638 2898 causae,
1673 2861 1804 2901 quam

208 2933 340 2973 quum
374 2920 563 2961 maxime
596 2922 742 2961 orator
774 2922 943 2969 tractet,
978 2921 1043 2961 vel
1077 2922 1219 2973 potius
1253 2920 1305 2961 de
1337 2933 1422 2960 una
1456 2920 1803 2972 interrogatione,
