1915 3235
815 119 897 159 517

66 249 120 290 de
152 262 237 302 qua
269 248 416 290 Cicero
448 248 646 301 loquitur,
680 248 723 288 in
756 261 806 289 eo
838 249 977 301 posita
1010 250 1115 296 erat,
1157 248 1272 300 quod
1305 250 1425 289 extra
1458 261 1650 289 commu-

65 333 161 360 nem
212 319 428 360 civitatem
477 331 659 370 eamque
707 319 877 367 urbem,
935 332 1031 371 quae
1078 319 1168 359 eius
1217 321 1346 372 caput
1393 322 1485 360 erat
1532 318 1650 369 (nam

67 390 282 430 civitatem
313 389 513 438 Romani,
555 389 733 441 antiqua
763 390 937 430 notione
968 391 1151 437 retenta,
1191 402 1237 430 re
1269 392 1450 439 mutata,
1493 389 1548 431 ad
1579 403 1651 430 ur-

65 461 177 509 bem,
225 473 312 501 non
353 462 523 501 tantum
556 460 611 500 ad
643 473 734 511 rem
767 459 984 512 publicam
1016 460 1263 501 Romanam
1297 461 1552 513 cogitatione
1584 474 1651 502 re-

65 528 298 582 ferebant),
361 530 443 571 alia
499 533 621 571 erant
675 530 833 583 oppida
888 532 930 571 et
987 533 1121 571 coetus
1179 544 1345 580 eorum,
1413 531 1485 584 qui
1540 531 1652 572 illius

65 601 303 642 communis
350 600 531 641 civitatis
579 603 621 642 et
667 601 785 642 urbis
835 604 877 642 et
922 601 983 641 rei
1022 601 1205 654 publicae
1245 602 1475 655 participes
1516 605 1651 643 erant.

63 671 203 712 Huius
235 671 418 712 similem
451 671 551 712 dicit
583 671 728 719 fuisse,
761 685 848 712 non
881 684 980 712 eum
1002 674 1177 721 statum,
1212 673 1283 725 qui
1312 675 1410 725 post
1432 673 1652 714 Theseum

64 744 107 783 et
137 742 406 783 Athenarum
439 744 669 791 συνοικιᾳιιόν
703 742 830 783 fuerit
862 742 981 795 (nam
1021 755 1153 794 quum
1187 756 1239 783 ex
1271 743 1383 795 agris
1417 743 1652 796 demigras-

63 815 159 853 sent
206 815 247 853 et
293 813 336 854 in
384 816 480 853 astu
527 826 572 853 se
621 813 919 862 contulissent,
968 813 1070 853 nulli
1119 816 1243 854 erant
1291 816 1409 855 extra
1457 814 1652 855 Athenas

64 886 212 932 coetus,
247 883 318 936 qui
350 883 679 936 municipiorum
712 884 870 924 similes
911 882 1071 935 essent)
1086 880 1132 936 ¹).
1178 884 1255 925 sed
1288 897 1399 933 eum,
1449 885 1521 937 qui
1554 888 1653 926 ante

64 954 281 995 Theseum
314 954 476 1004 fuisset,
526 967 658 1006 quum
697 967 846 995 omnes
887 953 1059 1006 quidem
1099 954 1253 995 Atticae
1286 955 1434 996 incolae
1466 956 1539 996 uni
1572 955 1652 996 im-

62 1025 180 1077 perio
227 1027 430 1078 parerent
476 1038 695 1078 unamque
748 1037 839 1065 rem
889 1024 1106 1077 publicam
1154 1025 1365 1066 haberent
1414 1025 1491 1078 (sic
1540 1026 1653 1067 enim

63 1095 211 1136 Cicero
258 1109 348 1136 rem
397 1096 540 1137 animo
588 1095 859 1148 proponebat
912 1108 1094 1148 eamque
1150 1096 1359 1137 rationem
1414 1100 1654 1148 sequuntur

62 1166 330 1207 narrationes
364 1167 417 1207 de
439 1167 569 1220 AEgeo
604 1170 645 1208 et
676 1168 769 1219 ipso
796 1164 997 1219 Theseo),
1033 1169 1162 1219 caput
1196 1166 1325 1207 etiam
1359 1167 1578 1220 quoddam
1612 1170 1653 1208 et

63 1236 210 1277 sedem
243 1237 410 1290 imperii
442 1238 650 1287 Athenas,
691 1238 768 1278 sed
799 1240 947 1278 tamen
979 1251 1058 1279 sua
1091 1237 1247 1290 quique
1281 1237 1453 1290 oppida,
1488 1238 1652 1279 duode-

64 1307 144 1347 cim
177 1307 248 1348 illa
281 1307 499 1361 Cecropia,
539 1322 639 1350 suos
679 1311 828 1357 coetus,
869 1322 970 1350 suas
1005 1308 1217 1361 quasdam
1249 1308 1438 1349 minores
1470 1321 1539 1350 res
1571 1322 1651 1361 pu-

62 1377 196 1419 blicas
241 1381 439 1420 ’tenerent
485 1378 693 1432 (πρυτανεῖα
719 1385 779 1416 καὶ
803 1382 1032 1428 βουλευτήρια
1059 1384 1117 1416 καὶ
1144 1380 1277 1427 ἀρχάς,
1337 1391 1433 1430 quae
1481 1379 1652 1420 sublata

63 1448 164 1489 dicit
194 1449 451 1492 Plutarchus
485 1451 615 1492 Thes.
650 1450 736 1503 24).
800 1451 860 1491 Eo
892 1450 1019 1503 igitur
1058 1453 1253 1502 tempore
1293 1449 1422 1489 iidem
1455 1449 1651 1491 homines

63 1521 105 1560 et
138 1522 422 1562 communiter
452 1522 583 1563 Attici
616 1525 737 1563 erant
771 1520 875 1574 (non
907 1521 1215 1562 Athenienses:
1264 1533 1366 1560 nam
1407 1520 1487 1561 hoc
1528 1520 1651 1561 dissi-

62 1590 175 1639 mile,
216 1592 330 1644 quod
368 1592 551 1633 Athenae
591 1606 677 1634 non
711 1606 860 1634 omnes
893 1605 969 1633 sua
1004 1591 1175 1632 civitate
1209 1589 1651 1643 comprehendebant)

64 1664 106 1701 et
137 1663 371 1714 separatim
405 1677 528 1705 suam
562 1663 719 1717 quique
752 1664 965 1705 minorem
999 1662 1186 1715 patriam
1218 1661 1455 1710 habebant,
1500 1675 1651 1714 quem-

63 1731 297 1774 admodum
331 1734 478 1775 Cicero
521 1737 562 1775 et
594 1734 818 1775 Romanus
863 1736 954 1775 erat
999 1736 1041 1774 et
1083 1733 1283 1785 Arpinas.
1347 1732 1439 1773 Hoc
1474 1746 1497 1772 a
1532 1732 1651 1773 Cice-

62 1816 166 1844 rone
213 1804 374 1845 dictum
423 1818 515 1846 esse
562 1807 763 1857 apparet;
819 1807 859 1845 et
907 1804 1047 1845 forma
1094 1804 1267 1856 quidem
1315 1803 1518 1844 orationis
1566 1816 1652 1843 non

62 1873 245 1915 obscura
279 1876 343 1915 est
374 1875 417 1915 in
448 1875 514 1916 his
546 1875 673 1915 ‘iidem
707 1880 742 1916 et
773 1875 921 1923 Attica}
955 1876 1098 1927 priora
1130 1875 1276 1915 insunt
1306 1873 1350 1914 in
1372 1873 1521 1915 litteris
1544 1888 1652 1928 sym-

54 1944 342 1998 phrantidem,
390 1946 470 1986 nisi
512 1946 626 1998 quod
665 1946 792 1986 iidem
831 1946 916 1987 iam
951 1946 1049 1986 inde
1083 1945 1338 1986 dissolutum
1371 1946 1448 1985 est.
1512 1944 1651 1985 Facile

62 2017 210 2056 tamen
257 2017 482 2069 expeditur
529 2018 708 2058 verbum
758 2030 932 2070 prorsus
980 2016 1294 2065 necessarium,
1345 2016 1464 2056 cuius
1512 2015 1652 2068 prima

61 2088 231 2127 tantum
263 2087 404 2128 littera
437 2088 571 2137 deest,
612 2092 752 2137 ercmt;
792 2088 836 2128 in
868 2087 1012 2129 codice
1046 2087 1219 2139 quidem
1252 2086 1492 2127 Hauniensi
1523 2086 1651 2138 plane

61 2157 347 2210 perscriptum
381 2161 458 2207 est,
493 2159 609 2210 quod
641 2159 767 2211 quale
800 2158 866 2205 sit,
911 2158 1129 2211 intelliget,
1179 2157 1251 2210 qui
1284 2157 1650 2206 animadverterit,

61 2226 104 2268 in
136 2228 229 2268 aliis
262 2228 384 2269 codd.
425 2229 550 2270 scribi
590 2229 929 2283 symfrantidem,
979 2229 1120 2269 littera
1160 2229 1210 2277 F;
1260 2241 1310 2269 ea
1358 2241 1489 2280 quum
1539 2230 1652 2269 esset

62 2301 156 2339 orta
196 2311 246 2338 ex
286 2299 331 2349 E,
379 2301 498 2352 prius
545 2299 649 2340 illud
696 2313 797 2353 sym,
847 2299 961 2352 quod
1010 2299 1156 2340 Graece
1205 2312 1359 2340 sonare
1406 2299 1649 2349 videbatur,

63 2367 257 2410 Graecam
304 2370 492 2411 litteram
541 2374 583 2411 et
629 2372 870 2411 monstrum
918 2369 1115 2411 vocabuli
1162 2371 1321 2422 genuit.
1398 2370 1552 2411 Restat
1600 2383 1651 2412 ea

62 2439 306 2492 appellatio,
356 2455 451 2493 quae
494 2442 709 2483 contraria
752 2454 845 2482 esse
889 2440 1018 2481 debet
1051 2441 1267 2481 communi
1298 2441 1540 2482 Atticorum
1574 2454 1651 2482 no-

61 2509 177 2559 mini,
221 2524 299 2563 pro
332 2525 417 2564 qua
450 2513 616 2553 codices
649 2512 810 2553 habent
844 2525 946 2565 sym,
980 2512 1058 2554 sin.
1108 2511 1204 2555 alia,
1254 2511 1514 2552 Hauniensis
1547 2513 1653 2552 sinis

63 2578 128 2632 (ut
158 2581 358 2635 videtur).
421 2583 483 2624 Ac
517 2582 708 2624 Turnebi
743 2582 915 2634 quidem
951 2582 1207 2631 coniectura,
1250 2582 1321 2634 qui
1355 2581 1478 2622 Sunii
1517 2582 1651 2634 scrip-

99 2765 127 2810 ¹)
155 2769 276 2804 Cicero
303 2770 449 2814 quidem
475 2771 584 2805 etiam
610 2771 718 2814 paulo
744 2770 824 2814 plus
850 2769 935 2803 dicit
961 2780 1070 2813 quam
1102 2769 1234 2803 veritas
1265 2769 1345 2811 fert,
1378 2773 1554 2814 tanquam
1587 2770 1651 2802 ho-

155 2828 296 2863 minum
322 2829 439 2863 omnis
466 2830 660 2864 multitudo
687 2832 813 2873 postea
837 2829 875 2862 in
900 2828 990 2862 urbe
1021 2831 1196 2872 perpetuo
1229 2828 1373 2865 vixerit;
1414 2828 1520 2862 nimis
1553 2828 1649 2861 enim

154 2887 284 2930 pressit
315 2888 500 2922 notionem
533 2890 594 2919 τοῦ
619 2888 851 2931 συνοικισμοῦ
885 2890 920 2921 et
958 2887 1173 2921 narrationis
1212 2887 1256 2920 de
1292 2887 1431 2921 Theseo
1464 2887 1651 2931 vulgarem

157 2946 311 2980 colorem
338 2947 503 2981 reddidit.

1675 966 1725 991 147
