1915 3235
815 163 899 204 643

67 305 117 333 ac
147 305 234 333 non
266 290 458 332 omnium
490 291 719 341 bonorum,
755 305 938 345 quorum
970 304 1152 333 numero
1184 292 1346 333 iudices
1372 292 1656 345 comprehen-

67 363 237 412 dantur,
270 362 360 402 vita
392 374 442 402 ac
474 362 594 403 salus
626 362 901 415 intelligatur.
915 359 948 415 1)
1012 362 1216 404 Similiter
1248 361 1407 404 veritas
1440 363 1522 404 hoc
1546 365 1657 405 teste

67 433 256 475 stabilita
305 430 436 485 (Quid
476 433 609 486 iqitur
651 433 770 474 erat?
825 433 951 474 diora
995 438 1031 474 et
1076 431 1380 487 terqiversatio)
1425 446 1449 474 a
1492 434 1657 475 Klotzio

67 506 214 557 spreta
246 504 312 544 est
343 501 365 554 ἕ
399 502 467 552 54,
510 503 553 543 111
586 501 608 554 ἓ
640 503 696 543 49
730 506 876 545 autem
909 505 964 545 ab
997 517 1083 545 uno
1115 503 1333 545 intellecta
1365 508 1430 545 est
1462 505 1657 546 Ernestio
1717 489 1722 497 ¹

68 578 111 616 et
140 574 307 615 lineolae
341 573 581 614 adiectione
614 572 802 626 (causam
834 587 912 626 pro
944 572 1091 626 causa)
1125 574 1287 615 adiuta.
1351 573 1483 627 (Quid
1507 575 1658 628 affere-

69 645 138 686 bat
169 657 339 685 causam
369 643 687 697 festinationis?
732 643 896 694 Quaerit
929 644 1042 685 enim
1075 644 1236 694 Cicero,
1271 644 1374 698 quid
1408 645 1549 695 fuerit,
1585 659 1659 687 cur

68 715 363 764 festinaretur;
397 728 465 764 311,
502 715 619 767 quod
651 714 824 756 Clodius
856 714 982 756 heres
1016 714 1175 767 essetP)
1239 715 1438 765 Omnino,
1473 716 1508 757 si
1542 717 1658 758 codi-

67 799 160 827 cem
193 785 491 827 Coloniensem
530 798 580 826 eo
621 785 763 835 modo,
814 799 897 838 quo
939 799 1053 826 1111110
1096 785 1405 835 Erfurtensem,
1456 786 1658 828 collatum

66 857 339 905 haberemus,
373 868 460 896 non
493 855 657 906 dubito,
692 856 795 908 quin
826 856 896 897 ille
917 856 1032 897 hunc
1055 857 1186 897 etiam
1209 860 1493 910 superaturus
1517 857 1657 907 fuerit,

68 928 148 969 etsi
178 940 233 968 ne
264 927 299 967 is
332 926 506 979 quidem
543 926 630 967 suis
672 929 714 967 et
752 927 935 980 propriis
974 927 1141 968 mendis
1183 931 1301 968 caret
1340 927 1405 980 (ut
1437 927 1459 979 ξ
1494 928 1567 969 79:
1617 933 1660 969 m‘.

69 1012 117 1039 ea
163 1011 394 1050 cernamus,
445 1011 537 1052 (μία)
585 1011 662 1037 mm
712 996 928 1050 videmus).
991 998 1133 1050 Atque
1180 1000 1295 1039 hunc
1342 999 1483 1040 locum
1525 999 1660 1040 codex

69 1069 331 1111 Coloniensis
379 1069 510 1109 etiam
556 1069 600 1109 in
643 1069 870 1121 Ligariana
912 1071 1076 1118 tuetur;
1125 1069 1202 1109 sed
1248 1069 1291 1109 in
1338 1069 1420 1110 hac
1468 1071 1661 1111 oratione

67 1141 241 1181 omnino
272 1139 423 1180 melior
457 1139 649 1180 codicum
686 1139 860 1187 familia,
895 1153 917 1180 e
940 1152 1025 1192 qua
1047 1152 1160 1180 1111110
1182 1142 1340 1192 praeter
1363 1140 1660 1182 Erfurtensem

68 1210 292 1263 diligenter
324 1209 465 1251 collati
504 1213 604 1250 sunt
635 1210 855 1251 Leidensis
897 1210 1015 1263 apud
1057 1210 1277 1260 Orellium,
1329 1211 1549 1252 Gudianus
1593 1225 1660 1252 se-

69 1281 232 1322 cundus
272 1282 313 1321 et
346 1280 686 1334 Salisburgensis
730 1280 834 1334 (Ma)
879 1281 995 1334 apud
1037 1281 1287 1323 Soldanum.
1336 1281 1423 1322 iam
1468 1282 1678 1335 nonnihil·

68 1352 293 1392 deflectere
326 1352 474 1404 incipit
507 1365 532 1392 3
562 1353 815 1404 praestantia
847 1365 938 1402 sua,
973 1351 1100 1393 credo
1134 1352 1250 1404 quod
1282 1354 1323 1393 et
1356 1353 1399 1392 in
1427 1365 1476 1393 eo
1503 1353 1659 1395 codice.

68 1436 90 1464 e
130 1436 214 1475 quo
253 1422 383 1463 ducta
425 1426 503 1472 est,
552 1423 621 1463 hic
659 1423 746 1464 iam
786 1422 967 1464 deficere
1007 1423 1170 1463 librarii
1210 1422 1428 1475 diligentia
1471 1427 1659 1476 coeperat

69 1496 112 1535 et
142 1493 344 1547 frequens
366 1493 491 1534 lectio
515 1494 729 1543 effecerat,
763 1496 810 1534 ut
841 1493 1227 1546 interpretamenta
1260 1494 1477 1547 adscripta
1510 1508 1661 1548 super-

68 1564 312 1617 scriptaque
346 1567 502 1614 essent,
538 1565 654 1618 quod
677 1577 810 1617 genus
835 1565 964 1605 etiam
987 1577 1102 1605 1111110
1126 1565 1169 1605 111
1195 1565 1339 1606 codice
1365 1565 1452 1606 Erf.
1478 1566 1662 1618 perspici

68 1637 224 1688 potest.
273 1635 359 1676 Sed
389 1637 537 1676 tamen
569 1635 726 1688 saepius
760 1648 890 1687 quam
921 1635 1051 1676 ceteri
1074 1635 1337 1677 Coloniensis
1372 1637 1662 1689 corruptelam

69 1706 268 1759 effugisse
301 1705 482 1746 videtur.
546 1705 706 1747 Omnes
740 1719 791 1747 03
823 1707 1011 1758 pervasit
1044 1706 1088 1746 in
1120 1705 1142 1757 ἓ
1178 1707 1244 1756 11,
1278 1706 1352 1747 ubi
1386 1707 1502 1759 quod
1533 1721 1660 1750 nunc,

70 1776 248 1829 expulsa
280 1776 475 1828 graviore
507 1776 850 1829 interpolatione,
886 1776 1026 1817 editur
1057 1790 1083 1818 a
1115 1777 1292 1826 Klotzio,
1334 1777 1534 1827 Soldano,
1580 1778 1661 1819 Be-

69 1846 238 1888 neckio:
288 1846 465 1891 Eoeterni
508 1848 576 1888 isti
617 1861 750 1888 mores
791 1861 916 1902 usque
959 1847 1016 1887 ad
1053 1849 1299 1902 sanquinem
1332 1849 1505 1888 incitari
1535 1849 1663 1889 solent

70 1918 176 1971 odio,
225 1923 298 1959 aut
336 1918 485 1958 levium
520 1918 762 1958 Grceeormn
795 1922 867 1958 aut
898 1918 1147 1959 immanium
1180 1918 1471 1968 harbarorum,
1523 1919 1662 1972 dupli-

71 1989 175 2030 citer
207 1988 544 2041 deprehenditur
577 1990 619 2028 et
652 1988 928 2038 convincitur,
976 1988 1166 2041 primum
1208 1989 1252 2030 in
1291 1984 1546 2042 pronomine
1579 1991 1661 2033 isti.

71 2073 155 2112 (suo
203 2061 402 2100 externos
451 2072 592 2100 mores
639 2059 831 2100 nondum
881 2060 1207 2100 commemorati
1250 2060 1539 2101 demonstrari
1578 2074 1664 2102 non

71 2133 264 2183 possunt,
314 2129 469 2171 deinde
517 2129 561 2170 in
608 2130 702 2182 ipsa
749 2129 954 2171 orationis
997 2132 1039 2170 et
1079 2131 1303 2171 sententiae
1345 2130 1498 2180 forma,
1548 2131 1663 2184 quod

73 2214 203 2242 mores
234 2200 400 2242 incitari
434 2200 490 2241 ad
522 2200 776 2253 sanguinem
811 2200 1022 2250 dicuntur,
1066 2201 1306 2253 praesertim
1348 2201 1550 2243 adiuncto
1584 2203 1662 2243 ho-

71 2272 236 2312 minum
268 2272 442 2313 nomine
471 2270 765 2324 (Groeeornm),
799 2271 871 2323 qui
903 2274 1018 2312 recte
1050 2271 1219 2312 incitari
1252 2271 1465 2312 dicuntur.
1514 2272 1663 2325 Itaque

72 2344 187 2383 recte
218 2342 305 2382 iam
336 2342 518 2392 Modius,
552 2342 706 2382 deinde
736 2341 996 2391 Wunderus,
1031 2355 1160 2394 quum
1185 2342 1266 2383 loci
1288 2341 1664 2395 interpolationem

73 2412 490 2462 animadvertissent,
540 2413 817 2453 scribendum
856 2413 1055 2453 viderunt
1096 2414 1137 2453 et
1176 2425 1253 2465 ego
1287 2412 1529 2454 edideram:
1580 2413 1664 2454 Er-

72 2483 181 2523 term‘
210 2484 281 2523 ista·
312 2497 457 2536 mores,
507 2497 631 2538 nsque
671 2483 728 2524 ad
765 2484 1009 2537 sanyz-cinem
1052 2484 1223 2523 incitari
1254 2483 1360 2535 odio,
1411 2489 1483 2525 aut
1515 2485 1661 2525 levium

75 2552 317 2594 Grcecortcm
350 2556 430 2594 cet.
475 2553 666 2606 (Externi
698 2555 767 2594 isti
798 2557 899 2594 sunt
930 2566 1085 2603 mores,
1135 2567 1243 2606 quos
1276 2556 1324 2595 tu
1356 2553 1559 2595 inducere
1593 2567 1663 2596 co-

73 2624 201 2673 naris,
236 2622 333 2676 001.)
395 2625 484 2665 Νο0
515 2624 815 2677 praestringere
849 2625 984 2665 aciem
1018 2625 1061 2665 in
1092 2625 1174 2665 hoc
1207 2624 1298 2665 loco
1332 2625 1527 2666 codicum
1562 2638 1663 2666 auc-

111 2798 140 2840 ¹)
164 2799 287 2834 Potest
311 2800 441 2844 aliquis
467 2799 535 2834 dici
562 2800 720 2843 quodam
745 2800 853 2834 modo
880 2800 1039 2834 iudicum
1072 2800 1171 2841 ordo,
1205 2800 1370 2834 homines
1405 2800 1662 2834 communione

169 2858 328 2892 muneris
354 2858 542 2893 continens
569 2857 620 2901 (in
646 2858 714 2892 Pis.
741 2857 762 2900 ξ
788 2858 864 2900 94);
904 2869 1031 2893 verum
1056 2858 1086 2892 is
1113 2858 1289 2893 eiusmodi
1316 2870 1388 2893 non
1416 2862 1480 2899 est,
1519 2862 1559 2892 ut
1585 2858 1662 2892 eius

169 2916 248 2950 iura
273 2928 294 2951 3
318 2917 449 2951 Milone
476 2917 624 2951 defensa
650 2917 797 2961 cogitari
823 2917 971 2961 possint.

1319 2975 1384 3009 41*

1684 1932 1735 1957 303
