1915 3235
837 126 921 167 239

84 258 270 299 indicem
301 270 389 298 non
421 257 573 306 refero,
615 256 826 305 Caeninas,
866 255 1142 303 Antemnam,
1188 254 1541 303 Crustumeriam,
1586 254 1677 294 Me-

86 329 274 378 dulliam,
325 326 568 369 Cameriam
617 325 786 378 (postea
834 325 1034 374 deletam,
1082 324 1205 365 Dion.
1238 324 1285 373 V,
1334 322 1428 375 49),
1477 323 1676 373 Fidenas,

85 398 325 448 Collatiam,
375 398 427 438 de
476 396 632 449 quibus
674 396 864 449 Dionysii
908 398 950 437 et
992 395 1097 436 Livii
1140 394 1387 436 testimonia
1427 408 1557 447 supra
1597 394 1674 435 ad-

85 469 254 522 scripsi;
287 468 390 509 solae
422 467 596 508 Fidenae
628 469 778 519 postea
811 466 1128 519 superfuerunt,
1170 478 1266 517 quae
1299 478 1338 505 a.
1371 465 1455 506 438
1491 465 1547 506 ad
1578 465 1677 505 Vei-

85 543 204 582 entes
237 539 448 580 defecisse
479 540 712 578 narrantur
745 536 851 589 (Liv.
884 537 950 586 IV,
988 534 1071 588 17),
1116 549 1154 576 a.
1195 538 1342 576 autem
1373 535 1460 576 435
1491 537 1678 588 receptae

85 610 189 664 (ibd.
224 608 296 662 22)
330 612 373 650 et
407 622 445 649 a.
478 608 564 649 428
596 608 718 648 novis
753 608 911 649 colonis
943 607 1126 647 firmatae
1151 619 1244 647 esse
1271 605 1375 659 (ibd.
1402 604 1495 657 30);
1529 619 1567 646 a.
1592 606 1678 647 426

84 681 342 723 rebellantes
388 681 526 731 captae
570 680 611 719 et
654 691 777 730 paene
821 678 972 719 deletae
1017 679 1116 717 sunt
1159 690 1237 718 nec
1279 677 1392 717 ultra
1434 689 1593 718 nomen
1634 677 1679 717 in

83 752 261 793 historia
300 750 472 791 habent
512 748 617 802 (ibd.
651 748 719 797 31,
754 745 887 800 34).1)
949 748 1161 800 Deinceps
1200 747 1377 800 reliquae
1416 747 1497 789 hoc
1529 747 1679 788 ordine

85 822 327 864 constitutae
363 823 463 861 sunt
496 822 571 861 aut
602 820 790 872 primum
825 821 1239 860 commemorantur:

227 895 264 933 1.
333 891 477 932 Ostia
515 890 558 931 in
600 890 722 931 Latio
771 889 826 930 ab
874 890 995 931 Anco
1043 890 1209 934 Martio,
1259 888 1476 930 maritima
1524 888 1681 929 civium

328 962 430 1015 (vid.
465 974 596 1014 supra
628 974 670 1013 p.
704 960 787 1001 226
823 962 863 1000 et
897 959 1014 1008 264).

150 1034 188 1074 2.
223 1033 262 1074 3.
327 1032 514 1087 Sigsnia
547 1034 589 1072 et
624 1031 815 1072 Circeia·
854 1031 896 1071 in
934 1031 1056 1071 Latio
1096 1030 1271 1071 Volscos
1313 1042 1462 1070 versus
1505 1042 1528 1069 a
1571 1028 1680 1069 Tar-

327 1103 471 1156 quinio
494 1102 653 1152 Prisco,
687 1104 839 1154 postea
871 1102 1082 1142 restitutae
1118 1100 1175 1154 (p.
1211 1101 1294 1141 5258
1329 1100 1422 1141 coll.
1455 1099 1578 1141 Dion.
1612 1099 1679 1148 VI,

326 1174 382 1214 43
415 1171 537 1225 initi),
571 1173 748 1221 Latinae,
784 1172 928 1224 Signia
960 1172 1070 1213 inter
1103 1172 1354 1220 octodecim,
1389 1169 1539 1212 Circeii
1571 1170 1682 1210 inter

328 1244 554 1285 duodecim
609 1243 651 1284 in
705 1243 818 1283 bello
872 1242 1033 1284 Punico
1089 1242 1278 1283 secundo
1327 1241 1386 1294 (p.
1421 1241 1503 1281 207
1554 1238 1680 1293 sqq).

329 1314 561 1367 [Diodorus
588 1314 669 1354 Sic.
694 1314 801 1363 XIV,
839 1313 921 1354 102
947 1315 1054 1354 extr.
1089 1313 1392 1354 deductionem
1419 1312 1682 1353 Circeiorum

328 1399 424 1426 cum
460 1385 624 1426 Satrico
658 1383 911 1437 coniungit]

148 1458 188 1499 4.
223 1458 262 1498 5.
327 1456 478 1509 (Cora
512 1458 552 1496 et
586 1456 830 1503 Pometia,
865 1455 908 1495 in
940 1455 1061 1495 Latio
1095 1455 1138 1494 in
1160 1454 1334 1495 Volscos
1367 1467 1530 1503 versus,
1565 1453 1682 1493 Lati-

326 1540 494 1577 norum,
527 1540 614 1568 non
646 1527 966 1573 R01nanorum3
999 1538 1040 1577 p.
1068 1524 1183 1576 259).

225 1598 264 1639 6.
339 1597 558 1638 Velim-(e,
628 1597 735 1638 Haec
779 1610 816 1636 a.
850 1596 936 1636 494
975 1595 1161 1636 deducta
1202 1599 1267 1637 est
1306 1596 1348 1636 in
1388 1608 1539 1648 agrum
1581 1595 1682 1636 Vol-

327 1681 498 1710 scorum
533 1667 641 1721 (Liv.
675 1667 723 1717 II,
758 1668 809 1707 31
847 1665 916 1719 (ab
948 1665 1079 1718 urbe),
1124 1667 1298 1720 Dionys.
1333 1667 1418 1715 VII,
1463 1664 1533 1718 13)
1567 1668 1610 1706 et
1642 1678 1680 1706 a.

326 1740 414 1780 492
447 1742 574 1780 aucta
607 1737 715 1792 (Liv.
749 1738 797 1785 ΙΙ,
833 1736 920 1789 34).
984 1737 1107 1778 Cives
1141 1737 1286 1778 Livius
1319 1737 1509 1790 appellat
1549 1737 1681 1777 etiarn

326 1810 369 1850 in
417 1810 668 1851 defectionis
716 1808 966 1850 narratione
1016 1821 1054 1848 a.
1089 1808 1174 1849 332
1222 1808 1305 1861 (VI,
1359 1809 1423 1857 12,
1476 1808 1542 1857 17,
1592 1805 1680 1859 21).

329 1880 575 1934 (Dionysius
610 1880 765 1920 civium
799 1879 901 1919 facit
940 1881 982 1919 et
1014 1879 1100 1919 iam
1136 1882 1234 1919 ante
1269 1879 1440 1920 colonos
1474 1878 1680 1919 habuisse

328 1951 488 2000 scribit,
533 1951 610 1991 sed
649 1950 764 1991 idem
799 1950 850 1990 de
883 1949 1029 1990 Norba
1064 1950 1265 2001 affirmat,
1316 1963 1446 2002 quam
1480 1950 1679 1989 Latinam

328 2023 459 2063 fuisse
492 2016 740 2072 constat.)‘²)
788 2021 890 2062 Post
923 2021 1082 2061 multas
1115 2020 1371 2061 rebelliones
1406 2033 1444 2061 a.
1471 2020 1556 2060 340
1580 2018 1681 2060 belli

328 2092 468 2133 Latini
512 2094 661 2132 contra
711 2091 933 2132 Romanos
983 2092 1198 2143 particeps
1242 2104 1280 2132 a.
1315 2091 1398 2131 338
1440 2090 1681 2131 durissimis

329 2163 650 2204 condicionibus
675 2176 826 2215 parere
853 2165 1001 2203 coacta
1029 2162 1135 2214 (Liv.
1161 2161 1264 2211 VIII,
1303 2160 1386 2213 14),
1420 2165 1571 2214 postea
1596 2174 1683 2202 non

330 2235 706 2282 commemoratur,
756 2233 847 2273 sine
896 2232 1026 2273 dubio
1075 2232 1190 2285 quod
1236 2233 1279 2273 in
1327 2233 1545 2273 civitatem
1591 2232 1682 2272 sine

330 2305 535 2357 suffragio
568 2306 744 2356 recepta
777 2305 855 2344 est.

228 2374 266 2415 7.
330 2374 506 2416 Norba
545 2376 588 2416 in
625 2374 856 2426 Pomptino
888 2373 1052 2414 Volscis
1084 2373 1266 2414 finitima
1298 2387 1337 2414 a.
1370 2374 1456 2414 492
1489 2373 1596 2426 (Liv.
1630 2373 1680 2422 II,

330 2445 398 2495 34,
433 2446 606 2499 Dionys.
640 2445 726 2494 Vll,
763 2443 847 2496 13),
882 2445 1047 2493 Latina,
1082 2445 1193 2485 inter
1228 2445 1294 2486 18.

125 2583 155 2627 ¹)
180 2586 232 2619 De
257 2586 491 2620 Fidenatibus
516 2586 624 2630 paulo
651 2588 732 2629 post
758 2595 858 2628 reges
892 2588 1037 2618 exactos
1069 2585 1319 2619 deficientibus
1352 2589 1387 2619 et
1420 2584 1579 2618 subactis
1610 2583 1682 2624 vid.

182 2644 285 2679 Dion.
312 2645 353 2686 V,
391 2644 438 2677 40
463 2648 499 2678 et
523 2643 579 2685 43,
619 2644 748 2678 deinde
781 2643 825 2677 52
859 2647 895 2677 et
926 2644 971 2677 60
1003 2643 1079 2686 (uhi
1111 2645 1333 2689 ampliantur
1359 2644 1571 2678 colonorum
1598 2642 1684 2686 agri,

182 2703 366 2738 veteribus
392 2703 517 2737 incolis
544 2706 646 2747 parte
672 2714 823 2736 suorum
849 2702 1045 2747 adempta).
1095 2704 1170 2738 Liv.
1198 2704 1240 2745 II,
1268 2703 1311 2737 19
1338 2703 1491 2737 Fidenas
1517 2702 1683 2736 obsessas

183 2761 324 2799 scribit;
353 2762 525 2796 defecisse
551 2765 659 2795 antea
686 2773 760 2796 non
787 2761 958 2803 narravit,
985 2773 1051 2796 nec
1078 2766 1204 2806 postea
1229 2763 1409 2796 subactas.

126 2816 154 2862 ²)
181 2817 375 2863 [Diodorus
400 2820 491 2861 XIV,
518 2819 562 2853 34
590 2824 679 2854 extr.
707 2820 920 2864 Olympiade
947 2819 990 2853 94
1018 2832 1049 2855 a.
1075 2820 1096 2853 4
1123 2819 1200 2863 (sed
1225 2821 1379 2855 tribunis
1405 2821 1458 2863 iis,
1485 2819 1546 2864 qui
1565 2830 1595 2853 a.
1614 2818 1683 2852 404

183 2877 345 2921 fuerunt)
371 2878 515 2913 Velitris
542 2879 686 2913 colonos
713 2879 854 2913 additos
880 2879 1019 2917 scribit;
1047 2890 1257 2923 quanquam
1284 2880 1423 2914 codices
1452 2876 1651 2922 Ov's‘vrpoess]

1703 2032 1754 2058 296
