1915 3235
833 127 885 168 13

65 272 264 300 morosus
298 258 565 311 ingeniorum
598 270 749 298 censor
781 256 947 305 scribit;
981 269 1033 297 ex
1063 256 1143 305 his,
1177 268 1362 309 quorum
1386 257 1504 298 haud
1527 258 1653 310 pauci

66 343 92 370 a
123 329 240 370 nullo
272 328 356 370 alio
388 327 595 381 scriptore
626 327 916 377 nominantur,
949 340 1036 368 non
1067 327 1208 368 minus
1236 340 1368 380 quam
1393 327 1542 380 viginti
1567 332 1653 369 tres

64 399 273 452 Apuleius
305 401 438 440 testes
471 398 592 447 citat3
638 397 682 438 in
712 397 928 449 nonnullis
968 410 1101 449 quum
1141 397 1258 450 apud
1290 397 1489 438 Ovidium
1522 398 1652 439 libro-

65 483 160 511 rum
199 469 499 510 tantummodo
539 470 794 521 argumenta
833 467 1136 520 significentur,
1184 468 1429 510 nominibus
1469 469 1652 518 omissis,

65 540 159 590 hic,
180 539 337 581 additis
369 539 629 588 nominibus,
670 538 817 579 titulos
860 538 917 579 ad
949 551 1023 579 eas
1055 538 1387 591 significationes
1420 542 1544 592 aptos
1578 540 1653 581 de-

65 610 387 663 prehendimus.
451 610 562 650 Tam
594 608 836 649 mirabilem
870 621 1126 649 consensum
1161 608 1195 649 si
1242 609 1336 661 quis
1371 623 1474 651 casu
1511 615 1651 652 ortum

65 683 202 734 putat,
250 681 434 721 multum
473 693 577 721 sane
618 679 736 720 casui
775 679 935 719 tribuit.
999 679 1084 720 Sed
1123 679 1158 720 si
1197 679 1240 720 in
1271 679 1375 732 ipsis
1408 681 1653 722 nominibus

65 752 286 793 hominum
320 751 590 803 liborumque
623 750 760 791 multa
793 749 984 799 confusa,
1033 763 1250 802 perversa,
1300 750 1409 791 falsa
1449 764 1543 792 esse
1577 752 1653 793 do-

67 835 207 871 cuero,
256 835 383 863 nemo
425 821 522 870 erit,
572 806 673 873 quin
713 820 986 869 confiteatur,
1035 820 1254 861 hominem
1294 834 1380 862 non
1419 822 1652 866 indoctum.

66 892 392 934 renascentibus
439 892 603 940 litteris,
652 891 835 944 arreptis
883 904 935 932 ex
983 890 1122 932 Ovidii
1169 891 1351 944 epistola
1397 893 1654 945 scriptorum

66 963 324 1012 nominibus,
358 963 565 1004 librorum
598 975 821 1014 nunquam
853 975 879 1002 a
911 975 956 1002 se
989 961 1178 1002 visorum
1211 961 1358 1005 titulos
1384 967 1458 1003 aut
1482 963 1653 1004 aliunde

67 1034 283 1075 addidisse
316 1037 392 1075 aut
424 1033 693 1074 confinxisse:

183 1104 314 1145 Primi
352 1104 469 1157 apud
507 1103 707 1145 Ovidium
749 1103 805 1155 (V.
839 1105 877 1152 ἶ),
913 1102 955 1155 6)
995 1103 1184 1152 Marsus,
1232 1103 1450 1154 Rabirius,
1498 1104 1653 1152 Macer,

66 1175 184 1216 Pedo
215 1175 504 1221 nominantur,
554 1187 660 1226 quos
699 1187 848 1215 omnes
890 1174 1097 1226 Apuleius
1137 1171 1353 1226 laudat¹);
1402 1174 1445 1215 in
1476 1175 1654 1216 Rabirio

67 1245 210 1298 operis
255 1245 438 1294 titulum,
487 1244 605 1297 apud
651 1244 853 1285 Ovidium
898 1257 985 1285 non
1032 1245 1330 1297 significatum,
1380 1258 1434 1286 ne
1482 1245 1654 1286 aliunde

67 1315 241 1368 quidem
281 1329 358 1368 pro
397 1320 512 1356 certo
551 1320 721 1364 notum,
770 1329 854 1356 non
894 1315 1050 1368 posuit.
1114 1315 1258 1365 Macri,
1308 1329 1437 1368 quem
1478 1315 1654 1357 Ovidius

67 1386 239 1427 Iliacum
273 1386 476 1439 appellat,
510 1386 671 1426 bellum
705 1386 942 1428 Troianum
975 1386 1090 1430 citat,
1125 1399 1278 1438 parum
1312 1386 1369 1427 ad
1394 1399 1520 1427 usum
1544 1386 1654 1427 illius

68 1457 207 1498 aetatis
245 1456 621 1498 accommodatum
659 1470 836 1506 nomen,
885 1470 1018 1509 quum
1058 1457 1297 1509 praesertim
1338 1457 1481 1498 Macer
1520 1458 1655 1498 Ante-

66 1528 283 1569 homerica
317 1532 359 1568 et
390 1528 714 1569 Posthomerica
746 1528 967 1580 scripsisse
1001 1527 1210 1568 videatur.
1224 1524 1258 1579 ²)
1306 1528 1509 1580 Sequitur
1539 1529 1655 1581 apud

67 1598 267 1640 Ovidium
301 1597 378 1650 (7):

204 1669 265 1719 ,Et
297 1669 369 1721 qui
401 1669 607 1710 Iunonem
638 1669 820 1710 laesisset
852 1669 894 1709 in
927 1669 1126 1718 Hercule,
1162 1669 1310 1718 Carus,

212 1739 385 1780 Iunonis
418 1740 453 1780 si
484 1753 571 1781 non
602 1741 689 1781 iam
721 1753 851 1792 gener
883 1740 950 1780 ille
984 1740 1107 1781 foret.

66 1810 178 1851 Hinc
224 1810 340 1863 apud
385 1810 616 1863 Apuleium
665 1825 705 1863 p.
747 1811 772 1851 9
813 1809 835 1861 ἓ
875 1812 927 1851 Ξῖ
979 1811 1134 1852 citatur
1185 1813 1320 1852 (Imus
1369 1812 1412 1851 in
1459 1811 1653 1851 Hercule.

65 1880 291 1922 Proximus
324 1884 387 1921 est
420 1881 560 1922 Ovidii
591 1895 760 1922 versus:

213 1951 380 2003 Quique
414 1952 532 1992 dedit
563 1952 684 1993 Latio
717 1965 890 1993 carmen
924 1952 1066 2004 regale
1099 1952 1305 2000 Severus;

67 2035 195 2074 quem
227 2035 413 2072 versum,
454 2025 753 2075 comparatum
787 2036 884 2064 cum
917 2023 1035 2064 initio
1068 2023 1261 2075 epistolae
1294 2024 1496 2063 secundae
1528 2023 1654 2063 huius

65 2092 174 2142 libri,
207 2093 348 2142 multi,
376 2095 424 2133 ut
455 2093 671 2143 Heinsius,
707 2094 759 2134 de
792 2094 1003 2146 tragoedia
1034 2094 1288 2147 intelligunt,
1323 2093 1415 2134 aliis
1452 2093 1654 2134 dubitan-

66 2159 247 2215 tibus3);
295 2176 347 2203 ex
395 2176 479 2216 quo
526 2163 569 2204 in
607 2164 805 2205 Scriverii
850 2165 1033 2205 indicem
1081 2164 1342 2216 tragicorum
1389 2164 1550 2205 relatus
1591 2169 1652 2205 est

67 2234 287 2275 Cornelius
321 2234 518 2285 Severus,
553 2235 609 2275 ad
641 2248 771 2287 quem
796 2235 866 2276 illa
892 2236 1073 2287 epistola
1100 2236 1259 2288 scripta
1285 2240 1477 2288 putatur.
1525 2236 1655 2287 Apud

66 2305 295 2357 Apuleium
337 2305 538 2346 laudatur
576 2319 617 2358 p.
652 2306 677 2346 9
711 2305 733 2357 ξ]
768 2306 842 2346 28:
894 2306 1063 2346 Cassius
1105 2305 1280 2346 Severus
1320 2307 1363 2346 in
1397 2306 1473 2346 JV
1505 2312 1654 2360 ἐναφαν-

66 2375 163 2425 dia,
211 2375 404 2416 inaudito
451 2376 673 2428 tragoediae
721 2376 904 2417 citandae
952 2376 1094 2417 modo.
1169 2376 1369 2418 Osannus
1418 2380 1564 2418 tamen
1613 2378 1654 2417 id

66 2446 198 2487 refert
250 2446 306 2487 ad
361 2446 555 2488 Cassium
610 2447 819 2488 Severum
872 2447 1172 2492 Parmensem,
1234 2461 1361 2499 quem
1422 2448 1653 2501 tragoedias

67 2517 300 2570 scripsisse,
334 2517 423 2558 solo
457 2517 785 2558 scholiastarum
819 2517 875 2558 ad
899 2517 1051 2559 Horat.
1077 2518 1184 2571 Epp.
1211 2519 1239 2567 I,
1273 2519 1313 2567 4,
1348 2519 1372 2559 3
1408 2518 1654 2560 testimonio

103 2656 132 2700 1)
156 2658 194 2692 P.
223 2657 253 2699 7,
280 2658 312 2699 5,
339 2657 360 2691 8
386 2658 562 2699 (Macrum
588 2661 623 2692 et
648 2658 845 2698 Pedonem,
872 2661 912 2692 ut
938 2658 1033 2702 apud
1061 2658 1242 2699 Ovidium,
1270 2659 1509 2701 coniunctos).

106 2714 133 2759 ²)
159 2717 228 2751 Cfr.
254 2717 418 2751 VVernsd.
452 2717 550 2751 Poet.
584 2717 661 2750 Lat.
694 2717 777 2750 Min.
812 2716 881 2750 vol.
916 2717 962 2750 IV
986 2728 1020 2761 p.
1048 2716 1116 2749 578
1142 2728 1193 2761 sq.
1245 2718 1469 2752 Henrichsen
1504 2719 1546 2752 de
1581 2729 1653 2752 car-

160 2776 247 2809 min.
274 2775 376 2820 Cy‘pr.
403 2788 437 2820 p.
464 2776 519 2817 99,
553 2776 614 2820 qui
641 2778 737 2810 recte
772 2786 898 2818 graves
924 2775 1070 2815 Osanni,
1106 2776 1195 2809 duos
1222 2776 1359 2810 Macros
1387 2777 1652 2812 confundentis.

162 2845 300 2868 errores
326 2838 438 2868 notat.

105 2889 132 2934 ³)
159 2893 199 2926 V.
226 2904 254 2927 c.
282 2893 411 2927 Funcc.
439 2893 482 2927 de
508 2893 601 2927 virili
626 2896 720 2926 aetat.
740 2893 778 2926 L.
799 2892 837 2926 L.
857 2893 871 2926 Ι
889 2904 922 2936 p.
950 2892 1027 2926 287.
1089 2893 1230 2927 Sehoell.
1258 2894 1341 2927 hist.
1370 2894 1522 2938 abregee
1549 2895 1593 2928 de
1619 2895 1654 2927 la

185 2951 251 2985 litt.
302 2952 406 2985 Rom.
433 2963 467 2996 p.
494 2951 573 2986 250.

1679 1828 1707 1850 17
