1915 3235
948 124 1035 166 480

311 256 641 299 Coniunctivum
674 254 807 295 futuri
840 253 980 294 exacti
1012 253 1065 294 de
1098 256 1255 294 eventu
1288 254 1432 296 futuro
1465 256 1526 296 rei
1557 257 1788 308 praeteritae

190 328 317 381 positi
350 328 437 368 iam
471 339 602 379 supra
637 325 844 378 exemplis
887 324 1103 365 declaravi
1143 323 1202 377 (p.
1238 324 1324 378 87).
1388 326 1476 366 Nec
1517 326 1674 368 desunt
1714 341 1788 369 ex-

193 398 336 451 empla
369 397 629 439 coniunctivi
662 396 701 437 ei
733 396 877 437 futuro
912 398 1062 437 exacto
1102 396 1418 448 respondentis,
1460 397 1576 449 quod
1614 398 1788 440 liberius

191 469 378 522 ponitur,
412 468 530 509 velut
563 468 616 508 de
648 480 694 508 re
728 467 922 508 celeriter
955 469 1240 508 consecutura
1273 467 1448 508 Terent.
1478 467 1714 510 Heautont.
1739 469 1788 517 II,
1851 521 1854 524 ἦ

193 541 218 581 3
252 538 328 592 (2),
364 539 439 580 75:
473 539 544 580 ubi
576 538 637 591 (id
670 541 746 588 est,
782 551 832 579 eo
864 538 1006 588 modo,
1041 537 1119 590 ut),
1153 539 1189 578 εἰ
1213 538 1438 591 paululum
1471 537 1589 579 modo
1622 539 1723 593 quid
1754 544 1791 580 te

189 611 363 665 fuyem't,
398 624 467 664 eqo
492 611 718 664 perieriom
751 611 870 650 recta
903 610 1095 650 oratione
1130 611 1262 649 esset:
1298 608 1345 649 Sa·
1366 610 1588 663 paululum
1611 614 1648 650 te
1670 609 1789 665 faye-

193 683 260 731 rz’t,
286 682 470 735 periero.
519 681 704 734 Reliqua
736 681 824 721 iam
856 681 899 721 in
932 679 1163 721 indicativo
1195 682 1285 720 tam
1318 680 1437 721 tenui
1468 680 1553 720 fine
1587 693 1613 721 a
1645 680 1789 722 futuro

191 752 373 805 simplici
407 752 742 805 distinguuntur,
790 754 838 792 ut
881 751 1058 792 eosdem
1101 750 1260 804 gradus
1303 751 1346 791 in
1385 751 1668 802 coniunctivo,
1718 752 1791 805 qui

192 823 327 864 multo
361 824 497 876 magis
533 837 582 865 eo
623 824 791 873 transit,
840 823 1041 875 persequi
1079 822 1227 863 inutile
1268 822 1335 862 sit.
1398 822 1446 863 In
1476 822 1691 864 Pseudolo
1722 826 1790 864 ta-

191 907 292 935 men
324 894 353 945 I,
396 895 435 944 3,
479 895 562 936 142
603 894 657 947 (si
695 900 739 935 tu
772 898 990 948 arqentzmz
1024 893 1226 943 attuleris,
1276 906 1367 933 eum
1414 893 1486 934 illo
1525 894 1790 948 perdiderim

188 964 332 1018 fidem)
383 966 679 1007 coniunctivus
720 965 970 1006 dubitanter
1009 964 1265 1017 promittens
1315 963 1366 1017 (is
1415 967 1480 1005 est
1529 965 1656 1014 enim,
1704 978 1790 1006 non

193 1036 517 1089 condicionalis)
550 1037 706 1090 potius,
750 1037 804 1077 ol]
840 1036 1090 1077 adiunctum
1125 1035 1319 1076 futurum
1352 1038 1566 1085 exactum,
1610 1049 1790 1088 respon-

193 1109 265 1149 det
297 1108 530 1150 indicativo
555 1108 786 1162 perdidero
819 1120 951 1160 quam
977 1107 1173 1160 perdam.
1238 1105 1366 1159 [Cod.
1405 1107 1610 1159 Palimps.
1642 1106 1790 1160 perdi-

193 1178 327 1232 dero]
342 1176 374 1235 l)

120 1263 169 1288 101
312 1251 375 1291 Ne
408 1251 452 1291 in
483 1250 696 1291 inferioris
740 1249 914 1301 quidem
957 1250 1096 1291 aetatis
1140 1252 1183 1290 et
1225 1263 1365 1302 prosae
1409 1248 1612 1289 orationis
1657 1249 1791 1301 scrip-

192 1321 357 1363 toribus
392 1321 475 1363 alio
507 1322 680 1362 nomine
713 1320 920 1362 utendum
957 1323 1022 1362 est
1054 1321 1096 1361 in
1130 1321 1345 1373 frequenti
1377 1320 1504 1361 huius
1529 1319 1679 1361 formae
1712 1333 1793 1360 usu

191 1394 290 1445 post
322 1394 372 1446 εἰ,
406 1406 545 1448 quum,
585 1392 656 1432 ubi
688 1391 882 1444 aliasque
914 1392 1149 1445 particulas
1182 1394 1258 1433 aut
1289 1404 1530 1444 pronomen
1562 1390 1792 1431 relativum

192 1464 235 1504 in
267 1463 490 1504 sententiis
537 1463 593 1504 ad
636 1463 828 1503 futurum
872 1465 1044 1515 tempus
1077 1462 1237 1513 relatis,
1286 1462 1404 1503 velut
1446 1462 1563 1515 apud
1608 1461 1692 1503 Cic.
1736 1461 1793 1502 ad

193 1534 342 1575 Famil.
378 1534 407 1584 I,
443 1535 481 1584 7,
523 1534 569 1575 9:
619 1534 724 1575 Hcee
759 1533 948 1587 profecto
992 1534 1119 1587 vides,
1169 1538 1321 1588 quanto
1364 1533 1600 1573 illustriora
1640 1532 1792 1585 futura

191 1606 288 1657 sint,
323 1619 448 1659 quum
482 1606 745 1660 aliqucmtmn
779 1618 827 1645 ex
850 1606 1075 1658 provincia
1109 1610 1228 1659 atque
1262 1618 1310 1644 ex
1342 1604 1517 1657 ¹imperio
1549 1603 1691 1644 laudis
1725 1617 1790 1644 act-

193 1677 376 1723 cesserit:
412 1678 487 1717 aut
518 1690 596 1729 pro
630 1676 748 1717 Sulla
782 1676 821 1725 9,
857 1676 932 1716 27:
973 1676 1078 1716 satis
1110 1675 1309 1729 adeptum·
1339 1675 1446 1728 fore,
1481 1677 1518 1716 si
1551 1676 1715 1715 nullam
1745 1676 1789 1715 in

193 1760 256 1787 me
286 1748 518 1800 periculmn
551 1747 816 1788 redundarit.
864 1747 1013 1799 Neque
1047 1747 1160 1788 enim
1194 1747 1309 1800 quod
1340 1748 1383 1788 in
1407 1747 1599 1800 passivo,
1633 1747 1792 1787 omissa

194 1818 326 1859 futuri
358 1818 684 1871 significutione,
719 1831 815 1870 quae
849 1818 1084 1859 assumitur
1112 1831 1162 1858 ex
1188 1819 1401 1859 sententia
1427 1818 1646 1871 primaria.
1680 1830 1792 1870 prae-

193 1889 320 1930 terito
353 1892 533 1929 utuntur
565 1889 719 1929 saltem
754 1889 809 1929 ad
849 1890 1063 1930 actionem
1096 1890 1334 1942 perfectam
1367 1889 1620 1939 notandam,
1661 1888 1705 1929 id
1737 1888 1793 1929 ad

195 1960 383 2000 activum
432 1960 783 2000 transferendum
832 1961 1034 2002 continuo
1082 1964 1167 2009 est,
1222 1974 1302 2001 nec
1358 1961 1589 2014 quicquam
1643 1973 1695 2000 ex
1743 1972 1793 2000 eo

196 2030 392 2079 efficitur,
427 2031 543 2082 quod
575 2031 617 2071 in
650 2032 845 2072 oratione
879 2044 931 2071 ex
963 2032 1182 2084 praeterito
1215 2044 1427 2084 suspensa
1460 2032 1793 2085 plusquamper-

232 2194 261 2238 1)
289 2195 504 2230 Persecutus
531 2206 612 2229 sum
639 2195 713 2228 fere
740 2206 800 2228 eos
827 2195 934 2236 locos,
962 2195 1024 2239 qui
1050 2196 1169 2230 virum
1197 2197 1390 2241 egregium,
1418 2197 1466 2231 Io.
1495 2196 1533 2230 G.
1562 2195 1731 2230 Vossium
1757 2195 1793 2228 in

292 2266 376 2288 eum
403 2266 562 2289 errorem
581 2254 812 2295 induxerunt,
840 2257 879 2288 ut
900 2253 958 2297 (de
978 2255 1082 2289 Anal.
1110 2256 1169 2296 ΙΙΙ,
1197 2255 1255 2297 15)
1276 2254 1550 2289 terminatiOnes
1570 2267 1628 2290 ero
1654 2258 1689 2289 et
1706 2256 1797 2288 erim»

292 2314 493 2358 antiquitus
519 2314 744 2358 promiscuas
770 2313 880 2348 fuisse
906 2318 1066 2358 putaret3
1101 2315 1210 2349 ceteri
1237 2315 1345 2356 enim,
1379 2326 1470 2358 quos
1497 2326 1515 2348 e
1541 2314 1670 2348 Plauto
1697 2313 1794 2347 addi-

292 2372 354 2413 dit,
382 2377 506 2417 aperte
532 2373 719 2417 depravati
751 2376 845 2414 sunt,
885 2373 1029 2408 Trucul.
1057 2374 1099 2415 II,
1141 2374 1170 2415 7,
1210 2373 1254 2407 68
1288 2372 1363 2417 (qui
1396 2384 1534 2415 versus,
1577 2384 1598 2407 a
1630 2372 1794 2416 pluribus

292 2435 463 2473 tentatus,
503 2432 551 2465 sic
585 2432 835 2466 emendandus
867 2433 1020 2474 videtur,
1059 2437 1099 2467 ut
1131 2435 1281 2476 ceperim
1314 2445 1335 2467 a
1367 2432 1552 2477 superlore
1578 2443 1685 2466 versu
1710 2442 1794 2476 pen-

293 2490 401 2532 deat),
434 2491 585 2524 Mostell.
612 2491 652 2532 V,
689 2491 720 2531 1,
754 2490 797 2524 64
831 2489 905 2534 (ubi
938 2491 1134 2535 probabilis
1162 2495 1215 2525 est
1240 2491 1393 2525 Acidalii
1420 2492 1644 2525 coniectura:
1683 2492 1794 2534 dese'y-

291 2552 446 2583 nac-eris.
478 2551 556 2583 Tibe·
581 2549 672 2593 cet),
706 2550 834 2584 Pseud.
862 2551 887 2591 J,
917 2550 946 2590 1,
975 2550 1018 2583 94
1047 2549 1132 2592 (vid.
1159 2551 1263 2584 Both.
1298 2551 1474 2594 Equidem
1502 2554 1621 2584 totum
1648 2560 1794 2583 versum

292 2608 527 2642 subditicium
553 2612 653 2652 puto,
686 2609 787 2643 cuius
820 2610 1000 2643 sententia
1026 2609 1118 2644 inest
1145 2610 1181 2643 in
1209 2610 1349 2644 duobus
1375 2609 1559 2653 proximis,
1594 2619 1638 2643 ex
1664 2608 1794 2652 quibus

294 2667 444 2700 effectus
476 2667 552 2710 ipse
586 2671 650 2707 est,
689 2668 822 2711 partim
854 2668 982 2702 iisdem
1014 2666 1156 2710 verbis).
1208 2668 1334 2703 Restat
1368 2667 1514 2702 Pacuvii
1547 2678 1672 2701 versus
1699 2666 1795 2710 apud

293 2726 450 2760 Nonium
477 2724 524 2769 (p.
553 2726 620 2759 505
646 2726 782 2769 Me1·c.):
829 2729 880 2770 Ut,
915 2739 994 2771 quoe
1019 2729 1083 2771 891¹,
1117 2739 1194 2770 ayo,
1228 2729 1338 2770 (carim,
1371 2731 1582 2760 verruncent
1607 2727 1700 2767 bene,
1734 2725 1795 2759 ubi

295 2786 394 2818 (exim
421 2784 629 2819 dubitanter
654 2786 801 2829 ponitur
835 2786 878 2819 de
905 2785 1050 2820 incertis
1076 2786 1189 2820 futuri
1215 2785 1388 2829 temporis
1415 2786 1534 2819 rebus.
1586 2785 1622 2819 Si
1648 2785 1683 2818 id
1710 2785 1795 2818 Vos-

295 2843 370 2876 sius
397 2842 554 2884 dixisset,
588 2845 780 2878 modorum
807 2845 980 2879 terminos
1007 2856 1080 2879 non
1106 2848 1182 2879 tam
1208 2848 1374 2878 accurate
1402 2844 1568 2878 definitos
1595 2855 1672 2878 esse
1699 2844 1795 2887 apud

296 2901 466 2935 Plautum
494 2912 604 2945 quam
630 2907 766 2946 postea,
794 2914 878 2937 vera
905 2903 1062 2944 dixisset,
1090 2904 1152 2938 sed
1180 2915 1260 2948 quae
1286 2915 1358 2938 non
1386 2904 1430 2937 ad
1457 2904 1522 2937 has
1544 2903 1638 2937 solas
1660 2902 1795 2937 formas

297 2961 530 3005 pertinerent.
