1915 3235
964 115 1017 155 14

197 247 487 288 confirmatur.
550 245 635 286 Sed
667 244 781 297 quod
813 245 941 293 hunc,
986 244 1058 297 qui
1090 244 1202 285 bello
1242 244 1352 285 civili
1385 244 1524 298 periit,
1573 248 1784 288 recentio-

196 330 263 358 res
302 317 509 357 Severum
548 315 782 368 appellant,
832 328 949 356 error
989 317 1066 364 est,
1114 314 1286 355 relictus
1325 328 1377 356 ex
1417 328 1480 366 eo,
1529 317 1645 369 quod
1684 317 1786 359 olim

194 388 308 428 hunc
340 401 438 428 cum
472 386 618 437 Cassio
651 386 823 434 Severo,
857 385 1123 427 nobilissimo
1161 385 1345 438 Augusti
1378 388 1421 427 et
1453 386 1615 428 Tiberii
1649 390 1784 432 ‚aetate

194 455 423 510 oratore1),
473 456 815 504 confundebant3
864 456 935 508 qui
975 469 1093 497 error
1132 470 1264 509 quum
1298 457 1496 499 sublatus
1529 443 1697 511 pridem
1731 458 1786 500 sit

194 542 218 568 a
250 523 567 578 Ruhnkeni02),
602 526 714 567 male
738 526 914 575 faciunt,
948 526 1034 579 qui,
1067 526 1182 568 hunc
1205 527 1248 568 in
1274 528 1427 569 ceteris
1452 529 1601 579 secuti,
1635 529 1785 571 Cassio

192 599 416 639 Parmensi
449 598 594 639 Severi
626 610 798 647 nomen,
847 610 872 638 a
911 597 1028 638 nullo
1067 603 1263 639 Veterum
1304 599 1342 640 ei
1381 599 1606 650 tributum,
1655 600 1785 641 relin-

193 666 388 722 quunt.³)
451 669 606 709 Restat
637 668 764 720 igitur
796 668 906 709 alter
937 668 1005 709 ille
1039 668 1212 710 Cassius
1246 670 1446 720 Severus,
1481 684 1611 723 quem
1634 670 1785 724 poesin

192 740 384 793 attigisse
416 753 544 780 nemo
576 727 771 779 veterum
804 739 847 779 in
880 735 1228 792 frequentissima
1268 741 1358 782 eius
1398 741 1617 782 mentione
1647 741 1783 783 tradi-

192 811 266 851 dit.
314 811 522 863 Apparet,
556 810 720 862 opinor,
755 810 1009 863 scriptorem
1042 823 1095 851 ex
1127 809 1266 851 Ovidii
1298 811 1391 852 loco
1414 812 1528 852 male
1553 811 1782 862 intellecto,

191 894 324 932 quum
356 894 434 933 pro
467 881 663 922 Cornelio
697 881 855 922 Severo
889 881 1087 922 Cassium
1119 882 1348 934 significari
1372 878 1569 935 putasset
1599 895 1785 936 eumque

139 968 170 991 ιε
195 951 353 1004 vulgari
380 964 523 992 errore
548 965 645 992 cum
669 952 894 993 Parmensi
920 952 1196 1003 confudisset,
1220 953 1335 994 hunc
1360 953 1555 995 Cassium
1575 954 1783 995 Severum

189 1022 399 1074 tragicum
446 1023 653 1081 effecisse.
730 1024 788 1064 At
827 1021 849 1075 ξ
883 1023 940 1064 30
979 1023 1200 1064 Cornelius
1248 1024 1436 1065 Severus
1483 1024 1596 1066 bello
1641 1025 1783 1066 Siculo

190 1093 306 1145 apud
344 1093 574 1146 Apuleium
615 1095 831 1136 laudatur.
902 1094 1071 1135 Scilicet
1109 1094 1257 1135 statim
1302 1095 1384 1136 alio
1426 1096 1623 1149 exemplo
1663 1096 1783 1137 vide-

189 1163 345 1214 bimus,
384 1164 499 1205 hunc
537 1166 757 1207 hominem
798 1180 850 1207 ex
882 1179 968 1207 uno
1001 1165 1141 1206 Ovidii
1173 1166 1279 1214 loco,
1321 1166 1441 1207 cuius
1474 1166 1637 1207 incerta
1669 1171 1784 1208 esset

189 1235 423 1285 sententia,
473 1237 580 1278 duos
628 1237 821 1278 effecisse
868 1237 1112 1290 scriptores.
1182 1236 1385 1289 Sequitur
1425 1237 1542 1290 apud
1581 1237 1783 1279 Ovidium

189 1320 227 1346 v.
264 1307 336 1347 10:

401 1378 452 1418 Et
485 1391 583 1419 cum
615 1379 761 1420 subtili
792 1379 963 1420 Priscus
997 1384 1178 1432 uterque
1212 1379 1369 1419 Numa.

187 1447 431 1489 Priscorum
463 1452 615 1490 neuter
647 1450 690 1490 in
723 1450 974 1503 fragmentis
1009 1455 1386 1500 commemoratur,
1420 1450 1502 1491 nisi
1535 1450 1648 1503 quod
1681 1463 1723 1503 p.
1758 1451 1780 1491 7

187 1518 209 1569 ξ
246 1520 297 1559 16
345 1533 423 1572 pro
473 1520 647 1576 Crispus
694 1521 981 1562 Grotefendus
1032 1521 1202 1562 Priscus
1258 1521 1513 1576 corrigebat.
1599 1521 1684 1562 Sed
1732 1534 1783 1562 ex

185 1590 328 1631 subtili
358 1591 500 1632 Numa
533 1595 650 1633 ortus
685 1597 749 1633 est
782 1607 823 1645 p.
858 1592 882 1633 9
917 1591 939 1644 ξ
973 1593 1027 1632 26
1062 1591 1205 1632 Numa
1245 1593 1288 1632 in
1327 1591 1568 1646 doymatum
1600 1592 1783 1646 philoso-

178 1662 295 1715 phice
327 1662 431 1703 libro
464 1665 594 1712 tertio,
634 1677 811 1716 prorsus
849 1663 1028 1704 ridiculo
1065 1663 1278 1716 poematis
1321 1663 1508 1704 nomine.
1570 1662 1783 1705 Proximis

187 1733 381 1774 versibus
418 1734 467 1774 11
504 1737 546 1775 et
581 1735 633 1775 152
666 1735 896 1786 Montanus
930 1737 1309 1785 commemoratur,
1351 1735 1423 1787 qui
1463 1747 1615 1775 versus
1649 1747 1784 1786 quum

185 1809 435 1856 poematum
468 1805 640 1846 nomina
674 1819 761 1846 non
794 1805 1095 1858 significarent,
1129 1805 1247 1858 apud
1279 1805 1515 1858 Apuleium
1546 1819 1589 1858 p.
1619 1805 1643 1846 8
1677 1803 1699 1856 ἓ
1729 1805 1782 1846 19

186 1874 414 1916 Montanus
445 1877 560 1918 nullo
603 1877 751 1918 addito
789 1876 936 1929 scripti
969 1876 1142 1917 nomine
1175 1876 1347 1917 citatur.
1412 1876 1625 1928 Deinceps
1666 1875 1784 1928 apud

185 1945 386 1987 Ovidium
419 1952 623 1999 quattuor
655 1952 755 1988 sunt
788 1948 840 1988 de
874 1947 1035 1988 Sabino
1060 1960 1224 1997 versus,
1259 1960 1440 2000 quorum
1469 1947 1554 1988 duo
1579 1946 1781 1987 extremi:

362 2018 530 2071 Quique
563 2032 687 2060 suam
722 2019 932 2059 Troezena
965 2018 1352 2071 imperfectumque
1386 2018 1559 2093 dierum

361 2089 560 2140 Deseruit
592 2089 718 2130 celeri
750 2091 889 2130 morte
922 2089 1107 2130 Sabinus
1140 2103 1261 2142 opus.

183 2158 332 2211 Itaque
365 2161 482 2212 apud
506 2161 738 2213 Apuleium
763 2160 929 2202 eodem
964 2174 1049 2213 quo
1072 2161 1316 2210 Montanus,
1350 2160 1442 2201 loco
1466 2134 1671 2200 laudatur
1698 2158 1779 2200 Sa-

184 2229 305 2270 binus
338 2245 380 2270 m
419 2230 603 2272 Ίνφεεηε.
616 2228 649 2284 4)
714 2231 961 2283 Sequuntur
994 2231 1111 2284 apud
1143 2230 1343 2272 Ovidium
1376 2247 1436 2269 vv.
1468 2230 1534 2280 17,
1572 2230 1645 2271 18:

219 2417 246 2452 ¹)
274 2420 325 2453 De
351 2431 392 2454 eo
419 2420 488 2453 vid.
517 2420 655 2454 Schulz.
685 2420 729 2453 ad
764 2420 899 2464 Dialog.
928 2420 972 2454 de
1006 2419 1122 2454 causis
1154 2423 1312 2463 corrupt.
1340 2419 1458 2463 eloqu.
1486 2429 1520 2462 p.
1548 2418 1639 2452 XIX.
1680 2417 1777 2462 Spal-

277 2478 361 2522 ding
387 2480 430 2513 ad
459 2479 580 2522 Quint.
607 2479 664 2520 VI,
693 2478 724 2520 1,
753 2478 809 2512 43.

220 2535 249 2578 2)
275 2538 330 2571 Ad
358 2538 445 2572 Vell.
472 2539 609 2572 Patere.
638 2538 680 2579 ΙΙ,
709 2537 765 2579 88,
794 2538 823 2570 1.

219 2594 248 2637 3)
273 2597 312 2630 Id
338 2601 468 2641 praeter
494 2597 683 2631 Osannum
710 2609 729 2631 e
754 2596 1016 2630 recentioribus
1042 2596 1179 2630 faciunt
1205 2596 1360 2637 Passow,
1396 2595 1611 2639 Grundzfige
1637 2595 1701 2628 der
1725 2605 1775 2638 gr.

276 2667 310 2689 u.
337 2660 426 2690 rom.
455 2657 771 2700 Litteraturgesch.
804 2667 838 2700 p.
874 2655 912 2688 71
944 2657 998 2689 ed.
1026 2656 1044 2688 1
1080 2655 1181 2697 (nam
1213 2655 1381 2689 secundae
1416 2654 1649 2698 inspiciendae
1680 2663 1776 2687 nunc

276 2715 378 2759 copia
404 2726 476 2749 non
510 2714 586 2757 est).
645 2715 787 2749 Schoell.
816 2715 896 2748 hist.
925 2715 1030 2748 dela
1061 2715 1126 2749 litt.
1177 2714 1281 2748 Rom.
1317 2713 1333 2745 1
1372 2725 1405 2757 p.
1441 2712 1507 2745 211
1546 2715 1632 2754 not„
1670 2712 1776 2746 Baehr

275 2766 460 2808 Geschsd.
488 2786 515 2808 r.
542 2775 624 2808 Litt.
651 2786 684 2818 p.
712 2773 756 2807 87
784 2773 837 2807 ed.
865 2772 896 2807 2.
936 2773 1082 2807 Rectius
1109 2773 1290 2817 Spalding,
1318 2772 1372 2806 vir
1397 2772 1433 2805 in
1461 2771 1586 2816 primis
1613 2771 1773 2814 diligens,

275 2834 319 2867 ad
347 2833 495 2876 Quintil.
523 2834 562 2874 V,
591 2833 644 2873 11,
673 2832 717 2864 24
745 2836 780 2866 et
806 2832 926 2876 Lange
952 2832 1089 2866 Vindic.
1116 2833 1278 2876 Tragoed.
1306 2832 1412 2865 Rom.
1441 2843 1474 2875 p.
1504 2830 1558 2863 10.

215 2890 245 2934 ⁴)
271 2892 337 2926 Vix
364 2892 523 2926 credibili
551 2903 671 2926 errore
703 2891 871 2925 Osannus
905 2902 987 2925 cum
1020 2891 1153 2925 Sabino
1186 2894 1304 2935 poeta,
1344 2890 1463 2924 Ovidii
1498 2889 1625 2927 amico,
1664 2899 1773 2932 quem

274 2951 397 2985 Amor.
426 2962 569 2994 quoque
596 2951 637 2992 II,
666 2950 720 2991 18,
747 2949 791 2982 2?
818 2961 894 2994 sqq.
923 2950 1090 2991 celebrat,
1118 2950 1291 2994 cuiusque
1312 2952 1385 2983 tres
1406 2948 1566 2992 epistolae
1588 2946 1772 2982 Ovidianis

1890 3112 1913 3235 m
1896 3160 1897 3163 Α
1895 3132 1899 3142 ⁴*
1896 3023 1913 3112 ‘tw'
1896 3044 1898 3053 '⁴
1896 2918 1912 3030 *wrm
1894 2807 1909 2909 .ἰ“”;;.ν“’·
1899 2738 1907 2773 xv
