<?xml version="1.0" encoding="UTF-8"?>
<!DOCTYPE html PUBLIC "-//W3C//DTD XHTML 1.0 Transitional//EN"
    "http://www.w3.org/TR/xhtml1/DTD/xhtml1-transitional.dtd">
<html xmlns="http://www.w3.org/1999/xhtml" xml:lang="en" lang="en">
 <head>
  <title>
</title>
<meta http-equiv="Content-Type" content="text/html;charset=utf-8" />
  <meta name='ocr-system' content='tesseract 3.04.00' />
  <meta name='ocr-capabilities' content='ocr_page ocr_carea ocr_par ocr_line ocrx_word'/>
</head>
<body>
  <div class='ocr_page' id='page_1' title='image "./ionicolaimadvigi00madvuoft_0735.png"; bbox 0 0 1915 3235; ppageno 0'>
   <div class='ocr_carea' id='block_1_1' title="bbox 865 130 946 171">
    <p class='ocr_par' dir='ltr' id='par_1_1' title="bbox 865 130 946 171">
     <span class='ocr_line' id='line_1_1' title="bbox 865 130 946 171; baseline 0.012 -1"><span class='ocrx_word' id='word_1_1' title='bbox 865 130 946 171; x_wconf 85' lang='lat'>711</span> 
     </span>
    </p>
   </div>
   <div class='ocr_carea' id='block_1_2' title="bbox 71 257 1709 2999">
    <p class='ocr_par' dir='ltr' id='par_1_2' title="bbox 71 257 1709 2999">
     <span class='ocr_line' id='line_1_2' title="bbox 110 257 1705 314; baseline -0.004 -11"><span class='ocrx_word' id='word_1_2' title='bbox 110 262 166 303; x_wconf 90' lang='lat' dir='ltr'>de</span> <span class='ocrx_word' id='word_1_3' title='bbox 197 274 282 314; x_wconf 91' lang='lat' dir='ltr'>quo</span> <span class='ocrx_word' id='word_1_4' title='bbox 316 260 469 314; x_wconf 85' lang='lat' dir='ltr'>agitur,</span> <span class='ocrx_word' id='word_1_5' title='bbox 511 263 554 302; x_wconf 86' lang='lat' dir='ltr'>et</span> <span class='ocrx_word' id='word_1_6' title='bbox 592 260 937 302; x_wconf 76' lang='lat' dir='ltr'>testimoniorum</span> <span class='ocrx_word' id='word_1_7' title='bbox 967 257 1305 312; x_wconf 75' lang='lat' dir='ltr'>pertractatione</span> <span class='ocrx_word' id='word_1_8' title='bbox 1337 269 1629 310; x_wconf 89' lang='lat' dir='ltr'>sanorumque</span> <span class='ocrx_word' id='word_1_9' title='bbox 1662 259 1705 298; x_wconf 89' lang='lat' dir='ltr'>et</span> 
     </span>
     <span class='ocr_line' id='line_1_3' title="bbox 110 328 1703 382; baseline -0.003 -8"><span class='ocrx_word' id='word_1_10' title='bbox 110 334 327 375; x_wconf 89' lang='lat' dir='ltr'>certorum</span> <span class='ocrx_word' id='word_1_11' title='bbox 360 344 386 373; x_wconf 91' lang='lat' dir='ltr'>a</span> <span class='ocrx_word' id='word_1_12' title='bbox 417 330 635 372; x_wconf 84' lang='lat' dir='ltr'>mendosis</span> <span class='ocrx_word' id='word_1_13' title='bbox 669 332 711 371; x_wconf 88' lang='lat' dir='ltr'>et</span> <span class='ocrx_word' id='word_1_14' title='bbox 741 329 915 371; x_wconf 88' lang='lat' dir='ltr'>incertis</span> <span class='ocrx_word' id='word_1_15' title='bbox 948 329 1234 382; x_wconf 76' lang='lat' dir='ltr'>separatione,</span> <span class='ocrx_word' id='word_1_16' title='bbox 1282 329 1329 368; x_wconf 90' lang='lat' dir='ltr'>ut</span> <span class='ocrx_word' id='word_1_17' title='bbox 1373 330 1416 368; x_wconf 94' lang='lat' dir='ltr'>et</span> <span class='ocrx_word' id='word_1_18' title='bbox 1454 328 1578 380; x_wconf 82' lang='lat' dir='ltr'>quasi</span> <span class='ocrx_word' id='word_1_19' title='bbox 1615 330 1703 370; x_wconf 89' lang='lat' dir='ltr'>ter-</span> 
     </span>
     <span class='ocr_line' id='line_1_4' title="bbox 110 398 1703 455; baseline -0.003 -11"><span class='ocrx_word' id='word_1_20' title='bbox 110 403 217 445; x_wconf 86' lang='lat' dir='ltr'>mini</span> <span class='ocrx_word' id='word_1_21' title='bbox 249 403 352 444; x_wconf 87' lang='lat' dir='ltr'>certi</span> <span class='ocrx_word' id='word_1_22' title='bbox 383 401 583 455; x_wconf 88' lang='lat' dir='ltr'>figantur,</span> <span class='ocrx_word' id='word_1_23' title='bbox 632 400 745 442; x_wconf 89' lang='lat' dir='ltr'>intra</span> <span class='ocrx_word' id='word_1_24' title='bbox 783 414 891 453; x_wconf 84' lang='lat' dir='ltr'>quos</span> <span class='ocrx_word' id='word_1_25' title='bbox 931 399 1069 441; x_wconf 89' lang='lat' dir='ltr'>omnis</span> <span class='ocrx_word' id='word_1_26' title='bbox 1108 399 1198 440; x_wconf 81' lang='lat' dir='ltr'>veri</span> <span class='ocrx_word' id='word_1_27' title='bbox 1237 398 1483 439; x_wconf 84' lang='lat' dir='ltr'>inveniendi</span> <span class='ocrx_word' id='word_1_28' title='bbox 1522 400 1703 440; x_wconf 90' lang='lat' dir='ltr'>conatus</span> 
     </span>
     <span class='ocr_line' id='line_1_5' title="bbox 111 469 1703 524; baseline -0.003 -9"><span class='ocrx_word' id='word_1_29' title='bbox 111 474 395 522; x_wconf 89' lang='lat' dir='ltr'>contineatur,</span> <span class='ocrx_word' id='word_1_30' title='bbox 445 474 488 513; x_wconf 90' lang='lat' dir='ltr'>et</span> <span class='ocrx_word' id='word_1_31' title='bbox 525 471 666 513; x_wconf 87' lang='lat' dir='ltr'>forma</span> <span class='ocrx_word' id='word_1_32' title='bbox 705 471 907 524; x_wconf 89' lang='lat' dir='ltr'>quaedam</span> <span class='ocrx_word' id='word_1_33' title='bbox 945 470 1230 511; x_wconf 84' lang='lat' dir='ltr'>adumbretur</span> <span class='ocrx_word' id='word_1_34' title='bbox 1268 469 1492 510; x_wconf 87' lang='lat' dir='ltr'>sententiae</span> <span class='ocrx_word' id='word_1_35' title='bbox 1533 472 1574 510; x_wconf 90' lang='lat' dir='ltr'>et</span> <span class='ocrx_word' id='word_1_36' title='bbox 1607 482 1703 511; x_wconf 88' lang='lat' dir='ltr'>ora-</span> 
     </span>
     <span class='ocr_line' id='line_1_6' title="bbox 110 539 1705 595; baseline -0.004 -9"><span class='ocrx_word' id='word_1_37' title='bbox 110 544 252 595; x_wconf 82' lang='lat' dir='ltr'>tionis,</span> <span class='ocrx_word' id='word_1_38' title='bbox 302 543 370 585; x_wconf 83' lang='lat' dir='ltr'>cui</span> <span class='ocrx_word' id='word_1_39' title='bbox 412 542 468 593; x_wconf 89' lang='lat' dir='ltr'>id,</span> <span class='ocrx_word' id='word_1_40' title='bbox 517 542 634 595; x_wconf 89' lang='lat' dir='ltr'>quod</span> <span class='ocrx_word' id='word_1_41' title='bbox 673 541 892 594; x_wconf 87' lang='lat' dir='ltr'>quaeritur,</span> <span class='ocrx_word' id='word_1_42' title='bbox 941 541 1190 582; x_wconf 85' lang='lat' dir='ltr'>satisfacere</span> <span class='ocrx_word' id='word_1_43' title='bbox 1230 540 1389 581; x_wconf 89' lang='lat' dir='ltr'>debeat</span> <span class='ocrx_word' id='word_1_44' title='bbox 1428 542 1471 581; x_wconf 90' lang='lat' dir='ltr'>et</span> <span class='ocrx_word' id='word_1_45' title='bbox 1502 540 1630 581; x_wconf 90' lang='lat' dir='ltr'>simul</span> <span class='ocrx_word' id='word_1_46' title='bbox 1661 539 1705 580; x_wconf 91' lang='lat' dir='ltr'>in</span> 
     </span>
     <span class='ocr_line' id='line_1_7' title="bbox 111 612 1704 667; baseline -0.004 -10"><span class='ocrx_word' id='word_1_47' title='bbox 111 615 307 657; x_wconf 89' lang='lat' dir='ltr'>codicum</span> <span class='ocrx_word' id='word_1_48' title='bbox 340 614 564 667; x_wconf 85' lang='lat' dir='ltr'>scripturae</span> <span class='ocrx_word' id='word_1_49' title='bbox 595 612 775 665; x_wconf 86' lang='lat' dir='ltr'>vestigia</span> <span class='ocrx_word' id='word_1_50' title='bbox 806 612 1036 653; x_wconf 88' lang='lat' dir='ltr'>incurrere.</span> <span class='ocrx_word' id='word_1_51' title='bbox 1098 612 1249 664; x_wconf 89' lang='lat' dir='ltr'>Itaque</span> <span class='ocrx_word' id='word_1_52' title='bbox 1277 623 1392 663; x_wconf 84' lang='lat' dir='ltr'>saepe</span> <span class='ocrx_word' id='word_1_53' title='bbox 1424 624 1600 664; x_wconf 88' lang='lat' dir='ltr'>prorsus</span> <span class='ocrx_word' id='word_1_54' title='bbox 1633 623 1704 651; x_wconf 92' lang='lat' dir='ltr'>ac—</span> 
     </span>
     <span class='ocr_line' id='line_1_8' title="bbox 111 681 1704 734; baseline -0.003 -7"><span class='ocrx_word' id='word_1_55' title='bbox 111 685 278 727; x_wconf 84' lang='lat' dir='ltr'>ceditur</span> <span class='ocrx_word' id='word_1_56' title='bbox 309 684 367 726; x_wconf 92' lang='lat' dir='ltr'>ad</span> <span class='ocrx_word' id='word_1_57' title='bbox 389 684 799 726; x_wconf 80' lang='lat' dir='ltr'>mathematicorum</span> <span class='ocrx_word' id='word_1_58' title='bbox 822 682 1048 732; x_wconf 86' lang='lat' dir='ltr'>rationem,</span> <span class='ocrx_word' id='word_1_59' title='bbox 1083 695 1169 734; x_wconf 90' lang='lat' dir='ltr'>qua</span> <span class='ocrx_word' id='word_1_60' title='bbox 1193 695 1247 723; x_wconf 82' lang='lat' dir='ltr'>ex</span> <span class='ocrx_word' id='word_1_61' title='bbox 1274 681 1568 734; x_wconf 87' lang='lat' dir='ltr'>compluribus</span> <span class='ocrx_word' id='word_1_62' title='bbox 1592 682 1704 723; x_wconf 87' lang='lat' dir='ltr'>notis</span> 
     </span>
     <span class='ocr_line' id='line_1_9' title="bbox 71 752 1705 808; baseline -0.003 -11"><span class='ocrx_word' id='word_1_63' title='bbox 71 771 73 773; x_wconf 51' lang='lat'><strong><em>¹</em></strong></span> <span class='ocrx_word' id='word_1_64' title='bbox 110 769 246 797; x_wconf 90' lang='lat' dir='ltr'>unum</span> <span class='ocrx_word' id='word_1_65' title='bbox 277 755 471 808; x_wconf 88' lang='lat' dir='ltr'>ignotum</span> <span class='ocrx_word' id='word_1_66' title='bbox 504 752 565 807; x_wconf 80' lang='lat' dir='ltr'>(x)</span> <span class='ocrx_word' id='word_1_67' title='bbox 599 753 812 806; x_wconf 79' lang='lat' dir='ltr'>aequando</span> <span class='ocrx_word' id='word_1_68' title='bbox 844 754 1083 806; x_wconf 84' lang='lat' dir='ltr'>reperiunt;</span> <span class='ocrx_word' id='word_1_69' title='bbox 1116 752 1197 794; x_wconf 89' lang='lat' dir='ltr'>nisi</span> <span class='ocrx_word' id='word_1_70' title='bbox 1230 752 1345 805; x_wconf 90' lang='lat' dir='ltr'>quod</span> <span class='ocrx_word' id='word_1_71' title='bbox 1373 753 1417 793; x_wconf 90' lang='lat' dir='ltr'>in</span> <span class='ocrx_word' id='word_1_72' title='bbox 1441 752 1587 793; x_wconf 90' lang='lat' dir='ltr'>critica</span> <span class='ocrx_word' id='word_1_73' title='bbox 1613 754 1705 793; x_wconf 89' lang='lat' dir='ltr'>arte</span> 
     </span>
     <span class='ocr_line' id='line_1_10' title="bbox 109 823 1706 879; baseline -0.003 -11"><span class='ocrx_word' id='word_1_74' title='bbox 109 826 180 868; x_wconf 91' lang='lat' dir='ltr'>hic</span> <span class='ocrx_word' id='word_1_75' title='bbox 219 826 343 879; x_wconf 86' lang='lat' dir='ltr'>quasi</span> <span class='ocrx_word' id='word_1_76' title='bbox 381 825 511 875; x_wconf 89' lang='lat' dir='ltr'>orbis,</span> <span class='ocrx_word' id='word_1_77' title='bbox 561 825 632 877; x_wconf 92' lang='lat' dir='ltr'>qui</span> <span class='ocrx_word' id='word_1_78' title='bbox 672 825 771 865; x_wconf 91' lang='lat' dir='ltr'>ante</span> <span class='ocrx_word' id='word_1_79' title='bbox 813 824 1027 873; x_wconf 88' lang='lat' dir='ltr'>definitur,</span> <span class='ocrx_word' id='word_1_80' title='bbox 1077 836 1173 864; x_wconf 87' lang='lat' dir='ltr'>eam</span> <span class='ocrx_word' id='word_1_81' title='bbox 1212 823 1347 864; x_wconf 88' lang='lat' dir='ltr'>habet</span> <span class='ocrx_word' id='word_1_82' title='bbox 1384 823 1485 873; x_wconf 85' lang='lat' dir='ltr'>vim,</span> <span class='ocrx_word' id='word_1_83' title='bbox 1533 835 1620 863; x_wconf 88' lang='lat' dir='ltr'>non</span> <span class='ocrx_word' id='word_1_84' title='bbox 1658 825 1706 863; x_wconf 92' lang='lat' dir='ltr'>ut</span> 
     </span>
     <span class='ocr_line' id='line_1_11' title="bbox 110 892 1706 947; baseline -0.003 -9"><span class='ocrx_word' id='word_1_85' title='bbox 110 910 262 938; x_wconf 87' lang='lat' dir='ltr'>verum</span> <span class='ocrx_word' id='word_1_86' title='bbox 301 896 546 938; x_wconf 84' lang='lat' dir='ltr'>necessario</span> <span class='ocrx_word' id='word_1_87' title='bbox 584 896 841 945; x_wconf 85' lang='lat' dir='ltr'>inveniatur,</span> <span class='ocrx_word' id='word_1_88' title='bbox 889 894 966 935; x_wconf 87' lang='lat' dir='ltr'>sed</span> <span class='ocrx_word' id='word_1_89' title='bbox 1012 896 1060 935; x_wconf 92' lang='lat' dir='ltr'>ut</span> <span class='ocrx_word' id='word_1_90' title='bbox 1107 893 1162 942; x_wconf 89' lang='lat' dir='ltr'>id,</span> <span class='ocrx_word' id='word_1_91' title='bbox 1212 894 1327 946; x_wconf 89' lang='lat' dir='ltr'>quod</span> <span class='ocrx_word' id='word_1_92' title='bbox 1365 893 1522 947; x_wconf 89' lang='lat' dir='ltr'>ingenii</span> <span class='ocrx_word' id='word_1_93' title='bbox 1561 892 1623 934; x_wconf 74' lang='lat' dir='ltr'>vis</span> <span class='ocrx_word' id='word_1_94' title='bbox 1665 896 1706 934; x_wconf 91' lang='lat' dir='ltr'>et</span> 
     </span>
     <span class='ocr_line' id='line_1_12' title="bbox 113 963 1705 1020; baseline -0.003 -11"><span class='ocrx_word' id='word_1_95' title='bbox 113 966 319 1009; x_wconf 87' lang='lat' dir='ltr'>doctrinae</span> <span class='ocrx_word' id='word_1_96' title='bbox 353 968 476 1020; x_wconf 89' lang='lat' dir='ltr'>copia</span> <span class='ocrx_word' id='word_1_97' title='bbox 510 968 552 1008; x_wconf 92' lang='lat' dir='ltr'>et</span> <span class='ocrx_word' id='word_1_98' title='bbox 584 966 764 1008; x_wconf 81' lang='lat' dir='ltr'>felicitas</span> <span class='ocrx_word' id='word_1_99' title='bbox 797 965 999 1018; x_wconf 84' lang='lat' dir='ltr'>quaedam</span> <span class='ocrx_word' id='word_1_100' title='bbox 1031 964 1074 1005; x_wconf 90' lang='lat' dir='ltr'>in</span> <span class='ocrx_word' id='word_1_101' title='bbox 1107 965 1168 1005; x_wconf 90' lang='lat' dir='ltr'>rei</span> <span class='ocrx_word' id='word_1_102' title='bbox 1200 967 1275 1005; x_wconf 88' lang='lat' dir='ltr'>aut</span> <span class='ocrx_word' id='word_1_103' title='bbox 1306 964 1505 1005; x_wconf 79' lang='lat' dir='ltr'>vocabuli</span> <span class='ocrx_word' id='word_1_104' title='bbox 1530 963 1705 1005; x_wconf 87' lang='lat' dir='ltr'>latentis</span> 
     </span>
     <span class='ocr_line' id='line_1_13' title="bbox 110 1034 1705 1091; baseline -0.003 -11"><span class='ocrx_word' id='word_1_105' title='bbox 110 1038 415 1091; x_wconf 87' lang='lat' dir='ltr'>cogitationem</span> <span class='ocrx_word' id='word_1_106' title='bbox 463 1040 506 1079; x_wconf 94' lang='lat' dir='ltr'>et</span> <span class='ocrx_word' id='word_1_107' title='bbox 552 1037 806 1078; x_wconf 83' lang='lat' dir='ltr'>memoriam</span> <span class='ocrx_word' id='word_1_108' title='bbox 853 1049 931 1077; x_wconf 91' lang='lat' dir='ltr'>nos</span> <span class='ocrx_word' id='word_1_109' title='bbox 979 1035 1186 1076; x_wconf 87' lang='lat' dir='ltr'>inducens</span> <span class='ocrx_word' id='word_1_110' title='bbox 1234 1034 1458 1084; x_wconf 76' lang='lat' dir='ltr'>obiecerit,</span> <span class='ocrx_word' id='word_1_111' title='bbox 1508 1034 1616 1087; x_wconf 79' lang='lat' dir='ltr'>exigi</span> <span class='ocrx_word' id='word_1_112' title='bbox 1665 1036 1705 1075; x_wconf 90' lang='lat' dir='ltr'>et</span> 
     </span>
     <span class='ocr_line' id='line_1_14' title="bbox 111 1106 1705 1161; baseline -0.003 -11"><span class='ocrx_word' id='word_1_113' title='bbox 111 1108 291 1150; x_wconf 88' lang='lat' dir='ltr'>iudicari</span> <span class='ocrx_word' id='word_1_114' title='bbox 322 1109 472 1161; x_wconf 84' lang='lat' dir='ltr'>possit.</span> <span class='ocrx_word' id='word_1_115' title='bbox 535 1108 582 1148; x_wconf 91' lang='lat' dir='ltr'>In</span> <span class='ocrx_word' id='word_1_116' title='bbox 614 1108 709 1160; x_wconf 88' lang='lat' dir='ltr'>ipsa</span> <span class='ocrx_word' id='word_1_117' title='bbox 753 1109 899 1148; x_wconf 89' lang='lat' dir='ltr'>autem</span> <span class='ocrx_word' id='word_1_118' title='bbox 940 1106 1308 1147; x_wconf 86' lang='lat' dir='ltr'>demonstratione</span> <span class='ocrx_word' id='word_1_119' title='bbox 1350 1106 1393 1146; x_wconf 93' lang='lat' dir='ltr'>id</span> <span class='ocrx_word' id='word_1_120' title='bbox 1436 1107 1501 1146; x_wconf 88' lang='lat' dir='ltr'>est</span> <span class='ocrx_word' id='word_1_121' title='bbox 1542 1106 1705 1146; x_wconf 89' lang='lat' dir='ltr'>incom-</span> 
     </span>
     <span class='ocr_line' id='line_1_15' title="bbox 111 1175 1705 1232; baseline -0.003 -11"><span class='ocrx_word' id='word_1_122' title='bbox 111 1179 243 1229; x_wconf 86' lang='lat' dir='ltr'>modi,</span> <span class='ocrx_word' id='word_1_123' title='bbox 277 1179 393 1232; x_wconf 89' lang='lat' dir='ltr'>quod</span> <span class='ocrx_word' id='word_1_124' title='bbox 425 1180 684 1231; x_wconf 89' lang='lat' dir='ltr'>argumenta</span> <span class='ocrx_word' id='word_1_125' title='bbox 716 1177 853 1218; x_wconf 88' lang='lat' dir='ltr'>multa</span> <span class='ocrx_word' id='word_1_126' title='bbox 885 1177 1101 1218; x_wconf 87' lang='lat' dir='ltr'>ducuntur</span> <span class='ocrx_word' id='word_1_127' title='bbox 1134 1190 1185 1218; x_wconf 80' lang='lat' dir='ltr'>ex</span> <span class='ocrx_word' id='word_1_128' title='bbox 1217 1176 1346 1217; x_wconf 87' lang='lat' dir='ltr'>rebus</span> <span class='ocrx_word' id='word_1_129' title='bbox 1371 1175 1705 1228; x_wconf 86' lang='lat' dir='ltr'>notionibusque</span> 
     </span>
     <span class='ocr_line' id='line_1_16' title="bbox 111 1246 1706 1303; baseline -0.003 -12"><span class='ocrx_word' id='word_1_130' title='bbox 111 1249 270 1303; x_wconf 89' lang='lat' dir='ltr'>partim</span> <span class='ocrx_word' id='word_1_131' title='bbox 302 1249 406 1302; x_wconf 86' lang='lat' dir='ltr'>ipsis</span> <span class='ocrx_word' id='word_1_132' title='bbox 433 1250 575 1291; x_wconf 87' lang='lat' dir='ltr'>minus</span> <span class='ocrx_word' id='word_1_133' title='bbox 599 1249 826 1301; x_wconf 88' lang='lat' dir='ltr'>perspicue</span> <span class='ocrx_word' id='word_1_134' title='bbox 851 1247 1036 1288; x_wconf 87' lang='lat' dir='ltr'>definitis</span> <span class='ocrx_word' id='word_1_135' title='bbox 1063 1250 1104 1288; x_wconf 88' lang='lat' dir='ltr'>et</span> <span class='ocrx_word' id='word_1_136' title='bbox 1128 1247 1382 1296; x_wconf 86' lang='lat' dir='ltr'>terminatis,</span> <span class='ocrx_word' id='word_1_137' title='bbox 1416 1246 1574 1299; x_wconf 88' lang='lat' dir='ltr'>partim</span> <span class='ocrx_word' id='word_1_138' title='bbox 1599 1259 1706 1298; x_wconf 89' lang='lat' dir='ltr'>quas</span> 
     </span>
     <span class='ocr_line' id='line_1_17' title="bbox 111 1317 1706 1371; baseline -0.003 -10"><span class='ocrx_word' id='word_1_139' title='bbox 111 1319 236 1362; x_wconf 91' lang='lat' dir='ltr'>multi</span> <span class='ocrx_word' id='word_1_140' title='bbox 267 1333 355 1361; x_wconf 94' lang='lat' dir='ltr'>non</span> <span class='ocrx_word' id='word_1_141' title='bbox 387 1320 491 1361; x_wconf 88' lang='lat' dir='ltr'>satis</span> <span class='ocrx_word' id='word_1_142' title='bbox 523 1320 704 1360; x_wconf 88' lang='lat' dir='ltr'>firmiter</span> <span class='ocrx_word' id='word_1_143' title='bbox 737 1318 1070 1371; x_wconf 87' lang='lat' dir='ltr'>comprehensas</span> <span class='ocrx_word' id='word_1_144' title='bbox 1108 1320 1270 1367; x_wconf 90' lang='lat' dir='ltr'>tenent,</span> <span class='ocrx_word' id='word_1_145' title='bbox 1318 1319 1378 1367; x_wconf 90' lang='lat' dir='ltr'>ut,</span> <span class='ocrx_word' id='word_1_146' title='bbox 1428 1317 1530 1370; x_wconf 91' lang='lat' dir='ltr'>quid</span> <span class='ocrx_word' id='word_1_147' title='bbox 1561 1329 1706 1358; x_wconf 91' lang='lat' dir='ltr'>neces-</span> 
     </span>
     <span class='ocr_line' id='line_1_18' title="bbox 110 1386 1705 1444; baseline -0.004 -11"><span class='ocrx_word' id='word_1_148' title='bbox 110 1391 272 1433; x_wconf 86' lang='lat' dir='ltr'>sariam</span> <span class='ocrx_word' id='word_1_149' title='bbox 305 1391 484 1444; x_wconf 90' lang='lat' dir='ltr'>cogendi</span> <span class='ocrx_word' id='word_1_150' title='bbox 516 1390 600 1431; x_wconf 81' lang='lat' dir='ltr'>vim</span> <span class='ocrx_word' id='word_1_151' title='bbox 634 1389 809 1439; x_wconf 86' lang='lat' dir='ltr'>habeat,</span> <span class='ocrx_word' id='word_1_152' title='bbox 850 1389 953 1442; x_wconf 91' lang='lat' dir='ltr'>quid</span> <span class='ocrx_word' id='word_1_153' title='bbox 984 1401 1071 1430; x_wconf 92' lang='lat' dir='ltr'>non</span> <span class='ocrx_word' id='word_1_154' title='bbox 1101 1388 1276 1438; x_wconf 89' lang='lat' dir='ltr'>habeat,</span> <span class='ocrx_word' id='word_1_155' title='bbox 1317 1400 1471 1440; x_wconf 88' lang='lat' dir='ltr'>parum</span> <span class='ocrx_word' id='word_1_156' title='bbox 1505 1386 1705 1428; x_wconf 88' lang='lat' dir='ltr'>sentiant.</span> 
     </span>
     <span class='ocr_line' id='line_1_19' title="bbox 113 1458 1707 1511; baseline -0.003 -8"><span class='ocrx_word' id='word_1_157' title='bbox 113 1462 200 1503; x_wconf 87' lang='lat' dir='ltr'>Sed</span> <span class='ocrx_word' id='word_1_158' title='bbox 231 1464 379 1503; x_wconf 91' lang='lat' dir='ltr'>tamen</span> <span class='ocrx_word' id='word_1_159' title='bbox 411 1462 454 1502; x_wconf 91' lang='lat' dir='ltr'>in</span> <span class='ocrx_word' id='word_1_160' title='bbox 486 1460 701 1502; x_wconf 89' lang='lat' dir='ltr'>nonnullis</span> <span class='ocrx_word' id='word_1_161' title='bbox 734 1460 836 1501; x_wconf 91' lang='lat' dir='ltr'>locis</span> <span class='ocrx_word' id='word_1_162' title='bbox 869 1463 987 1501; x_wconf 82' lang='lat' dir='ltr'>recta</span> <span class='ocrx_word' id='word_1_163' title='bbox 1018 1460 1128 1500; x_wconf 88' lang='lat' dir='ltr'>ratio</span> <span class='ocrx_word' id='word_1_164' title='bbox 1162 1459 1271 1500; x_wconf 89' lang='lat' dir='ltr'>adeo</span> <span class='ocrx_word' id='word_1_165' title='bbox 1311 1458 1436 1511; x_wconf 86' lang='lat' dir='ltr'>plene</span> <span class='ocrx_word' id='word_1_166' title='bbox 1477 1458 1633 1510; x_wconf 78' lang='lat' dir='ltr'>exponi</span> <span class='ocrx_word' id='word_1_167' title='bbox 1666 1459 1707 1498; x_wconf 91' lang='lat' dir='ltr'>et</span> 
     </span>
     <span class='ocr_line' id='line_1_20' title="bbox 111 1528 1707 1583; baseline -0.003 -9"><span class='ocrx_word' id='word_1_168' title='bbox 111 1535 201 1574; x_wconf 90' lang='lat' dir='ltr'>tam</span> <span class='ocrx_word' id='word_1_169' title='bbox 234 1531 465 1573; x_wconf 86' lang='lat' dir='ltr'>manifesto</span> <span class='ocrx_word' id='word_1_170' title='bbox 498 1531 785 1572; x_wconf 90' lang='lat' dir='ltr'>demonstrari</span> <span class='ocrx_word' id='word_1_171' title='bbox 817 1533 972 1583; x_wconf 87' lang='lat' dir='ltr'>potest,</span> <span class='ocrx_word' id='word_1_172' title='bbox 1014 1532 1062 1571; x_wconf 88' lang='lat' dir='ltr'>ut</span> <span class='ocrx_word' id='word_1_173' title='bbox 1093 1529 1216 1582; x_wconf 89' lang='lat' dir='ltr'>quasi</span> <span class='ocrx_word' id='word_1_174' title='bbox 1249 1529 1450 1582; x_wconf 76' lang='lat' dir='ltr'>quaedam</span> <span class='ocrx_word' id='word_1_175' title='bbox 1483 1528 1707 1581; x_wconf 87' lang='lat' dir='ltr'>disciplina</span> 
     </span>
     <span class='ocr_line' id='line_1_21' title="bbox 112 1600 1706 1655; baseline -0.003 -11"><span class='ocrx_word' id='word_1_176' title='bbox 112 1602 176 1653; x_wconf 88' lang='lat' dir='ltr'>iis,</span> <span class='ocrx_word' id='word_1_177' title='bbox 218 1603 290 1655; x_wconf 89' lang='lat' dir='ltr'>qui</span> <span class='ocrx_word' id='word_1_178' title='bbox 321 1604 416 1643; x_wconf 87' lang='lat' dir='ltr'>haec</span> <span class='ocrx_word' id='word_1_179' title='bbox 447 1602 689 1654; x_wconf 72' lang='lat' dir='ltr'>intelligere·</span> <span class='ocrx_word' id='word_1_180' title='bbox 717 1600 907 1654; x_wconf 90' lang='lat' dir='ltr'>cupiunt,</span> <span class='ocrx_word' id='word_1_181' title='bbox 951 1601 1248 1642; x_wconf 87' lang='lat' dir='ltr'>constituatur.</span> <span class='ocrx_word' id='word_1_182' title='bbox 1312 1600 1533 1641; x_wconf 89' lang='lat' dir='ltr'>Eiusmodi</span> <span class='ocrx_word' id='word_1_183' title='bbox 1564 1600 1706 1641; x_wconf 91' lang='lat' dir='ltr'>locum</span> 
     </span>
     <span class='ocr_line' id='line_1_22' title="bbox 113 1670 1706 1724; baseline -0.002 -10"><span class='ocrx_word' id='word_1_184' title='bbox 113 1686 249 1714; x_wconf 90' lang='lat' dir='ltr'>unum</span> <span class='ocrx_word' id='word_1_185' title='bbox 283 1675 326 1714; x_wconf 93' lang='lat' dir='ltr'>et</span> <span class='ocrx_word' id='word_1_186' title='bbox 357 1673 540 1714; x_wconf 88' lang='lat' dir='ltr'>alterum</span> <span class='ocrx_word' id='word_1_187' title='bbox 575 1672 692 1714; x_wconf 90' lang='lat' dir='ltr'>soleo</span> <span class='ocrx_word' id='word_1_188' title='bbox 726 1672 767 1712; x_wconf 92' lang='lat' dir='ltr'>in</span> <span class='ocrx_word' id='word_1_189' title='bbox 800 1671 956 1712; x_wconf 91' lang='lat' dir='ltr'>scholis</span> <span class='ocrx_word' id='word_1_190' title='bbox 988 1673 1189 1721; x_wconf 90' lang='lat' dir='ltr'>tractare,</span> <span class='ocrx_word' id='word_1_191' title='bbox 1232 1684 1366 1724; x_wconf 91' lang='lat' dir='ltr'>quum</span> <span class='ocrx_word' id='word_1_192' title='bbox 1400 1671 1456 1712; x_wconf 92' lang='lat' dir='ltr'>ad</span> <span class='ocrx_word' id='word_1_193' title='bbox 1488 1671 1592 1712; x_wconf 87' lang='lat' dir='ltr'>artis</span> <span class='ocrx_word' id='word_1_194' title='bbox 1626 1670 1706 1711; x_wconf 89' lang='lat' dir='ltr'>cri-</span> 
     </span>
     <span class='ocr_line' id='line_1_23' title="bbox 111 1740 1705 1797; baseline -0.003 -11"><span class='ocrx_word' id='word_1_195' title='bbox 111 1745 209 1786; x_wconf 85' lang='lat' dir='ltr'>ticae</span> <span class='ocrx_word' id='word_1_196' title='bbox 240 1749 461 1797; x_wconf 85' lang='lat' dir='ltr'>praecepta</span> <span class='ocrx_word' id='word_1_197' title='bbox 494 1743 750 1796; x_wconf 82' lang='lat' dir='ltr'>explicanda</span> <span class='ocrx_word' id='word_1_198' title='bbox 782 1742 892 1792; x_wconf 84' lang='lat' dir='ltr'>veni,</span> <span class='ocrx_word' id='word_1_199' title='bbox 927 1744 970 1783; x_wconf 92' lang='lat' dir='ltr'>et</span> <span class='ocrx_word' id='word_1_200' title='bbox 1001 1742 1130 1783; x_wconf 90' lang='lat' dir='ltr'>modo</span> <span class='ocrx_word' id='word_1_201' title='bbox 1162 1742 1253 1794; x_wconf 88' lang='lat' dir='ltr'>ipse</span> <span class='ocrx_word' id='word_1_202' title='bbox 1287 1742 1433 1782; x_wconf 87' lang='lat' dir='ltr'>statim</span> <span class='ocrx_word' id='word_1_203' title='bbox 1460 1740 1705 1790; x_wconf 88' lang='lat' dir='ltr'>emendare,</span> 
     </span>
     <span class='ocr_line' id='line_1_24' title="bbox 113 1812 1705 1866; baseline -0.003 -9"><span class='ocrx_word' id='word_1_204' title='bbox 113 1816 263 1866; x_wconf 91' lang='lat' dir='ltr'>modo,</span> <span class='ocrx_word' id='word_1_205' title='bbox 320 1815 478 1856; x_wconf 92' lang='lat' dir='ltr'>mendo</span> <span class='ocrx_word' id='word_1_206' title='bbox 533 1814 727 1855; x_wconf 83' lang='lat' dir='ltr'>convicto</span> <span class='ocrx_word' id='word_1_207' title='bbox 782 1812 1182 1865; x_wconf 90' lang='lat' dir='ltr'>emendationisque</span> <span class='ocrx_word' id='word_1_208' title='bbox 1236 1812 1377 1854; x_wconf 87' lang='lat' dir='ltr'>forma</span> <span class='ocrx_word' id='word_1_209' title='bbox 1430 1812 1705 1861; x_wconf 83' lang='lat' dir='ltr'>adumbrata,</span> 
     </span>
     <span class='ocr_line' id='line_1_25' title="bbox 112 1881 1707 1940; baseline -0.004 -12"><span class='ocrx_word' id='word_1_210' title='bbox 112 1887 254 1940; x_wconf 89' lang='lat' dir='ltr'>ipsam</span> <span class='ocrx_word' id='word_1_211' title='bbox 295 1885 643 1927; x_wconf 89' lang='lat' dir='ltr'>emendationem</span> <span class='ocrx_word' id='word_1_212' title='bbox 687 1883 992 1924; x_wconf 76' lang='lat' dir='ltr'>inveniendam</span> <span class='ocrx_word' id='word_1_213' title='bbox 1031 1883 1274 1936; x_wconf 87' lang='lat' dir='ltr'>relinquere</span> <span class='ocrx_word' id='word_1_214' title='bbox 1313 1882 1597 1924; x_wconf 87' lang='lat' dir='ltr'>auditoribus.</span> <span class='ocrx_word' id='word_1_215' title='bbox 1660 1881 1707 1922; x_wconf 85' lang='lat' dir='ltr'>ln</span> 
     </span>
     <span class='ocr_line' id='line_1_26' title="bbox 114 1952 1707 2010; baseline -0.004 -11"><span class='ocrx_word' id='word_1_216' title='bbox 114 1970 165 1999; x_wconf 90' lang='lat' dir='ltr'>eo</span> <span class='ocrx_word' id='word_1_217' title='bbox 207 1969 364 2010; x_wconf 84' lang='lat' dir='ltr'>genere</span> <span class='ocrx_word' id='word_1_218' title='bbox 406 1969 508 1997; x_wconf 89' lang='lat' dir='ltr'>usus</span> <span class='ocrx_word' id='word_1_219' title='bbox 552 1968 648 1996; x_wconf 86' lang='lat' dir='ltr'>sum</span> <span class='ocrx_word' id='word_1_220' title='bbox 691 1955 820 1996; x_wconf 90' lang='lat' dir='ltr'>etiam</span> <span class='ocrx_word' id='word_1_221' title='bbox 863 1955 944 1995; x_wconf 97' lang='grc'>1100</span> <span class='ocrx_word' id='word_1_222' title='bbox 976 1954 1227 2004; x_wconf 87' lang='lat' dir='ltr'>Quintiliani</span> <span class='ocrx_word' id='word_1_223' title='bbox 1269 1954 1362 1995; x_wconf 92' lang='lat' dir='ltr'>loco</span> <span class='ocrx_word' id='word_1_224' title='bbox 1402 1957 1443 1994; x_wconf 91' lang='lat' dir='ltr'>et</span> <span class='ocrx_word' id='word_1_225' title='bbox 1482 1952 1535 1993; x_wconf 89' lang='lat' dir='ltr'>de</span> <span class='ocrx_word' id='word_1_226' title='bbox 1569 1965 1619 1993; x_wconf 92' lang='lat' dir='ltr'>eo</span> <span class='ocrx_word' id='word_1_227' title='bbox 1651 1952 1707 1993; x_wconf 91' lang='lat' dir='ltr'>ad</span> 
     </span>
     <span class='ocr_line' id='line_1_27' title="bbox 113 2022 1705 2078; baseline -0.004 -9"><span class='ocrx_word' id='word_1_228' title='bbox 113 2028 227 2069; x_wconf 91' lang='lat' dir='ltr'>hanc</span> <span class='ocrx_word' id='word_1_229' title='bbox 258 2027 347 2068; x_wconf 87' lang='lat' dir='ltr'>fere</span> <span class='ocrx_word' id='word_1_230' title='bbox 379 2026 592 2068; x_wconf 91' lang='lat' dir='ltr'>rationem</span> <span class='ocrx_word' id='word_1_231' title='bbox 625 2025 861 2078; x_wconf 80' lang='lat' dir='ltr'>disputavi:</span> <span class='ocrx_word' id='word_1_232' title='bbox 894 2024 1063 2065; x_wconf 90' lang='lat' dir='ltr'>Horum</span> <span class='ocrx_word' id='word_1_233' title='bbox 1095 2025 1348 2066; x_wconf 77' lang='lat' dir='ltr'>verborum:</span> <span class='ocrx_word' id='word_1_234' title='bbox 1389 2023 1481 2064; x_wconf 72' lang='lat' dir='ltr'>Alii</span> <span class='ocrx_word' id='word_1_235' title='bbox 1511 2022 1620 2064; x_wconf 76' lang='lat' dir='ltr'>m‘hz&#39;l</span> <span class='ocrx_word' id='word_1_236' title='bbox 1653 2046 1705 2051; x_wconf 86' lang='lat'>-</span> 
     </span>
     <span class='ocr_line' id='line_1_28' title="bbox 105 2095 1706 2153; baseline -0.003 -14"><span class='ocrx_word' id='word_1_237' title='bbox 105 2102 263 2153; x_wconf 73' lang='lat' dir='ltr'>putant</span> <span class='ocrx_word' id='word_1_238' title='bbox 300 2111 440 2151; x_wconf 90' lang='lat' dir='ltr'>neque</span> <span class='ocrx_word' id='word_1_239' title='bbox 480 2099 697 2139; x_wconf 85' lang='lat' dir='ltr'>structura</span> <span class='ocrx_word' id='word_1_240' title='bbox 729 2095 1008 2149; x_wconf 87' lang='lat' dir='ltr'>grammatice</span> <span class='ocrx_word' id='word_1_241' title='bbox 1041 2095 1232 2148; x_wconf 80' lang='lat' dir='ltr'>expediri</span> <span class='ocrx_word' id='word_1_242' title='bbox 1263 2096 1406 2147; x_wconf 88' lang='lat' dir='ltr'>potest</span> <span class='ocrx_word' id='word_1_243' title='bbox 1436 2106 1577 2146; x_wconf 88' lang='lat' dir='ltr'>neque</span> <span class='ocrx_word' id='word_1_244' title='bbox 1609 2106 1706 2134; x_wconf 88' lang='lat' dir='ltr'>sen-</span> 
     </span>
     <span class='ocr_line' id='line_1_29' title="bbox 113 2163 1708 2217; baseline -0.004 -7"><span class='ocrx_word' id='word_1_245' title='bbox 113 2169 249 2210; x_wconf 89' lang='lat' dir='ltr'>tentia</span> <span class='ocrx_word' id='word_1_246' title='bbox 282 2169 370 2210; x_wconf 88' lang='lat' dir='ltr'>ulla</span> <span class='ocrx_word' id='word_1_247' title='bbox 402 2182 455 2209; x_wconf 81' lang='lat' dir='ltr'>ex</span> <span class='ocrx_word' id='word_1_248' title='bbox 487 2169 536 2209; x_wconf 88' lang='lat' dir='ltr'>iis</span> <span class='ocrx_word' id='word_1_249' title='bbox 570 2167 693 2215; x_wconf 83' lang='lat' dir='ltr'>effici,</span> <span class='ocrx_word' id='word_1_250' title='bbox 735 2168 822 2215; x_wconf 88' lang='lat' dir='ltr'>aut,</span> <span class='ocrx_word' id='word_1_251' title='bbox 871 2166 906 2207; x_wconf 92' lang='lat' dir='ltr'>si</span> <span class='ocrx_word' id='word_1_252' title='bbox 939 2179 1070 2217; x_wconf 90' lang='lat' dir='ltr'>quam</span> <span class='ocrx_word' id='word_1_253' title='bbox 1102 2165 1313 2205; x_wconf 86' lang='lat' dir='ltr'>subiicere</span> <span class='ocrx_word' id='word_1_254' title='bbox 1346 2163 1525 2213; x_wconf 87' lang='lat' dir='ltr'>coneris,</span> <span class='ocrx_word' id='word_1_255' title='bbox 1573 2176 1708 2216; x_wconf 81' lang='lat' dir='ltr'>prava</span> 
     </span>
     <span class='ocr_line' id='line_1_30' title="bbox 114 2234 1707 2293; baseline -0.004 -12"><span class='ocrx_word' id='word_1_256' title='bbox 114 2239 340 2293; x_wconf 88' lang='lat' dir='ltr'>reperitur.</span> <span class='ocrx_word' id='word_1_257' title='bbox 396 2239 507 2280; x_wconf 91' lang='lat' dir='ltr'>Nam</span> <span class='ocrx_word' id='word_1_258' title='bbox 539 2250 680 2291; x_wconf 89' lang='lat' dir='ltr'>neque</span> <span class='ocrx_word' id='word_1_259' title='bbox 711 2236 819 2277; x_wconf 67' lang='lat' dir='ltr'>nihil</span> <span class='ocrx_word' id='word_1_260' title='bbox 850 2237 984 2277; x_wconf 62' lang='lat' dir='ltr'>vitare</span> <span class='ocrx_word' id='word_1_261' title='bbox 1007 2241 1110 2289; x_wconf 73' lang='lat' dir='ltr'>puto</span> <span class='ocrx_word' id='word_1_262' title='bbox 1142 2236 1274 2277; x_wconf 91' lang='lat' dir='ltr'>ullam</span> <span class='ocrx_word' id='word_1_263' title='bbox 1306 2235 1441 2276; x_wconf 87' lang='lat' dir='ltr'>habet</span> <span class='ocrx_word' id='word_1_264' title='bbox 1471 2234 1707 2287; x_wconf 87' lang='lat' dir='ltr'>legitimam</span> 
     </span>
     <span class='ocr_line' id='line_1_31' title="bbox 114 2304 1707 2362; baseline -0.005 -10"><span class='ocrx_word' id='word_1_265' title='bbox 114 2310 329 2352; x_wconf 90' lang='lat' dir='ltr'>rationem</span> <span class='ocrx_word' id='word_1_266' title='bbox 362 2322 503 2362; x_wconf 88' lang='lat' dir='ltr'>neque</span> <span class='ocrx_word' id='word_1_267' title='bbox 535 2322 577 2350; x_wconf 78' lang='lat' dir='ltr'>se</span> <span class='ocrx_word' id='word_1_268' title='bbox 609 2312 710 2349; x_wconf 86' lang='lat' dir='ltr'>ante</span> <span class='ocrx_word' id='word_1_269' title='bbox 741 2308 875 2348; x_wconf 66' lang='lat' dir='ltr'>vitm-e</span> <span class='ocrx_word' id='word_1_270' title='bbox 907 2306 1044 2347; x_wconf 90' lang='lat' dir='ltr'>audiri</span> <span class='ocrx_word' id='word_1_271' title='bbox 1078 2308 1221 2359; x_wconf 89' lang='lat' dir='ltr'>potest</span> <span class='ocrx_word' id='word_1_272' title='bbox 1252 2305 1367 2358; x_wconf 91' lang='lat' dir='ltr'>apud</span> <span class='ocrx_word' id='word_1_273' title='bbox 1392 2304 1580 2358; x_wconf 69' lang='lat' dir='ltr'>putandi</span> <span class='ocrx_word' id='word_1_274' title='bbox 1611 2317 1707 2345; x_wconf 78' lang='lat' dir='ltr'>ver-</span> 
     </span>
     <span class='ocr_line' id='line_1_32' title="bbox 114 2375 1709 2432; baseline -0.004 -10"><span class='ocrx_word' id='word_1_275' title='bbox 114 2381 235 2431; x_wconf 92' lang='lat' dir='ltr'>bum,</span> <span class='ocrx_word' id='word_1_276' title='bbox 282 2381 327 2422; x_wconf 90' lang='lat' dir='ltr'>in</span> <span class='ocrx_word' id='word_1_277' title='bbox 364 2381 445 2422; x_wconf 93' lang='lat' dir='ltr'>hoc</span> <span class='ocrx_word' id='word_1_278' title='bbox 484 2378 724 2432; x_wconf 85' lang='lat' dir='ltr'>praesertim</span> <span class='ocrx_word' id='word_1_279' title='bbox 758 2377 906 2418; x_wconf 89' lang='lat' dir='ltr'>ordine</span> <span class='ocrx_word' id='word_1_280' title='bbox 940 2379 983 2418; x_wconf 93' lang='lat' dir='ltr'>et</span> <span class='ocrx_word' id='word_1_281' title='bbox 1013 2377 1169 2429; x_wconf 89' lang='lat' dir='ltr'>positu.</span> <span class='ocrx_word' id='word_1_282' title='bbox 1233 2376 1347 2417; x_wconf 89' lang='lat' dir='ltr'>Tum</span> <span class='ocrx_word' id='word_1_283' title='bbox 1380 2375 1484 2428; x_wconf 89' lang='lat' dir='ltr'>quid</span> <span class='ocrx_word' id='word_1_284' title='bbox 1515 2375 1570 2416; x_wconf 90' lang='lat' dir='ltr'>sit</span> <span class='ocrx_word' id='word_1_285' title='bbox 1602 2375 1709 2415; x_wconf 72' lang='lat' dir='ltr'>nihil</span> 
     </span>
     <span class='ocr_line' id='line_1_33' title="bbox 114 2446 1707 2504; baseline -0.004 -12"><span class='ocrx_word' id='word_1_286' title='bbox 114 2453 249 2492; x_wconf 73' lang='lat' dir='ltr'>vitare</span> <span class='ocrx_word' id='word_1_287' title='bbox 281 2464 343 2504; x_wconf 75' lang='lat' dir='ltr'>ea,</span> <span class='ocrx_word' id='word_1_288' title='bbox 377 2465 467 2504; x_wconf 75' lang='lat' dir='ltr'>quae</span> <span class='ocrx_word' id='word_1_289' title='bbox 498 2451 545 2490; x_wconf 72' lang='lat' dir='ltr'>in</span> <span class='ocrx_word' id='word_1_290' title='bbox 577 2450 711 2490; x_wconf 76' lang='lat' dir='ltr'>oculos</span> <span class='ocrx_word' id='word_1_291' title='bbox 742 2450 978 2498; x_wconf 72' lang='lat' dir='ltr'>inem-runt,</span> <span class='ocrx_word' id='word_1_292' title='bbox 1013 2446 1279 2502; x_wconf 64' lang='lat' dir='ltr'>exquirendo,</span> <span class='ocrx_word' id='word_1_293' title='bbox 1312 2459 1490 2498; x_wconf 85' lang='lat' dir='ltr'>prorsus</span> <span class='ocrx_word' id='word_1_294' title='bbox 1523 2458 1610 2487; x_wconf 91' lang='lat' dir='ltr'>non</span> <span class='ocrx_word' id='word_1_295' title='bbox 1641 2446 1707 2486; x_wconf 88' lang='lat' dir='ltr'>in-</span> 
     </span>
     <span class='ocr_line' id='line_1_34' title="bbox 114 2516 1707 2575; baseline -0.006 -11"><span class='ocrx_word' id='word_1_296' title='bbox 114 2522 336 2575; x_wconf 81' lang='lat' dir='ltr'>telligitur3</span> <span class='ocrx_word' id='word_1_297' title='bbox 385 2535 482 2562; x_wconf 92' lang='lat' dir='ltr'>cum</span> <span class='ocrx_word' id='word_1_298' title='bbox 530 2520 662 2562; x_wconf 80' lang='lat' dir='ltr'>verbo</span> <span class='ocrx_word' id='word_1_299' title='bbox 703 2524 858 2573; x_wconf 74' lang='lat' dir='ltr'>putant</span> <span class='ocrx_word' id='word_1_300' title='bbox 896 2518 1094 2570; x_wconf 90' lang='lat' dir='ltr'>coniungi</span> <span class='ocrx_word' id='word_1_301' title='bbox 1133 2516 1385 2571; x_wconf 65' lang='lat' dir='ltr'>exquirendo</span> <span class='ocrx_word' id='word_1_302' title='bbox 1422 2516 1540 2557; x_wconf 90' lang='lat' dir='ltr'>nullo</span> <span class='ocrx_word' id='word_1_303' title='bbox 1579 2516 1707 2557; x_wconf 92' lang='lat' dir='ltr'>modo</span> 
     </span>
     <span class='ocr_line' id='line_1_35' title="bbox 115 2587 1706 2646; baseline -0.005 -12"><span class='ocrx_word' id='word_1_304' title='bbox 115 2595 278 2646; x_wconf 80' lang='lat' dir='ltr'>potest3</span> <span class='ocrx_word' id='word_1_305' title='bbox 319 2592 507 2644; x_wconf 90' lang='lat' dir='ltr'>alioquin</span> <span class='ocrx_word' id='word_1_306' title='bbox 545 2592 589 2632; x_wconf 90' lang='lat' dir='ltr'>in</span> <span class='ocrx_word' id='word_1_307' title='bbox 622 2603 673 2632; x_wconf 91' lang='lat' dir='ltr'>ea</span> <span class='ocrx_word' id='word_1_308' title='bbox 706 2589 1002 2631; x_wconf 90' lang='lat' dir='ltr'>coniunctione</span> <span class='ocrx_word' id='word_1_309' title='bbox 1035 2601 1120 2629; x_wconf 93' lang='lat' dir='ltr'>non</span> <span class='ocrx_word' id='word_1_310' title='bbox 1153 2587 1303 2628; x_wconf 91' lang='lat' dir='ltr'>melior</span> <span class='ocrx_word' id='word_1_311' title='bbox 1335 2587 1549 2627; x_wconf 87' lang='lat' dir='ltr'>sententia</span> <span class='ocrx_word' id='word_1_312' title='bbox 1581 2588 1706 2626; x_wconf 90' lang='lat' dir='ltr'>esset.</span> 
     </span>
     <span class='ocr_line' id='line_1_36' title="bbox 115 2658 1706 2715; baseline -0.006 -10"><span class='ocrx_word' id='word_1_313' title='bbox 115 2664 341 2705; x_wconf 87' lang='lat' dir='ltr'>Postremo</span> <span class='ocrx_word' id='word_1_314' title='bbox 374 2676 471 2715; x_wconf 84' lang='lat' dir='ltr'>quae</span> <span class='ocrx_word' id='word_1_315' title='bbox 513 2662 606 2702; x_wconf 88' lang='lat' dir='ltr'>haec</span> <span class='ocrx_word' id='word_1_316' title='bbox 648 2661 703 2701; x_wconf 88' lang='lat' dir='ltr'>sit</span> <span class='ocrx_word' id='word_1_317' title='bbox 734 2661 884 2702; x_wconf 75' lang='lat' dir='ltr'>vitatio</span> <span class='ocrx_word' id='word_1_318' title='bbox 917 2662 960 2701; x_wconf 92' lang='lat' dir='ltr'>et</span> <span class='ocrx_word' id='word_1_319' title='bbox 992 2658 1208 2712; x_wconf 89' lang='lat' dir='ltr'>quomodo</span> <span class='ocrx_word' id='word_1_320' title='bbox 1241 2658 1468 2698; x_wconf 85' lang='lat' dir='ltr'>coniuncta</span> <span class='ocrx_word' id='word_1_321' title='bbox 1502 2669 1600 2698; x_wconf 89' lang='lat' dir='ltr'>cum</span> <span class='ocrx_word' id='word_1_322' title='bbox 1633 2669 1706 2697; x_wconf 77' lang='lat' dir='ltr'>ex-</span> 
     </span>
     <span class='ocr_line' id='line_1_37' title="bbox 117 2727 1708 2787; baseline -0.006 -11"><span class='ocrx_word' id='word_1_323' title='bbox 117 2734 346 2787; x_wconf 86' lang='lat' dir='ltr'>quisitione</span> <span class='ocrx_word' id='word_1_324' title='bbox 379 2746 541 2782; x_wconf 87' lang='lat' dir='ltr'>eorum,</span> <span class='ocrx_word' id='word_1_325' title='bbox 592 2744 688 2784; x_wconf 85' lang='lat' dir='ltr'>quae</span> <span class='ocrx_word' id='word_1_326' title='bbox 721 2731 764 2771; x_wconf 90' lang='lat' dir='ltr'>in</span> <span class='ocrx_word' id='word_1_327' title='bbox 796 2731 940 2772; x_wconf 89' lang='lat' dir='ltr'>oculos</span> <span class='ocrx_word' id='word_1_328' title='bbox 973 2729 1207 2778; x_wconf 87' lang='lat' dir='ltr'>incurrant,</span> <span class='ocrx_word' id='word_1_329' title='bbox 1251 2740 1379 2768; x_wconf 90' lang='lat' dir='ltr'>nemo</span> <span class='ocrx_word' id='word_1_330' title='bbox 1412 2727 1578 2776; x_wconf 83' lang='lat' dir='ltr'>dixerit,</span> <span class='ocrx_word' id='word_1_331' title='bbox 1628 2738 1708 2766; x_wconf 90' lang='lat' dir='ltr'>nec</span> 
     </span>
     <span class='ocr_line' id='line_1_38' title="bbox 118 2797 1708 2857; baseline -0.006 -11"><span class='ocrx_word' id='word_1_332' title='bbox 118 2804 246 2857; x_wconf 88' lang='lat' dir='ltr'>quale</span> <span class='ocrx_word' id='word_1_333' title='bbox 284 2805 366 2846; x_wconf 92' lang='grc'>1100</span> <span class='ocrx_word' id='word_1_334' title='bbox 398 2804 453 2845; x_wconf 90' lang='lat' dir='ltr'>sit</span> <span class='ocrx_word' id='word_1_335' title='bbox 484 2802 740 2855; x_wconf 86' lang='lat' dir='ltr'>eloquentiae</span> <span class='ocrx_word' id='word_1_336' title='bbox 783 2801 1075 2842; x_wconf 86' lang='lat' dir='ltr'>studiosorum</span> <span class='ocrx_word' id='word_1_337' title='bbox 1107 2811 1254 2852; x_wconf 88' lang='lat' dir='ltr'>genus,</span> <span class='ocrx_word' id='word_1_338' title='bbox 1303 2797 1376 2850; x_wconf 91' lang='lat' dir='ltr'>qui</span> <span class='ocrx_word' id='word_1_339' title='bbox 1422 2797 1530 2837; x_wconf 71' lang='lat' dir='ltr'>nihil</span> <span class='ocrx_word' id='word_1_340' title='bbox 1575 2797 1708 2837; x_wconf 75' lang='lat' dir='ltr'>vitare</span> 
     </span>
     <span class='ocr_line' id='line_1_39' title="bbox 117 2866 1709 2929; baseline -0.006 -13"><span class='ocrx_word' id='word_1_341' title='bbox 117 2874 212 2929; x_wconf 87' lang='lat' dir='ltr'>(aut</span> <span class='ocrx_word' id='word_1_342' title='bbox 242 2888 283 2916; x_wconf 84' lang='lat' dir='ltr'>se</span> <span class='ocrx_word' id='word_1_343' title='bbox 314 2874 464 2927; x_wconf 78' lang='lat' dir='ltr'>vitare)</span> <span class='ocrx_word' id='word_1_344' title='bbox 489 2878 657 2928; x_wconf 74' lang='lat' dir='ltr'>putant,</span> <span class='ocrx_word' id='word_1_345' title='bbox 691 2874 733 2913; x_wconf 90' lang='lat' dir='ltr'>et</span> <span class='ocrx_word' id='word_1_346' title='bbox 765 2871 981 2925; x_wconf 89' lang='lat' dir='ltr'>quomodo</span> <span class='ocrx_word' id='word_1_347' title='bbox 1014 2871 1070 2911; x_wconf 85' lang='lat' dir='ltr'>ab</span> <span class='ocrx_word' id='word_1_348' title='bbox 1102 2869 1165 2919; x_wconf 89' lang='lat' dir='ltr'>iis,</span> <span class='ocrx_word' id='word_1_349' title='bbox 1200 2869 1271 2922; x_wconf 91' lang='lat' dir='ltr'>qui</span> <span class='ocrx_word' id='word_1_350' title='bbox 1296 2868 1471 2908; x_wconf 71' lang='lat' dir='ltr'>contente?</span> <span class='ocrx_word' id='word_1_351' title='bbox 1493 2871 1588 2907; x_wconf 73' lang='lat' dir='ltr'>sunt</span> <span class='ocrx_word' id='word_1_352' title='bbox 1611 2866 1709 2907; x_wconf 76' lang='lat' dir='ltr'>locis</span> 
     </span>
     <span class='ocr_line' id='line_1_40' title="bbox 114 2936 1707 2999; baseline -0.007 -12"><span class='ocrx_word' id='word_1_353' title='bbox 114 2946 309 2999; x_wconf 76' lang='lat' dir='ltr'>speciosis</span> <span class='ocrx_word' id='word_1_354' title='bbox 346 2945 478 2994; x_wconf 78' lang='lat' dir='ltr'>modo,</span> <span class='ocrx_word' id='word_1_355' title='bbox 520 2944 782 2996; x_wconf 86' lang='lat' dir='ltr'>seiungatur.</span> <span class='ocrx_word' id='word_1_356' title='bbox 847 2941 1032 2982; x_wconf 90' lang='lat' dir='ltr'>Omnino</span> <span class='ocrx_word' id='word_1_357' title='bbox 1072 2940 1176 2981; x_wconf 88' lang='lat' dir='ltr'>nihil</span> <span class='ocrx_word' id='word_1_358' title='bbox 1207 2940 1275 2981; x_wconf 91' lang='lat' dir='ltr'>hic</span> <span class='ocrx_word' id='word_1_359' title='bbox 1313 2938 1393 2979; x_wconf 90' lang='lat' dir='ltr'>nisi</span> <span class='ocrx_word' id='word_1_360' title='bbox 1432 2936 1707 2978; x_wconf 88' lang='lat' dir='ltr'>inanissimus</span> 
     </span>
    </p>
   </div>
  </div>
 </body>
</html>
