1915 3235
841 132 896 173 15

250 260 498 314 Ingeniique
529 260 595 301 sui
627 260 765 302 dictus
797 260 1049 314 cognomine
1083 261 1260 313 Largus,

252 331 414 373 Gallica
445 331 517 383 qui
547 331 781 384 Phrygium
815 331 935 372 duxit
965 331 1009 372 in
1042 342 1146 372 arva
1178 343 1340 380 senem,

74 415 181 454 quos
212 401 520 454 interpretatus
552 401 762 454 Apuleius
796 401 950 442 eadem
982 401 1141 454 pagina
1173 400 1196 452 ἓ
1224 401 1276 442 18
1309 401 1412 442 citat
1444 401 1659 442 Valerium

74 472 265 527 Laryum
296 473 342 512 in
372 472 599 513 Antenoris
620 471 869 521 *erroribuae
917 472 1069 512 eodem
1111 472 1255 522 modo,
1296 485 1403 524 quos
1442 473 1660 524 proximos

72 543 215 595 posuit
247 542 424 584 Ovidius
457 556 495 583 v,
531 543 598 591 19,
631 543 702 592 2Ο,
742 542 968 583 Camerino
1001 547 1042 583 et
1076 542 1219 583 Tusco
1250 556 1293 594 p.
1328 542 1350 582 7
1385 541 1408 594 ἓ
1444 543 1495 583 16
1529 547 1571 583 et
1605 543 1659 584 15
1680 554 1714 579 19

72 626 204 666 opera
236 613 482 665 assignavit,
522 613 623 653 huic
655 612 830 665 quidem
861 613 1040 653 ridiculo
1073 613 1210 662 titulo,
1243 613 1289 653 in
1320 613 1530 667 Phyllidis
1560 627 1661 655 suae

73 697 224 733 amore,
273 684 388 735 quod
430 684 546 736 apud
578 683 780 724 Ovidium
813 688 904 724 erat
935 697 1012 724 succ
1046 683 1262 738 Phyllida
1308 683 1480 724 videtur
1511 689 1657 725 autem

72 753 248 795 Ovidius
274 754 513 807 Phyllidem
539 753 769 795 Thraciam
797 754 927 795 Tusci
959 754 1159 795 carminis
1192 757 1496 807 argumentum
1529 754 1658 807 signi-

69 825 212 875 ficare,
261 838 359 874 non,
407 829 454 865 ut
492 824 700 865 intellexit
742 824 811 866 hic
849 825 999 874 homo,
1048 824 1236 877 puellam
1285 824 1340 866 ab
1380 825 1474 877 ipso
1514 825 1657 882 Tusco

71 900 276 936 amatam.
324 894 406 945 Qui
432 899 678 947 sequuntur
708 908 858 936 versus
891 895 943 936 21
980 899 1021 935 et
1055 895 1124 939 22,
1159 895 1212 935 de
1242 895 1290 936 P.
1323 895 1526 937 Varronis
1550 895 1659 936 Ata-

70 966 151 1007 cini
182 951 484 1018 Argonauticis
515 965 691 1018 intelligi
722 966 874 1016 solent,
908 979 933 1007 a
958 962 1298 1017 Wernsdorfio¹)
1332 966 1385 1006 de
1417 966 1535 1007 libris
1568 966 1658 1007 eius

68 1037 294 1078 navalibus
326 1036 632 1089 intelliguntur,
667 1049 773 1088 quos
805 1036 1042 1077 Schneider
1073 1036 1128 1076 M.
1161 1036 1363 1077 Varronis
1401 1036 1534 1077 fuisse
1566 1036 1658 1077 iure

68 1107 237 1148 videtur
269 1103 587 1159 contendere.2)
650 1106 734 1147 Sed
767 1107 902 1148 Varro
933 1106 1156 1157 Atacinus,
1191 1119 1319 1159 quem
1344 1107 1529 1148 Velleius
1557 1121 1655 1148 cum

69 1177 264 1218 Lucretio
297 1178 524 1230 coniungit,
558 1177 765 1218 Horatius
798 1177 841 1217 in
873 1177 1014 1218 satiris
1047 1180 1266 1219 mortuum
1299 1178 1522 1231 significat,
1563 1178 1657 1229 Vir-

67 1248 189 1301 gilius
221 1248 412 1289 imitatus
447 1261 541 1288 esse
574 1244 785 1299 dicitur3),
819 1248 1037 1301 antiquior
1069 1249 1160 1298 fuit,
1195 1263 1326 1302 quam
1358 1253 1405 1289 ut
1436 1249 1548 1289 inter
1578 1249 1657 1290 hos

68 1318 207 1360 Ovidii
239 1319 426 1371 aequales
460 1319 599 1359 locum
632 1315 851 1371 habeat.4)
911 1319 1124 1360 Id-multo
1156 1320 1293 1372 magis
1325 1319 1573 1372 intelligitur
1605 1332 1657 1360 ex

28 1401 32 1405 ’
67 1389 190 1430 Ovid.
230 1390 396 1439 Am.,[,
438 1389 505 1438 15,
546 1389 598 1429 21
644 1393 684 1429 et
723 1390 791 1438 22,
840 1390 913 1430 ubi
951 1391 1088 1431 Varro
1126 1390 1244 1431 Attio
1284 1390 1526 1439 subiicitur,
1572 1391 1657 1431 Lu-

67 1460 197 1501 cretio
229 1460 507 1512 praeponitur.
571 1460 720 1512 Itaque
755 1460 975 1502 Cornelius
1008 1461 1152 1513 Nepos
1187 1461 1230 1501 in
1262 1460 1334 1501 vit.
1368 1461 1495 1502 Attici
1532 1474 1566 1501 c.
1603 1461 1656 1501 12

58 1536 154 1584 post
194 1530 435 1571 Lucretium
483 1535 518 1570 et
559 1530 714 1570 Catulli
754 1537 923 1572 mortem·
961 1531 1128 1580 scribit,
1178 1544 1249 1572 eos
1289 1532 1533 1584 appellans,
1583 1533 1655 1584 qui

65 1615 203 1655 nuper
235 1602 418 1648 fuerant,
459 1601 663 1647 Varrone,
704 1601 787 1653 qui·
808 1604 935 1642 aetate
968 1603 1172 1643 remotior
1205 1607 1309 1651 erat,
1350 1603 1655 1654 praetermisso.

65 1672 271 1725 Apuleius
303 1672 350 1713 P.
385 1672 636 1726 Terentium
675 1672 912 1727 Varronem
952 1686 1038 1713 non
1076 1673 1298 1714 nominato
1338 1686 1467 1725 opere
1506 1673 1656 1714 laudat

66 1757 106 1795 p.
140 1744 165 1784 6
204 1742 227 1795 ξ
263 1745 336 1792 11,
386 1742 521 1794 quod·
546 1743 645 1783 hinc
690 1756 746 1783 an
786 1743 956 1783 aliunde
997 1743 1242 1796 sumpserit,
1290 1743 1515 1783 incertum.
1570 1742 1655 1783 Sed

65 1814 181 1866 apud
214 1813 414 1854 Ovidium
447 1813 639 1865 sequitur
670 1813 739 1854 hic
771 1827 920 1855 versus
954 1813 1065 1866 (23):

160 2013 349 2047 heroidum
386 2013 545 2057 epistolis
578 2013 837 2057 respondentes
869 2017 1010 2047 exstare
1041 2016 1233 2057 putantur,
1273 2016 1469 2056 antequam
1504 2012 1654 2047 Ovidius

160 2072 351 2116 epistolam
385 2072 485 2106 illam
518 2084 560 2106 ex
593 2072 707 2106 Ponto
746 2073 904 2116 scripsit.
943 2076 1103 2109 mortuo,
1143 2071 1332 2105 confundit
1362 2072 1561 2106 Masurium
1594 2072 1654 2106 Sa-

157 2130 295 2172 binum,
334 2131 601 2165 nobilissimum
633 2131 939 2167 iurisconsultum.
981 2131 1042 2175 qui
1075 2130 1208 2164 Tiberii
1242 2133 1277 2164 et
1307 2130 1557 2174 proximorum
1589 2130 1652 2164 im.

156 2194 364 2234 peratorum
397 2190 621 2234 temporibus
653 2191 782 2224 floruit.
839 2191 916 2224 vid.
950 2201 1041 2234 quos
1074 2190 1118 2224 de
1152 2201 1193 2224 eo
1225 2189 1350 2223 laudat
1380 2190 1487 2223 Baehr
1517 2201 1551 2234 p.
1585 2189 1652 2222 554

156 2253 229 2283 not.
258 2249 288 2283 1.

101 2305 127 2350 ¹)
154 2308 253 2342 Poet.
280 2308 357 2342 Lat.
383 2308 466 2342 Min.
493 2309 508 2342 I
533 2320 566 2352 p.
602 2307 669 2341 154
696 2319 771 2351 sqq.
800 2308 838 2342 V.
872 2308 894 2340 3
925 2319 959 2351 p.
995 2306 1085 2340 1387
1117 2318 1194 2351 sqq.
1251 2305 1318 2350 [De
1356 2308 1484 2341 eodem
1524 2307 1651 2341 intelli-

155 2367 290 2410 gendos
317 2378 394 2401 esse
420 2379 557 2407 versus,
589 2368 694 2401 dublo
728 2378 850 2400 carere
882 2370 986 2410 putat
1011 2366 1052 2400 A.
1079 2366 1273 2407 Weichert‚
1305 2366 1349 2400 de
1381 2366 1507 2400 Hostio
1541 2366 1652 2400 Poeta

156 2437 191 2469 p.
218 2425 260 2458 11
288 2430 364 2460 not.
390 2426 427 2460 in
453 2427 568 2460 Poett.
601 2427 693 2460 Latt.
727 2426 795 2459 Vit.
829 2429 863 2459 et
889 2426 1006 2459 Carm.
1041 2425 1159 2469 reliq,
1191 2437 1354 2469 prorsus,
1391 2426 1487 2469 quod
1520 2426 1650 2466 obstat,

155 2495 229 2518 non
255 2485 547 2519 animadvertens
574 2496 639 2519 nec
666 2485 864 2529 quidquam
891 2485 1039 2526 hahens,
1073 2495 1136 2518 cur
1167 2488 1243 2518 tam
1276 2484 1502 2529 affirmanter
1527 2484 1651 2528 loqua-

155 2546 224 2577 tur.
260 2542 377 2586 1834]

99 2600 128 2641 2)
154 2602 194 2636 In
233 2602 435 2637 Comment.
469 2603 512 2637 de
551 2603 625 2636 vita
656 2603 700 2636 M.
734 2602 891 2636 Terentii
926 2602 1096 2636 Varronis
1133 2602 1278 2636 Reatini
1309 2604 1370 2637 &c
1405 2602 1547 2646 Scriptt.
1582 2602 1649 2635 Rei

155 2661 258 2695 Rust.
286 2662 325 2695 V.
353 2662 367 2695 I
393 2662 431 2695 Ρ.
458 2662 500 2695 II.

101 2717 127 2762 ³)
152 2716 229 2754 Vid.
257 2721 462 2763 testimonia
489 2721 586 2764 apud
611 2720 777 2754 Wernsd.
804 2721 844 2760 V,
871 2720 892 2753 3
919 2732 953 2764 p.
982 2720 1073 2754 1398
1099 2732 1175 2764 sqq.
1202 2725 1238 2755 et
1264 2720 1366 2755 1410.
1436 2721 1440 2725 ’

99 2775 129 2820 4)
153 2779 212 2820 At,
238 2779 265 2813 si
292 2780 404 2813 Varro
430 2790 503 2813 non
529 2779 759 2823 intelligatur,
786 2779 1053 2814 Wernsdorfius
1074 2780 1206 2821 obiicit,
1233 2780 1365 2814 mirum
1393 2781 1481 2821 esse,
1508 2780 1641 2814 interci

156 2838 250 2871 disse
281 2838 430 2872 omnino
462 2842 538 2872 tam
570 2838 700 2872 eximie
731 2838 869 2872 laudati
907 2842 1022 2883 poetae
1054 2849 1198 2872 nomen.
1262 2839 1357 2881 Quid
1388 2839 1521 2879 Tusco,
1561 2839 1647 2882 quid

156 2896 266 2930 Mario
293 2896 428 2930 factum
461 2900 566 2937 esset,
599 2897 627 2930 si
654 2896 803 2930 Ovidius
830 2908 955 2931 eorum
981 2897 1131 2931 nomina
1155 2897 1343 2941 pressisset
1369 2901 1404 2932 et
1431 2909 1490 2932 eos
1517 2897 1647 2941 signifi-

157 2959 272 2989 casset
298 2955 466 2989 tantum?
499 2956 586 2998 Quis
613 2956 761 2989 nomina
787 2956 989 2990 divinaret?
