1915 3235
125 539 175 565 156

949 114 1030 155 126

192 248 303 287 tueri
335 246 501 295 dicitur,
536 244 747 293 inimicus,
782 246 1008 284 accusator
1040 241 1288 294 intelligitur
1314 240 1381 281 vel
1405 240 1534 281 iudex
1559 243 1783 294 corruptus

193 320 236 358 et
266 318 450 370 iniquus.
513 316 603 356 Iam
638 329 664 355 α
697 313 844 369 quibus
875 313 1087 355 omittitur
1125 313 1169 353 in
1208 312 1301 353 cod.
1334 311 1587 359 Erfurtensi,
1637 311 1680 352 id
1721 314 1785 353 est

192 389 235 429 in
267 387 443 429 meliore
476 382 700 437 familia¹)‚
734 386 777 425 in
809 384 1062 433 HauniensL
1097 383 1123 424 5
1155 383 1278 432 Oxx„
1313 382 1409 423 edd.
1442 384 1568 432 vett.;
1602 381 1653 422 ab
1686 385 1786 424 ante

192 459 258 508 iis,
307 471 391 510 quo
431 458 589 499 omisso
629 458 745 497 stare
785 455 968 497 alterum
1005 468 1092 496 non
1124 457 1280 508 potest,
1328 454 1371 494 in
1404 452 1504 502 Erf.,
1553 452 1711 502 Haun.7
1761 453 1786 494 2

196 528 324 579 Oxx.,
370 528 466 569 edd.
505 528 630 577 vett,
675 526 798 567 codd.
841 525 1232 579 Lagomarsinianis
1272 524 1418 565 multis
1467 521 1556 576 (qui
1594 523 1787 576 profecto

192 613 278 641 non
310 612 459 641 omnes
493 613 520 638 α
551 597 699 652 quibus
730 597 998 646 habuerunt3
1047 597 1124 637 sed
1163 596 1377 637 delectum
1415 596 1638 636 varietatis
1677 595 1787 649 Pey-

192 683 322 711 ronus
355 669 455 710 fecit
487 668 586 709 inde
619 682 644 709 a
678 681 771 721 cap.
809 664 939 721 10).‘-')
1001 668 1128 708 Patet
1159 668 1259 718 iam,
1308 666 1389 708 hoc
1422 666 1488 716 iis,
1537 667 1608 721 qui
1638 666 1789 707 referri

194 741 249 782 ad
281 741 555 790 sententiam,
589 740 633 780 in
665 753 752 792 qua
783 752 860 792 per
893 739 1105 780 ablativos
1130 738 1449 792 consequentiae
1475 737 1635 778 elatum
1662 736 1792 778 fuerit

194 812 249 862 id,
283 811 335 852 de
370 824 454 864 quo
486 811 826 864 interrogaretur
859 810 977 863 (nam
1012 810 1157 851 dativo
1190 810 1332 851 nullus
1364 809 1432 850 hic
1457 809 1575 849 locus
1601 810 1677 857 est,
1710 821 1790 849 nec

193 882 383 923 ablativo
415 882 524 923 alius
557 882 724 934 generis
757 881 801 922 in
832 879 1059 934 personis),
1108 881 1151 921 in
1191 881 1367 934 vulgata
1401 881 1546 920 autem
1579 878 1791 932 scriptura

194 954 392 994 lacunam
426 953 553 993 huius
585 966 672 994 non
705 953 975 1006 interpolatae
1009 953 1254 1005 scripturae:
1295 964 1386 1006 quoe
1418 955 1475 991 est
1504 954 1632 1004 yram
1661 950 1791 1004 yemi-

195 1025 268 1065 bus
299 1038 382 1065 non
404 1024 625 1078 potuisse?
670 1023 733 1064 Iis
771 1024 886 1064 male
919 1024 1136 1076 expletam
1170 1036 1278 1064 esse.
1341 1022 1389 1062 In
1420 1020 1631 1062 vocabulo
1661 1021 1791 1075 yemi-

195 1095 269 1136 bus
315 1095 449 1136 latere
497 1095 667 1136 videtur
713 1095 961 1136 terminatio
1009 1095 1221 1147 participii
1271 1092 1460 1134 ablativo
1514 1105 1617 1133 casu
1664 1093 1790 1145 positi

195 1165 349 1219 (velutz
387 1165 543 1217 Quibus
574 1166 860 1208 iudicantibus
891 1180 974 1207 non
998 1165 1214 1220 potuisse?
1244 1164 1308 1205 Iis
1332 1162 1446 1216 cet.).
1494 1163 1633 1205 Huius
1657 1163 1792 1216 parti-

196 1237 293 1290 cipii
332 1238 375 1278 et
412 1238 527 1278 vocis
561 1237 707 1279 dativo
755 1251 858 1278 casu
906 1239 949 1278 in
995 1237 1079 1278 fine
1128 1234 1360 1289 superioris
1408 1235 1593 1275 membri
1640 1234 1791 1288 positae

195 1308 430 1349 similitudo
462 1308 835 1361 perturbationem
868 1309 1092 1361 scripturae
1131 1308 1292 1361 genuit.
1355 1306 1500 1358 Atque
1537 1306 1665 1347 huius
1699 1319 1792 1347 cor-

196 1379 375 1432 ruptelae
424 1378 640 1420 simillima
690 1383 767 1430 est,
817 1393 948 1433 quam
996 1380 1039 1420 in
1087 1381 1195 1420 orat.
1244 1391 1322 1431 pro
1360 1377 1528 1430 Ligario
1581 1390 1615 1417 c.
1649 1377 1689 1427 9,
1738 1377 1792 1418 28

195 1450 355 1499 notavi,
405 1450 557 1491 eodem
601 1450 730 1492 modo
764 1451 891 1504 Vulgo
924 1451 1199 1493 occultatam.
1264 1448 1508 1502 Legebatur
1540 1448 1674 1489 enim:
1724 1462 1793 1500 an,

196 1525 241 1561 ut
268 1520 317 1574 fit
347 1521 393 1561 in
431 1521 621 1562 civilibus
661 1521 788 1574 bellis,
836 1537 909 1563 nec
950 1523 996 1563 in
1034 1521 1146 1562 vobis
1186 1521 1323 1575 magiis
1362 1533 1486 1574 quam
1524 1520 1569 1559 in
1607 1519 1793 1574 reliquis,

197 1605 335 1632 omnes
367 1592 559 1632 vincendi
590 1593 728 1633 studio
759 1594 1021 1647 tenebamur;
1068 1593 1111 1633 in
1151 1605 1237 1644 qua
1269 1592 1483 1643 scriptura
1516 1603 1567 1632 ea
1599 1593 1699 1632 sunt
1730 1590 1795 1631 in-

200 1663 440 1713 commoda,
476 1677 573 1716 quae
607 1677 632 1704 a
664 1664 781 1705 nullo
815 1677 908 1705 esse
942 1663 1245 1705 animadversa
1279 1663 1430 1711 mirem
1478 1661 1794 1714 gravissimum,

200 1734 327 1786 quod,
379 1748 511 1787 quum
560 1736 883 1787 praecessissent
923 1735 976 1776 de
1015 1734 1321 1776 Tuberonibus
1360 1733 1432 1774 illa
1463 1733 1623 1775 ironice
1654 1733 1795 1786 posita
1833 1737 1835 1739 ’

200 1805 480 1860 Zanquidiore,
514 1806 648 1858 credo)
682 1806 819 1847 studio
851 1807 896 1846 in
928 1819 1057 1859 causa
1087 1805 1233 1858 fuistis
1266 1807 1360 1855 cet„
1401 1805 1615 1858 planeque
1647 1817 1796 1845 neces-

200 1876 314 1917 sario
347 1876 662 1918 subiiciendum
704 1879 830 1927 esset,
879 1876 1258 1918 vehementissime
1303 1889 1375 1917 eos
1414 1875 1607 1929 Pompeii
1651 1877 1796 1928 partes

201 1947 457 1997 defendisse,
492 1947 646 1988 dicitur
679 1948 964 1989 communiter
997 1961 1135 1988 omnes
1166 1947 1427 1999 tenebamini-3
1461 1946 1629 1996 deinde,
1664 1958 1797 1998 quum

200 2032 338 2059 omnes
368 2019 566 2060 vincendi
592 2018 734 2059 studio
759 2019 921 2059 incensi
945 2018 1077 2059 fuisse
1104 2018 1315 2069 dicantur,
1349 2013 1551 2071 perverse
1575 2017 1619 2058 in
1645 2017 1795 2058 eadem

201 2090 416 2131 sententia
453 2090 730 2143 praemittitur
768 2095 813 2130 ut
841 2089 889 2143 fit
921 2103 1003 2130 mm
1034 2091 1077 2130 in
1118 2089 1229 2130 vobis
1268 2090 1404 2144 magyis
1450 2102 1576 2143 quam
1615 2089 1660 2128 '2772‘
1698 2087 1798 2128 reli-

201 2161 305 2215 quis,
335 2161 378 2201 id
401 2163 477 2211 est,
511 2164 559 2202 ut
580 2161 628 2202 fit
649 2162 691 2202 in
717 2162 932 2203 omnibus.
981 2159 1178 2213 [Omitto‚
1204 2172 1338 2213 prave
1364 2160 1561 2212 coniungi
1586 2159 1798 2200 bellorum

202 2233 244 2272 et
282 2244 566 2284 personarum
607 2232 981 2285 significationem:
1023 2233 1068 2272 in
1101 2255 1153 2260 —
1190 2231 1306 2271 bellis
1339 2254 1395 2260 —
1427 2232 1472 2271 in
1503 2229 1649 2283 vobis]
1713 2230 1799 2271 Sed

202 2302 326 2343 aliter
358 2302 451 2343 haec
483 2316 509 2343 a
542 2302 746 2344 Cicerone
778 2303 938 2356 scripta
972 2316 1078 2352 esse,
1113 2304 1300 2355 arguunt
1333 2301 1514 2343 codices.
1577 2302 1688 2342 Nam
1722 2301 1798 2341 Er-

203 2373 406 2422 furtensis
441 2375 483 2414 et
515 2373 782 2424 Dresdensis,
830 2376 923 2415 tum
963 2387 1014 2415 ex
1058 2374 1271 2415 deteriore
1311 2372 1475 2414 familia
1506 2372 1665 2423 Haun.‚
1715 2371 1800 2414 duo

204 2443 341 2484 Oxon.
383 2443 597 2497 editioque
638 2458 676 2485 a.
713 2445 825 2486 1480
863 2445 1046 2486 habent:
1095 2458 1233 2485 omnes
1276 2445 1407 2493 em'm;
1457 2456 1507 2484 ex
1551 2457 1635 2496 quo
1679 2444 1801 2496 patet

245 2594 272 2639 ')
298 2596 472 2630 Gruterus
500 2597 543 2630 de
570 2597 643 2631 suis
670 2597 784 2639 codd,
811 2601 851 2632 ut
877 2598 978 2639 solet,
1005 2601 1110 2632 tacet.
1149 2597 1314 2632 Bavarici
1340 2596 1548 2640 scripturas,
1576 2607 1657 2640 quae
1677 2598 1800 2640 aperte

301 2656 400 2689 falsae
439 2658 474 2689 et
512 2656 646 2690 nullius
679 2667 766 2690 usus
800 2657 1020 2698 viderentur,
1059 2660 1122 2691 aut
1160 2657 1205 2690 ab
1244 2656 1408 2690 Harlesio
1446 2659 1509 2690 aut
1547 2667 1568 2689 a
1606 2654 1800 2690 Garatonio

301 2715 453 2749 omissas
492 2726 581 2756 esse,
621 2715 692 2748 iam
730 2715 937 2750 Wunderus
976 2716 1089 2760 (praef.
1122 2716 1198 2750 cod.
1234 2715 1304 2749 Erf.
1331 2714 1473 2748 LXXIX
1506 2718 1541 2748 et
1573 2713 1728 2758 prolegg.
1755 2712 1801 2747 ad

301 2772 500 2814 Plancian.)
525 2774 713 2808 intellexit.

246 2830 274 2876 ²)
300 2833 444 2874 Vereor,
478 2844 522 2866 ne
555 2844 654 2866 error
679 2833 725 2867 sit
750 2844 845 2868 unus
871 2837 906 2868 et
932 2834 1023 2867 alter
1048 2834 1084 2867 in
1111 2833 1221 2875 libris,
1256 2844 1345 2877 quos
1371 2831 1651 2876 Lagomarsinus
1677 2842 1801 2866 nume-

302 2892 350 2926 ris
383 2892 606 2936 significavit,
640 2891 840 2926 indicandis
850 2906 857 2933 ;
897 2896 1003 2934 certe,
1039 2896 1080 2926 ut
1105 2893 1173 2927 hoc
1200 2892 1365 2936 exemplo
1392 2895 1484 2933 utar,
1518 2891 1594 2926 cod.
1621 2889 1666 2924 92
1693 2890 1800 2925 editio

305 2951 447 2986 Gruteri
474 2951 574 2985 nullo
602 2951 709 2985 modo
737 2962 814 2985 esse
840 2955 970 2995 potest,
997 2955 1037 2986 ut
1063 2952 1249 2995 Peyronus
1275 2951 1387 2995 ponit.
