1915 3235
118 1449 169 1476 188

942 105 1024 146 152

186 235 269 278 Pro
302 236 419 277 Sulla
453 235 519 285 18,
552 235 605 276 51
641 235 800 276 editur:
834 234 1089 275 Autronium
1120 237 1207 274 tum
1238 233 1283 273 in
1315 244 1458 286 campo
1489 231 1669 272 vidimus
1676 246 1694 284 ,·
1720 255 1773 260 —

188 312 223 347 et
255 306 356 362 quid
387 306 491 359 dixi,
532 305 682 346 vidisse
720 302 823 344 nos?
860 317 930 358 eqo
972 303 1069 344 vidi.
1133 302 1416 345 Correctionis
1456 302 1594 356 figura
1624 304 1774 355 aperte

186 377 376 430 postulat
407 376 608 417 vidimus:
639 379 698 415 set
729 374 830 429 quid
861 374 953 415 dixi
985 379 1064 415 cet.
1113 373 1247 426 (Idem
1280 374 1370 415 fere
1399 375 1483 415 est:
1520 373 1769 428 Quanquam

189 447 289 503 quid
321 445 445 500 dixi.)

305 518 352 559 In
400 516 590 558 eiusdem
638 515 789 568 primae
837 515 1041 557 orationis
1074 528 1109 557 c.
1145 515 1211 566 12,
1260 515 1315 556 29
1362 515 1568 556 videbam
1611 514 1778 564 futuros

186 602 273 631 non
305 601 480 642 paucos,
517 587 587 639 qui
621 587 794 640 elegans
826 586 1028 639 loquendi
1059 574 1194 639 genus
1226 599 1251 627 a
1284 599 1353 627 me
1385 585 1614 639 expulsum
1646 586 1777 627 mira-

187 662 355 702 rentur:
390 658 478 713 Eyo
509 658 546 698 si
577 657 652 698 hoc
681 657 879 711 optimum
909 657 1071 710 factum
1094 656 1347 704 iudicarem,
1379 668 1481 697 nam
1505 655 1624 709 factu
1650 655 1778 698 edidi.

187 729 255 772 Sic
290 729 400 770 enim
435 730 591 777 statuo,
624 730 764 769 totum
798 728 902 769 illud
933 741 1082 781 genus,
1117 726 1231 780 quod
1254 726 1340 767 iam
1366 726 1696 780 Oudendorpius
1721 727 1780 768 ad

186 800 356 854 Apuleii
397 799 684 852 Metamorph.
729 812 771 852 p.
804 799 860 840 53
904 799 1133 848 intellexit,
1181 798 1368 851 positum
1416 810 1510 838 esse
1556 798 1600 838 in
1646 797 1778 839 libra-

186 872 347 913 riorum
381 870 653 923 quorundam
685 869 974 920 aberratione,
1022 869 1224 922 supinum
1266 868 1528 921 praecedenti
1569 867 1780 910 adiectivo

186 942 352 983 lineolae
386 941 623 982 adiectione
656 941 1091 982 accommodantium.
1144 939 1255 979 Nam
1288 951 1368 979 nec
1399 939 1610 980 rationem
1642 939 1776 980 ullam

185 1013 331 1064 habet,
366 1025 498 1065 quum
530 1011 661 1053 futuri
693 1011 944 1065 significatio
975 1012 1042 1061 sit,
1082 1009 1288 1064 praeteriti
1324 1009 1463 1051 forma
1495 1009 1775 1063 (deliberatur

187 1083 316 1134 enim,
366 1082 468 1136 quid
507 1084 718 1136 optimum
761 1083 954 1124 futurum
993 1083 1060 1132 sit,
1109 1083 1157 1122 ut
1188 1093 1363 1133 prorsus
1395 1093 1598 1133 perverse
1630 1080 1779 1122 bonum

184 1154 347 1208 factum
379 1156 422 1195 et
454 1153 609 1195 similia
640 1155 959 1206 comparentur,
992 1152 1035 1193 in
1067 1151 1222 1205 quibus
1248 1151 1302 1192 de
1326 1164 1372 1192 re
1395 1151 1511 1193 facta
1534 1151 1778 1205 iudicatur),

187 1239 265 1268 nec
299 1226 528 1278 quicquam
562 1228 639 1275 est,
673 1237 747 1266 cur
778 1225 905 1266 huius
937 1223 1059 1265 verbi
1092 1223 1221 1264 aliam
1254 1236 1347 1264 esse
1381 1223 1592 1264 rationem
1625 1236 1675 1264 ac
1707 1236 1777 1264 ce-

188 1299 379 1338 terorum
413 1296 654 1345 credamus,
689 1308 822 1348 quum
849 1296 1090 1348 praesertim
1116 1294 1204 1335 fere
1229 1293 1380 1347 optimi
1404 1293 1570 1335 codices
1595 1293 1778 1335 alterum

188 1369 404 1408 tueantur.
474 1367 674 1408 Errorem
717 1379 803 1407 non
844 1367 904 1408 ita
947 1379 1093 1407 rarum
1138 1377 1233 1406 esse
1280 1363 1345 1417 (ut
1386 1365 1544 1405 mirum
1582 1364 1650 1415 sit,
1697 1365 1779 1407 hoc

188 1451 273 1480 uno
314 1437 528 1480 Ciceronis
567 1437 661 1479 loco
700 1434 864 1490 recipi),
912 1437 999 1477 iam
1038 1435 1370 1489 Oudendorpius
1411 1435 1529 1476 dixit.
1591 1435 1780 1477 Sallustii

189 1509 410 1562 proprium
442 1508 640 1549 habitum
673 1510 750 1557 est,
784 1507 900 1560 quod
931 1507 1159 1548 Sallustius
1185 1506 1390 1557 Cortium,
1424 1506 1617 1559 perversi
1639 1506 1779 1548 homi-

188 1592 289 1621 nem
321 1579 464 1620 iudicii
497 1592 548 1620 ac
578 1591 703 1632 paene
734 1578 904 1629 nullius,
940 1578 1147 1619 editorem
1180 1578 1355 1626 habuit3
1388 1579 1503 1618 recte
1529 1577 1778 1619 Gerlachius

190 1650 353 1703 expulit
391 1649 512 1703 (Bell.
547 1649 639 1691 Cat.
673 1650 742 1699 32,
782 1649 850 1699 55,
893 1648 961 1699 57,
1005 1647 1119 1701 107).
1182 1648 1346 1689 Praeter
1383 1648 1586 1689 Plautum
1618 1647 1779 1701 (Aulul.

188 1721 256 1772 ΙΙΙ,
291 1722 330 1772 6,
374 1721 428 1762 46
473 1723 516 1762 et
555 1720 755 1762 Pseudol.
788 1720 817 1770 I,
862 1720 901 1770 2,
945 1718 1018 1772 52)
1066 1719 1109 1760 in
1148 1719 1316 1760 Horatii
1349 1732 1519 1772 quoque
1552 1721 1633 1760 sat.
1666 1719 1696 1770 I,
1739 1719 1781 1770 4,-

193 1793 276 1834 124
310 1806 421 1834 unus
455 1794 497 1833 et
530 1792 638 1833 alter
670 1791 807 1832 editor
838 1791 920 1832 hoc
951 1790 1158 1832 mendum
1191 1790 1346 1831 intulit.

307 1864 354 1904 In
387 1863 588 1904 secundae
621 1862 826 1904 orationis
865 1861 985 1902 initio
1026 1862 1270 1902 necessario
1309 1860 1586 1902 scribendum
1626 1861 1719 1901 erat
1759 1872 1784 1901 e

191 1934 335 1976 codice
383 1933 705 1975 Gemblacensi:
760 1932 857 1972 huie
903 1931 999 1972 urbi
1043 1932 1162 1984 ferro
1206 1931 1459 1986 flammaque
1505 1931 1780 1972 minitantem.

189 2004 302 2046 Nam
334 2005 492 2045 matum
525 2004 651 2045 alicui
682 2004 946 2051 minitamur,
980 2001 1057 2043 sed
1081 2002 1330 2044 minitamur
1355 2003 1624 2043 instrumento
1648 1999 1784 2054 (velut

190 2074 377 2127 baculo).
450 2075 600 2128 Itaque
642 2074 896 2115 retinebitur
938 2073 981 2114 in
1021 2073 1207 2126 Philipp.
1240 2073 1310 2123 XI,
1356 2072 1422 2122 14,
1466 2072 1518 2113 37
1560 2071 1657 2112 huie
1686 2071 1783 2112 urbi

189 2145 307 2199 ferro
338 2146 505 2200 iynique
544 2146 796 2186 minitantur
834 2147 876 2186 et
913 2144 1021 2195 XIII,
1066 2145 1134 2194 21,
1174 2144 1228 2184 47
1266 2144 1426 2197 patriae
1462 2143 1552 2197 iyni
1587 2142 1783 2197 ferroque

191 2217 425 2266 minitatur,
461 2216 516 2257 ad
549 2229 676 2269 quem
709 2215 889 2257 modum
920 2216 1119 2269 Virgilius
1160 2214 1312 2267 Georg.
1345 2214 1393 2264 II,
1433 2214 1516 2255 457
1552 2213 1676 2254 dixit:
1726 2212 1782 2254 Et

191 2300 342 2342 mayno
387 2286 586 2342 Hylaeum
619 2287 817 2341 Lapithis
856 2292 1016 2328 cratere
1054 2287 1294 2335 minantem,
1344 2287 1386 2326 et
1424 2285 1650 2326 Sallustius
1689 2283 1782 2325 Cat.

192 2358 248 2399 49
286 2358 447 2399 Ccesari
476 2358 619 2412 {stadio
651 2359 965 2399 minitarentur.
1029 2356 1127 2411 Iyni
1166 2356 1319 2397 dicitur
1356 2358 1565 2409 tanquam
1602 2354 1781 2408 facibus,

194 2429 520 2470 accommodate
563 2429 618 2470 ad
658 2428 855 2481 ferrum,
892 2429 1029 2483 iqnem
1071 2428 1284 2469 diceretur
1323 2430 1532 2479 tanquam
1574 2425 1784 2479 deflaqra-

194 2500 357 2549 tionem,
392 2500 458 2540 cui
492 2502 642 2552 aptum
676 2502 789 2541 esset
821 2499 986 2548 caedem.

291 2702 345 2732 est
370 2699 482 2732 credo.
533 2698 719 2743 Apparent
750 2698 912 2733 vulnera.
962 2698 1156 2732 Deleamus
1187 2708 1299 2731 unam
1330 2697 1505 2737 litteram3
1544 2707 1632 2730 sana
1662 2695 1786 2730 onmia

291 2760 414 2792 erunt:
441 2759 557 2791 vellem
584 2763 750 2801 eoepertus
776 2768 858 2800 esse,
884 2759 945 2791 sed
969 2762 1087 2790 tamen
1111 2758 1284 2800 suspicor.
1323 2757 1448 2800 Ipsum
1473 2756 1657 2798 hominem,
1683 2765 1785 2798 quem

292 2817 356 2850 tibi
389 2818 600 2860 commendo,
632 2818 852 2860 perdiynum
889 2826 961 2849 esse
999 2820 1061 2849 tua
1096 2817 1265 2859 amicitia,
1304 2825 1375 2849 non
1411 2815 1536 2857 solum,
1574 2815 1660 2858 quia
1696 2813 1786 2846 mihi

297 2876 452 2919 Cuspius
486 2876 582 2919 dicit,
620 2877 721 2909 credo
757 2878 822 2909 cet.
874 2876 918 2909 Se
944 2874 1060 2918 ipsum
1089 2873 1174 2908 dicit
1205 2884 1277 2907 non
1309 2876 1498 2917 expertum
1531 2876 1566 2906 et
1599 2876 1721 2906 tamen
1748 2871 1784 2905 id

293 2934 360 2968 sibi
386 2945 458 2969 non
485 2933 723 2968 iniucundum
750 2933 873 2967 videri.

1878 206 1894 234 ζλ

1880 233 1894 249 ¹.
