<?xml version="1.0" encoding="UTF-8"?>
<!DOCTYPE html PUBLIC "-//W3C//DTD XHTML 1.0 Transitional//EN"
    "http://www.w3.org/TR/xhtml1/DTD/xhtml1-transitional.dtd">
<html xmlns="http://www.w3.org/1999/xhtml" xml:lang="en" lang="en">
 <head>
  <title>
</title>
<meta http-equiv="Content-Type" content="text/html;charset=utf-8" />
  <meta name='ocr-system' content='tesseract 3.04.00' />
  <meta name='ocr-capabilities' content='ocr_page ocr_carea ocr_par ocr_line ocrx_word'/>
</head>
<body>
  <div class='ocr_page' id='page_1' title='image "./ionicolaimadvigi00madvuoft_0283.png"; bbox 0 0 1915 3235; ppageno 0'>
   <div class='ocr_carea' id='block_1_1' title="bbox 771 163 852 204">
    <p class='ocr_par' dir='ltr' id='par_1_1' title="bbox 771 163 852 204">
     <span class='ocr_line' id='line_1_1' title="bbox 771 163 852 204; baseline -0.012 0"><span class='ocrx_word' id='word_1_1' title='bbox 771 163 852 204; x_wconf 75' lang='lat'>261</span> 
     </span>
    </p>
   </div>
   <div class='ocr_carea' id='block_1_2' title="bbox 18 290 1621 2964">
    <p class='ocr_par' dir='ltr' id='par_1_2' title="bbox 18 290 1621 2964">
     <span class='ocr_line' id='line_1_2' title="bbox 19 290 1608 346; baseline -0.004 -9"><span class='ocrx_word' id='word_1_2' title='bbox 19 297 197 337; x_wconf 84' lang='lat' dir='ltr'>brorum</span> <span class='ocrx_word' id='word_1_3' title='bbox 229 294 417 346; x_wconf 77' lang='lat' dir='ltr'>corrupti</span> <span class='ocrx_word' id='word_1_4' title='bbox 456 293 536 334; x_wconf 89' lang='lat' dir='ltr'>loci</span> <span class='ocrx_word' id='word_1_5' title='bbox 577 293 876 334; x_wconf 77' lang='lat' dir='ltr'>examinentur</span> <span class='ocrx_word' id='word_1_6' title='bbox 916 291 1197 344; x_wconf 89' lang='lat' dir='ltr'>codicumque</span> <span class='ocrx_word' id='word_1_7' title='bbox 1238 290 1416 343; x_wconf 76' lang='lat' dir='ltr'>vestigia</span> <span class='ocrx_word' id='word_1_8' title='bbox 1455 293 1608 332; x_wconf 87' lang='lat' dir='ltr'>noten-</span> 
     </span>
     <span class='ocr_line' id='line_1_3' title="bbox 19 360 1609 418; baseline -0.004 -11"><span class='ocrx_word' id='word_1_9' title='bbox 19 368 101 417; x_wconf 89' lang='lat' dir='ltr'>tur,</span> <span class='ocrx_word' id='word_1_10' title='bbox 136 365 376 418; x_wconf 82' lang='lat' dir='ltr'>complures</span> <span class='ocrx_word' id='word_1_11' title='bbox 409 364 568 406; x_wconf 80' lang='lat' dir='ltr'>similes</span> <span class='ocrx_word' id='word_1_12' title='bbox 601 365 822 416; x_wconf 89' lang='lat' dir='ltr'>repertum</span> <span class='ocrx_word' id='word_1_13' title='bbox 846 361 927 414; x_wconf 86' lang='lat' dir='ltr'>iri),</span> <span class='ocrx_word' id='word_1_14' title='bbox 962 362 1088 403; x_wconf 89' lang='lat' dir='ltr'>simul</span> <span class='ocrx_word' id='word_1_15' title='bbox 1120 374 1323 414; x_wconf 83' lang='lat' dir='ltr'>magnam</span> <span class='ocrx_word' id='word_1_16' title='bbox 1357 360 1444 402; x_wconf 75' lang='lat' dir='ltr'>vim</span> <span class='ocrx_word' id='word_1_17' title='bbox 1476 361 1609 402; x_wconf 88' lang='lat' dir='ltr'>habet</span> 
     </span>
     <span class='ocr_line' id='line_1_4' title="bbox 20 431 1609 488; baseline -0.004 -10"><span class='ocrx_word' id='word_1_18' title='bbox 20 437 76 478; x_wconf 90' lang='lat' dir='ltr'>ad</span> <span class='ocrx_word' id='word_1_19' title='bbox 123 436 252 477; x_wconf 88' lang='lat' dir='ltr'>aliam</span> <span class='ocrx_word' id='word_1_20' title='bbox 300 436 584 488; x_wconf 84' lang='lat' dir='ltr'>quaestionem</span> <span class='ocrx_word' id='word_1_21' title='bbox 632 434 685 475; x_wconf 91' lang='lat' dir='ltr'>de</span> <span class='ocrx_word' id='word_1_22' title='bbox 732 432 917 474; x_wconf 88' lang='lat' dir='ltr'>Lucretii</span> <span class='ocrx_word' id='word_1_23' title='bbox 972 432 1161 473; x_wconf 80' lang='lat' dir='ltr'>carmine</span> <span class='ocrx_word' id='word_1_24' title='bbox 1207 433 1386 473; x_wconf 88' lang='lat' dir='ltr'>motam.</span> <span class='ocrx_word' id='word_1_25' title='bbox 1466 431 1609 482; x_wconf 86' lang='lat' dir='ltr'>Quum</span> 
     </span>
     <span class='ocr_line' id='line_1_5' title="bbox 20 502 1611 560; baseline -0.004 -12"><span class='ocrx_word' id='word_1_26' title='bbox 20 508 133 560; x_wconf 87' lang='lat' dir='ltr'>enim</span> <span class='ocrx_word' id='word_1_27' title='bbox 167 520 219 548; x_wconf 89' lang='lat' dir='ltr'>ex</span> <span class='ocrx_word' id='word_1_28' title='bbox 251 519 314 556; x_wconf 90' lang='lat' dir='ltr'>eo,</span> <span class='ocrx_word' id='word_1_29' title='bbox 349 505 464 558; x_wconf 88' lang='lat' dir='ltr'>quod</span> <span class='ocrx_word' id='word_1_30' title='bbox 496 505 767 558; x_wconf 79' lang='lat' dir='ltr'>grammatici</span> <span class='ocrx_word' id='word_1_31' title='bbox 799 504 963 556; x_wconf 81' lang='lat' dir='ltr'>aliquot</span> <span class='ocrx_word' id='word_1_32' title='bbox 994 503 1173 555; x_wconf 77' lang='lat' dir='ltr'>antiqui,</span> <span class='ocrx_word' id='word_1_33' title='bbox 1214 502 1403 543; x_wconf 84' lang='lat' dir='ltr'>maxime</span> <span class='ocrx_word' id='word_1_34' title='bbox 1436 502 1611 555; x_wconf 89' lang='lat' dir='ltr'>quidem</span> 
     </span>
     <span class='ocr_line' id='line_1_6' title="bbox 20 572 1610 626; baseline -0.004 -8"><span class='ocrx_word' id='word_1_35' title='bbox 20 577 193 619; x_wconf 82' lang='lat' dir='ltr'>Servius</span> <span class='ocrx_word' id='word_1_36' title='bbox 227 589 276 618; x_wconf 92' lang='lat' dir='ltr'>eo</span> <span class='ocrx_word' id='word_1_37' title='bbox 309 576 451 626; x_wconf 88' lang='lat' dir='ltr'>modo,</span> <span class='ocrx_word' id='word_1_38' title='bbox 500 578 548 617; x_wconf 92' lang='lat' dir='ltr'>ut</span> <span class='ocrx_word' id='word_1_39' title='bbox 587 576 741 616; x_wconf 89' lang='lat' dir='ltr'>erroris</span> <span class='ocrx_word' id='word_1_40' title='bbox 782 577 823 616; x_wconf 88' lang='lat' dir='ltr'>et</span> <span class='ocrx_word' id='word_1_41' title='bbox 863 573 1124 616; x_wconf 84' lang='lat' dir='ltr'>confusionis</span> <span class='ocrx_word' id='word_1_42' title='bbox 1162 572 1385 614; x_wconf 86' lang='lat' dir='ltr'>nominum</span> <span class='ocrx_word' id='word_1_43' title='bbox 1424 572 1610 625; x_wconf 89' lang='lat' dir='ltr'>suspicio</span> 
     </span>
     <span class='ocr_line' id='line_1_7' title="bbox 19 644 1611 700; baseline -0.003 -11"><span class='ocrx_word' id='word_1_44' title='bbox 19 648 207 698; x_wconf 84' lang='lat' dir='ltr'>tollatur,</span> <span class='ocrx_word' id='word_1_45' title='bbox 256 660 406 688; x_wconf 79' lang='lat' dir='ltr'>versus</span> <span class='ocrx_word' id='word_1_46' title='bbox 447 646 658 700; x_wconf 90' lang='lat' dir='ltr'>quosdam</span> <span class='ocrx_word' id='word_1_47' title='bbox 691 645 876 687; x_wconf 89' lang='lat' dir='ltr'>Lucretii</span> <span class='ocrx_word' id='word_1_48' title='bbox 915 645 1269 693; x_wconf 82' lang='lat' dir='ltr'>commemorant,</span> <span class='ocrx_word' id='word_1_49' title='bbox 1319 644 1391 696; x_wconf 90' lang='lat' dir='ltr'>qui</span> <span class='ocrx_word' id='word_1_50' title='bbox 1422 657 1536 685; x_wconf 89' lang='lat' dir='ltr'>nunc</span> <span class='ocrx_word' id='word_1_51' title='bbox 1568 644 1611 684; x_wconf 92' lang='lat' dir='ltr'>in</span> 
     </span>
     <span class='ocr_line' id='line_1_8' title="bbox 19 714 1611 768; baseline -0.003 -8"><span class='ocrx_word' id='word_1_52' title='bbox 19 719 101 760; x_wconf 92' lang='lat' dir='ltr'>hoc</span> <span class='ocrx_word' id='word_1_53' title='bbox 134 717 322 759; x_wconf 78' lang='lat' dir='ltr'>carmine</span> <span class='ocrx_word' id='word_1_54' title='bbox 354 730 440 758; x_wconf 92' lang='lat' dir='ltr'>non</span> <span class='ocrx_word' id='word_1_55' title='bbox 473 719 657 767; x_wconf 85' lang='lat' dir='ltr'>exstant,</span> <span class='ocrx_word' id='word_1_56' title='bbox 697 716 801 757; x_wconf 89' lang='lat' dir='ltr'>satis</span> <span class='ocrx_word' id='word_1_57' title='bbox 843 717 1071 765; x_wconf 88' lang='lat' dir='ltr'>constaret,</span> <span class='ocrx_word' id='word_1_58' title='bbox 1121 714 1335 768; x_wconf 84' lang='lat' dir='ltr'>pleniores</span> <span class='ocrx_word' id='word_1_59' title='bbox 1369 728 1442 756; x_wconf 92' lang='lat' dir='ltr'>eos</span> <span class='ocrx_word' id='word_1_60' title='bbox 1474 714 1611 755; x_wconf 91' lang='lat' dir='ltr'>habu-</span> 
     </span>
     <span class='ocr_line' id='line_1_9' title="bbox 19 784 1611 840; baseline -0.003 -10"><span class='ocrx_word' id='word_1_61' title='bbox 19 790 104 830; x_wconf 83' lang='lat' dir='ltr'>isse</span> <span class='ocrx_word' id='word_1_62' title='bbox 128 788 295 830; x_wconf 91' lang='lat' dir='ltr'>codices</span> <span class='ocrx_word' id='word_1_63' title='bbox 318 787 515 837; x_wconf 86' lang='lat' dir='ltr'>Lucretii,</span> <span class='ocrx_word' id='word_1_64' title='bbox 540 800 672 840; x_wconf 89' lang='lat' dir='ltr'>quam</span> <span class='ocrx_word' id='word_1_65' title='bbox 694 787 830 828; x_wconf 81' lang='lat' dir='ltr'>nostri</span> <span class='ocrx_word' id='word_1_66' title='bbox 854 788 966 836; x_wconf 87' lang='lat' dir='ltr'>sunt,</span> <span class='ocrx_word' id='word_1_67' title='bbox 991 786 1043 827; x_wconf 88' lang='lat' dir='ltr'>de</span> <span class='ocrx_word' id='word_1_68' title='bbox 1072 785 1231 839; x_wconf 86' lang='lat' dir='ltr'>duplici</span> <span class='ocrx_word' id='word_1_69' title='bbox 1257 785 1384 826; x_wconf 90' lang='lat' dir='ltr'>huius</span> <span class='ocrx_word' id='word_1_70' title='bbox 1409 784 1611 826; x_wconf 81' lang='lat' dir='ltr'>carminis</span> 
     </span>
     <span class='ocr_line' id='line_1_10' title="bbox 18 857 1613 911; baseline -0.003 -11"><span class='ocrx_word' id='word_1_71' title='bbox 18 859 268 901; x_wconf 86' lang='lat' dir='ltr'>recensione</span> <span class='ocrx_word' id='word_1_72' title='bbox 316 859 494 910; x_wconf 89' lang='lat' dir='ltr'>antiqua</span> <span class='ocrx_word' id='word_1_73' title='bbox 541 857 727 911; x_wconf 91' lang='lat' dir='ltr'>suspicio</span> <span class='ocrx_word' id='word_1_74' title='bbox 775 860 869 898; x_wconf 89' lang='lat' dir='ltr'>orta</span> <span class='ocrx_word' id='word_1_75' title='bbox 916 859 992 907; x_wconf 89' lang='lat' dir='ltr'>est,</span> <span class='ocrx_word' id='word_1_76' title='bbox 1042 870 1174 909; x_wconf 93' lang='lat' dir='ltr'>quam</span> <span class='ocrx_word' id='word_1_77' title='bbox 1222 857 1467 909; x_wconf 86' lang='lat' dir='ltr'>opinionem</span> <span class='ocrx_word' id='word_1_78' title='bbox 1515 857 1613 908; x_wconf 89' lang='lat' dir='ltr'>post</span> 
     </span>
     <span class='ocr_line' id='line_1_11' title="bbox 20 927 1612 982; baseline -0.003 -11"><span class='ocrx_word' id='word_1_79' title='bbox 20 930 346 972; x_wconf 83' lang='lat' dir='ltr'>Eichstaedtium</span> <span class='ocrx_word' id='word_1_80' title='bbox 386 929 446 982; x_wconf 90' lang='lat' dir='ltr'>(in</span> <span class='ocrx_word' id='word_1_81' title='bbox 479 928 842 970; x_wconf 89' lang='lat' dir='ltr'>commentatione</span> <span class='ocrx_word' id='word_1_82' title='bbox 876 928 928 969; x_wconf 90' lang='lat' dir='ltr'>de</span> <span class='ocrx_word' id='word_1_83' title='bbox 961 929 1129 969; x_wconf 89' lang='lat' dir='ltr'>Lucret.</span> <span class='ocrx_word' id='word_1_84' title='bbox 1163 927 1236 968; x_wconf 83' lang='lat' dir='ltr'>vit.</span> <span class='ocrx_word' id='word_1_85' title='bbox 1271 929 1313 968; x_wconf 90' lang='lat' dir='ltr'>et</span> <span class='ocrx_word' id='word_1_86' title='bbox 1345 939 1477 968; x_wconf 89' lang='lat' dir='ltr'>carm.</span> <span class='ocrx_word' id='word_1_87' title='bbox 1512 930 1612 968; x_wconf 82' lang='lat' dir='ltr'>ante</span> 
     </span>
     <span class='ocr_line' id='line_1_12' title="bbox 21 997 1615 1053; baseline -0.003 -10"><span class='ocrx_word' id='word_1_88' title='bbox 21 1003 111 1043; x_wconf 88' lang='lat' dir='ltr'>eius</span> <span class='ocrx_word' id='word_1_89' title='bbox 151 998 401 1053; x_wconf 88' lang='lat' dir='ltr'>editionem)</span> <span class='ocrx_word' id='word_1_90' title='bbox 448 1013 586 1053; x_wconf 86' lang='lat' dir='ltr'>nuper</span> <span class='ocrx_word' id='word_1_91' title='bbox 634 999 837 1052; x_wconf 86' lang='lat' dir='ltr'>Forbiger</span> <span class='ocrx_word' id='word_1_92' title='bbox 885 998 945 1052; x_wconf 91' lang='lat' dir='ltr'>(in</span> <span class='ocrx_word' id='word_1_93' title='bbox 992 999 1281 1039; x_wconf 72' lang='lat' dir='ltr'>dissertatione</span> <span class='ocrx_word' id='word_1_94' title='bbox 1328 998 1378 1038; x_wconf 77' lang='lat' dir='ltr'>cle</span> <span class='ocrx_word' id='word_1_95' title='bbox 1426 997 1615 1038; x_wconf 73' lang='lat' dir='ltr'>Lucretii</span> 
     </span>
     <span class='ocr_line' id='line_1_13' title="bbox 20 1068 1613 1125; baseline -0.003 -11"><span class='ocrx_word' id='word_1_96' title='bbox 20 1074 205 1114; x_wconf 75' lang='lat' dir='ltr'>carmine</span> <span class='ocrx_word' id='word_1_97' title='bbox 245 1086 271 1113; x_wconf 80' lang='grc' dir='ltr'><em>α</em></span> <span class='ocrx_word' id='word_1_98' title='bbox 309 1072 508 1125; x_wconf 71' lang='lat' dir='ltr'>scriptore</span> <span class='ocrx_word' id='word_1_99' title='bbox 548 1071 720 1112; x_wconf 68' lang='lat' dir='ltr'>serioris</span> <span class='ocrx_word' id='word_1_100' title='bbox 768 1070 903 1111; x_wconf 68' lang='lat' dir='ltr'>(etatis</span> <span class='ocrx_word' id='word_1_101' title='bbox 941 1069 1075 1110; x_wconf 75' lang='lat' dir='ltr'>denuo</span> <span class='ocrx_word' id='word_1_102' title='bbox 1114 1068 1391 1123; x_wconf 71' lang='lat' dir='ltr'>pertractato)</span> <span class='ocrx_word' id='word_1_103' title='bbox 1440 1070 1499 1110; x_wconf 92' lang='lat' dir='ltr'>ita</span> <span class='ocrx_word' id='word_1_104' title='bbox 1539 1082 1613 1109; x_wconf 84' lang='lat' dir='ltr'>ex-</span> 
     </span>
     <span class='ocr_line' id='line_1_14' title="bbox 21 1140 1615 1192; baseline -0.003 -7"><span class='ocrx_word' id='word_1_105' title='bbox 21 1156 175 1185; x_wconf 88' lang='lat' dir='ltr'>ornare</span> <span class='ocrx_word' id='word_1_106' title='bbox 222 1143 403 1192; x_wconf 90' lang='lat' dir='ltr'>studuit,</span> <span class='ocrx_word' id='word_1_107' title='bbox 458 1143 506 1183; x_wconf 92' lang='lat' dir='ltr'>ut</span> <span class='ocrx_word' id='word_1_108' title='bbox 552 1144 700 1182; x_wconf 90' lang='lat' dir='ltr'>tamen</span> <span class='ocrx_word' id='word_1_109' title='bbox 746 1140 857 1182; x_wconf 91' lang='lat' dir='ltr'>illius</span> <span class='ocrx_word' id='word_1_110' title='bbox 906 1140 1166 1181; x_wconf 86' lang='lat' dir='ltr'>recensionis</span> <span class='ocrx_word' id='word_1_111' title='bbox 1213 1153 1354 1192; x_wconf 90' lang='lat' dir='ltr'>neque</span> <span class='ocrx_word' id='word_1_112' title='bbox 1402 1140 1615 1181; x_wconf 87' lang='lat' dir='ltr'>rationem</span> 
     </span>
     <span class='ocr_line' id='line_1_15' title="bbox 20 1210 1614 1267; baseline -0.003 -12"><span class='ocrx_word' id='word_1_113' title='bbox 20 1227 160 1267; x_wconf 86' lang='lat' dir='ltr'>neque</span> <span class='ocrx_word' id='word_1_114' title='bbox 194 1226 347 1255; x_wconf 85' lang='lat' dir='ltr'>causas</span> <span class='ocrx_word' id='word_1_115' title='bbox 391 1213 494 1254; x_wconf 85' lang='lat' dir='ltr'>satis</span> <span class='ocrx_word' id='word_1_116' title='bbox 535 1212 780 1265; x_wconf 82' lang='lat' dir='ltr'>explicaret.</span> <span class='ocrx_word' id='word_1_117' title='bbox 844 1211 935 1252; x_wconf 87' lang='lat' dir='ltr'>Iam</span> <span class='ocrx_word' id='word_1_118' title='bbox 983 1214 1128 1253; x_wconf 88' lang='lat' dir='ltr'>autem</span> <span class='ocrx_word' id='word_1_119' title='bbox 1176 1213 1310 1264; x_wconf 90' lang='lat' dir='ltr'>patet,</span> <span class='ocrx_word' id='word_1_120' title='bbox 1359 1210 1452 1251; x_wconf 87' lang='lat' dir='ltr'>illos</span> <span class='ocrx_word' id='word_1_121' title='bbox 1499 1210 1614 1251; x_wconf 91' lang='lat' dir='ltr'>locos</span> 
     </span>
     <span class='ocr_line' id='line_1_16' title="bbox 20 1281 1615 1336; baseline -0.004 -9"><span class='ocrx_word' id='word_1_122' title='bbox 20 1286 63 1326; x_wconf 91' lang='lat' dir='ltr'>in</span> <span class='ocrx_word' id='word_1_123' title='bbox 95 1284 252 1327; x_wconf 89' lang='lat' dir='ltr'>nostris</span> <span class='ocrx_word' id='word_1_124' title='bbox 287 1284 504 1326; x_wconf 85' lang='lat' dir='ltr'>codicibus</span> <span class='ocrx_word' id='word_1_125' title='bbox 543 1285 720 1336; x_wconf 89' lang='lat' dir='ltr'>propter</span> <span class='ocrx_word' id='word_1_126' title='bbox 759 1282 943 1323; x_wconf 86' lang='lat' dir='ltr'>eandem</span> <span class='ocrx_word' id='word_1_127' title='bbox 984 1295 1161 1323; x_wconf 89' lang='lat' dir='ltr'>causam</span> <span class='ocrx_word' id='word_1_128' title='bbox 1202 1281 1436 1322; x_wconf 87' lang='lat' dir='ltr'>desiderari</span> <span class='ocrx_word' id='word_1_129' title='bbox 1485 1282 1615 1333; x_wconf 88' lang='lat' dir='ltr'>atque</span> 
     </span>
     <span class='ocr_line' id='line_1_17' title="bbox 21 1351 1614 1408; baseline -0.003 -11"><span class='ocrx_word' id='word_1_130' title='bbox 21 1369 106 1406; x_wconf 62' lang='grc' dir='ltr'>θος,</span> <span class='ocrx_word' id='word_1_131' title='bbox 156 1368 339 1408; x_wconf 89' lang='lat' dir='ltr'>quorum</span> <span class='ocrx_word' id='word_1_132' title='bbox 381 1354 501 1396; x_wconf 87' lang='lat' dir='ltr'>initia</span> <span class='ocrx_word' id='word_1_133' title='bbox 541 1356 616 1395; x_wconf 90' lang='lat' dir='ltr'>aut</span> <span class='ocrx_word' id='word_1_134' title='bbox 655 1354 793 1394; x_wconf 81' lang='lat' dir='ltr'>exitus</span> <span class='ocrx_word' id='word_1_135' title='bbox 833 1366 1059 1405; x_wconf 87' lang='lat' dir='ltr'>superesse</span> <span class='ocrx_word' id='word_1_136' title='bbox 1091 1353 1301 1402; x_wconf 77' lang='lat' dir='ltr'>videmus,</span> <span class='ocrx_word' id='word_1_137' title='bbox 1351 1365 1483 1405; x_wconf 90' lang='lat' dir='ltr'>quum</span> <span class='ocrx_word' id='word_1_138' title='bbox 1517 1351 1614 1392; x_wconf 91' lang='lat' dir='ltr'>reli-</span> 
     </span>
     <span class='ocr_line' id='line_1_18' title="bbox 21 1422 1616 1480; baseline -0.003 -12"><span class='ocrx_word' id='word_1_139' title='bbox 21 1440 106 1480; x_wconf 85' lang='lat' dir='ltr'>qua</span> <span class='ocrx_word' id='word_1_140' title='bbox 154 1426 409 1479; x_wconf 74' lang='lat' dir='ltr'>exciderint,</span> <span class='ocrx_word' id='word_1_141' title='bbox 457 1427 634 1478; x_wconf 90' lang='lat' dir='ltr'>propter</span> <span class='ocrx_word' id='word_1_142' title='bbox 682 1425 772 1465; x_wconf 89' lang='lat' dir='ltr'>eius</span> <span class='ocrx_word' id='word_1_143' title='bbox 820 1424 996 1474; x_wconf 89' lang='lat' dir='ltr'>codicis,</span> <span class='ocrx_word' id='word_1_144' title='bbox 1053 1436 1104 1464; x_wconf 86' lang='lat' dir='ltr'>ex</span> <span class='ocrx_word' id='word_1_145' title='bbox 1152 1437 1236 1476; x_wconf 89' lang='lat' dir='ltr'>quo</span> <span class='ocrx_word' id='word_1_146' title='bbox 1284 1436 1434 1464; x_wconf 90' lang='lat' dir='ltr'>omnes</span> <span class='ocrx_word' id='word_1_147' title='bbox 1481 1422 1616 1464; x_wconf 89' lang='lat' dir='ltr'>nostri</span> 
     </span>
     <span class='ocr_line' id='line_1_19' title="bbox 22 1493 1614 1547; baseline -0.003 -9"><span class='ocrx_word' id='word_1_148' title='bbox 22 1496 138 1538; x_wconf 89' lang='lat' dir='ltr'>ducti</span> <span class='ocrx_word' id='word_1_149' title='bbox 170 1499 283 1547; x_wconf 86' lang='lat' dir='ltr'>sunt,</span> <span class='ocrx_word' id='word_1_150' title='bbox 333 1496 641 1538; x_wconf 89' lang='lat' dir='ltr'>condicionem.</span> <span class='ocrx_word' id='word_1_151' title='bbox 704 1495 831 1535; x_wconf 90' lang='lat' dir='ltr'>Velut</span> <span class='ocrx_word' id='word_1_152' title='bbox 871 1495 987 1547; x_wconf 88' lang='lat' dir='ltr'>quod</span> <span class='ocrx_word' id='word_1_153' title='bbox 1019 1494 1192 1536; x_wconf 80' lang='lat' dir='ltr'>Servius</span> <span class='ocrx_word' id='word_1_154' title='bbox 1226 1494 1282 1535; x_wconf 92' lang='lat' dir='ltr'>ad</span> <span class='ocrx_word' id='word_1_155' title='bbox 1313 1494 1427 1546; x_wconf 85' lang='lat' dir='ltr'>Virg.</span> <span class='ocrx_word' id='word_1_156' title='bbox 1462 1493 1614 1546; x_wconf 77' lang='lat' dir='ltr'>Georg.</span> 
     </span>
     <span class='ocr_line' id='line_1_20' title="bbox 21 1564 1617 1620; baseline -0.003 -11"><span class='ocrx_word' id='word_1_157' title='bbox 21 1568 68 1618; x_wconf 85' lang='grc' dir='ltr'>ΙΙ,</span> <span class='ocrx_word' id='word_1_158' title='bbox 108 1568 165 1608; x_wconf 76' lang='grc'>42</span> <span class='ocrx_word' id='word_1_159' title='bbox 205 1580 298 1620; x_wconf 91' lang='lat' dir='ltr'>sqq.</span> <span class='ocrx_word' id='word_1_160' title='bbox 340 1569 383 1608; x_wconf 92' lang='lat' dir='ltr'>et</span> <span class='ocrx_word' id='word_1_161' title='bbox 420 1567 476 1608; x_wconf 91' lang='lat' dir='ltr'>ad</span> <span class='ocrx_word' id='word_1_162' title='bbox 507 1566 672 1607; x_wconf 89' lang='lat' dir='ltr'>AEneid.</span> <span class='ocrx_word' id='word_1_163' title='bbox 706 1566 772 1616; x_wconf 84' lang='lat' dir='ltr'>VI,</span> <span class='ocrx_word' id='word_1_164' title='bbox 815 1566 900 1607; x_wconf 74' lang='lat'>625</span> <span class='ocrx_word' id='word_1_165' title='bbox 933 1579 1026 1619; x_wconf 86' lang='lat' dir='ltr'>sqq.</span> <span class='ocrx_word' id='word_1_166' title='bbox 1061 1564 1175 1618; x_wconf 77' lang='lat' dir='ltr'>(Non</span> <span class='ocrx_word' id='word_1_167' title='bbox 1215 1578 1284 1620; x_wconf 70' lang='lat' dir='ltr'>eqo</span> <span class='ocrx_word' id='word_1_168' title='bbox 1327 1569 1471 1605; x_wconf 63' lang='lat' dir='ltr'>elmete</span> <span class='ocrx_word' id='word_1_169' title='bbox 1517 1565 1617 1605; x_wconf 73' lang='lat' dir='ltr'>meis</span> 
     </span>
     <span class='ocr_line' id='line_1_21' title="bbox 25 1636 1615 1693; baseline -0.003 -14"><span class='ocrx_word' id='word_1_170' title='bbox 25 1639 216 1693; x_wconf 68' lang='lat' dir='ltr'>amplecti</span> <span class='ocrx_word' id='word_1_171' title='bbox 256 1637 441 1679; x_wconf 68' lang='lat' dir='ltr'>versibus</span> <span class='ocrx_word' id='word_1_172' title='bbox 480 1642 584 1691; x_wconf 67' lang='lat' dir='ltr'>opto,</span> <span class='ocrx_word' id='word_1_173' title='bbox 634 1636 742 1690; x_wconf 76' lang='lat' dir='ltr'>Non,</span> <span class='ocrx_word' id='word_1_174' title='bbox 791 1636 896 1677; x_wconf 65' lang='lat' dir='ltr'>milae·</span> <span class='ocrx_word' id='word_1_175' title='bbox 933 1638 970 1677; x_wconf 72' lang='lat' dir='ltr'>si</span> <span class='ocrx_word' id='word_1_176' title='bbox 1009 1637 1164 1691; x_wconf 68' lang='lat' dir='ltr'>linyuce</span> <span class='ocrx_word' id='word_1_177' title='bbox 1203 1640 1360 1676; x_wconf 76' lang='lat' dir='ltr'>centum</span> <span class='ocrx_word' id='word_1_178' title='bbox 1400 1636 1483 1676; x_wconf 73' lang='lat' dir='ltr'>sint</span> <span class='ocrx_word' id='word_1_179' title='bbox 1521 1648 1615 1675; x_wconf 74' lang='lat' dir='ltr'>ora-</span> 
     </span>
     <span class='ocr_line' id='line_1_22' title="bbox 24 1705 1614 1764; baseline -0.003 -14"><span class='ocrx_word' id='word_1_180' title='bbox 24 1724 99 1764; x_wconf 71' lang='lat' dir='ltr'>que</span> <span class='ocrx_word' id='word_1_181' title='bbox 146 1714 325 1761; x_wconf 75' lang='lat' dir='ltr'>centum,</span> <span class='ocrx_word' id='word_1_182' title='bbox 376 1708 536 1749; x_wconf 73' lang='lat' dir='ltr'>Ferrea</span> <span class='ocrx_word' id='word_1_183' title='bbox 584 1721 659 1748; x_wconf 67' lang='lat' dir='ltr'>vox</span> <span class='ocrx_word' id='word_1_184' title='bbox 706 1705 804 1759; x_wconf 92' lang='lat' dir='ltr'>cet.)</span> <span class='ocrx_word' id='word_1_185' title='bbox 852 1707 1019 1758; x_wconf 84' lang='lat' dir='ltr'>scribit,</span> <span class='ocrx_word' id='word_1_186' title='bbox 1076 1708 1262 1748; x_wconf 89' lang='lat' dir='ltr'>Lucretii</span> <span class='ocrx_word' id='word_1_187' title='bbox 1310 1719 1404 1748; x_wconf 91' lang='lat' dir='ltr'>esse</span> <span class='ocrx_word' id='word_1_188' title='bbox 1451 1719 1614 1756; x_wconf 81' lang='lat' dir='ltr'>Versus,</span> 
     </span>
     <span class='ocr_line' id='line_1_23' title="bbox 24 1778 1614 1831; baseline -0.003 -10"><span class='ocrx_word' id='word_1_189' title='bbox 24 1781 101 1822; x_wconf 88' lang='lat' dir='ltr'>sed</span> <span class='ocrx_word' id='word_1_190' title='bbox 134 1793 233 1821; x_wconf 89' lang='lat' dir='ltr'>eum</span> <span class='ocrx_word' id='word_1_191' title='bbox 267 1793 439 1820; x_wconf 73' lang='lat' dir='ltr'>aeneam</span> <span class='ocrx_word' id='word_1_192' title='bbox 478 1792 625 1828; x_wconf 69' lang='lat' dir='ltr'>vocem,</span> <span class='ocrx_word' id='word_1_193' title='bbox 659 1792 747 1820; x_wconf 93' lang='lat' dir='ltr'>non</span> <span class='ocrx_word' id='word_1_194' title='bbox 784 1778 973 1831; x_wconf 67' lang='lat' dir='ltr'>fem-eccm</span> <span class='ocrx_word' id='word_1_195' title='bbox 1017 1778 1171 1825; x_wconf 72' lang='lat' dir='ltr'>dicere,</span> <span class='ocrx_word' id='word_1_196' title='bbox 1219 1778 1497 1830; x_wconf 87' lang='lat' dir='ltr'>perspicuum</span> <span class='ocrx_word' id='word_1_197' title='bbox 1537 1781 1614 1826; x_wconf 79' lang='lat' dir='ltr'>est,</span> 
     </span>
     <span class='ocr_line' id='line_1_24' title="bbox 22 1848 1617 1902; baseline -0.003 -10"><span class='ocrx_word' id='word_1_198' title='bbox 22 1850 271 1892; x_wconf 89' lang='lat' dir='ltr'>huiusmodi</span> <span class='ocrx_word' id='word_1_199' title='bbox 302 1863 453 1891; x_wconf 83' lang='lat' dir='ltr'>versus</span> <span class='ocrx_word' id='word_1_200' title='bbox 493 1849 654 1902; x_wconf 89' lang='lat' dir='ltr'>optime</span> <span class='ocrx_word' id='word_1_201' title='bbox 698 1849 838 1890; x_wconf 92' lang='lat' dir='ltr'>locum</span> <span class='ocrx_word' id='word_1_202' title='bbox 883 1849 1046 1890; x_wconf 87' lang='lat' dir='ltr'>habere</span> <span class='ocrx_word' id='word_1_203' title='bbox 1088 1849 1281 1902; x_wconf 88' lang='lat' dir='ltr'>potuisse</span> <span class='ocrx_word' id='word_1_204' title='bbox 1324 1848 1368 1888; x_wconf 92' lang='lat' dir='ltr'>in</span> <span class='ocrx_word' id='word_1_205' title='bbox 1407 1848 1470 1898; x_wconf 89' lang='lat' dir='ltr'>iis,</span> <span class='ocrx_word' id='word_1_206' title='bbox 1520 1860 1617 1900; x_wconf 79' lang='lat' dir='ltr'>quae</span> 
     </span>
     <span class='ocr_line' id='line_1_25' title="bbox 25 1918 1617 1973; baseline -0.003 -10"><span class='ocrx_word' id='word_1_207' title='bbox 25 1925 125 1963; x_wconf 91' lang='lat' dir='ltr'>ante</span> <span class='ocrx_word' id='word_1_208' title='bbox 157 1935 197 1963; x_wconf 81' lang='lat' dir='ltr'>V.</span> <span class='ocrx_word' id='word_1_209' title='bbox 231 1921 316 1962; x_wconf 89' lang='grc'>610</span> <span class='ocrx_word' id='word_1_210' title='bbox 355 1921 451 1962; x_wconf 89' lang='lat' dir='ltr'>libri</span> <span class='ocrx_word' id='word_1_211' title='bbox 491 1921 600 1962; x_wconf 86' lang='lat' dir='ltr'>sexti</span> <span class='ocrx_word' id='word_1_212' title='bbox 645 1920 852 1961; x_wconf 74' lang='lat' dir='ltr'>excidisse</span> <span class='ocrx_word' id='word_1_213' title='bbox 895 1919 994 1970; x_wconf 86' lang='lat' dir='ltr'>dixi,</span> <span class='ocrx_word' id='word_1_214' title='bbox 1043 1922 1171 1973; x_wconf 88' lang='lat' dir='ltr'>poeta</span> <span class='ocrx_word' id='word_1_215' title='bbox 1214 1919 1270 1960; x_wconf 89' lang='lat' dir='ltr'>ad</span> <span class='ocrx_word' id='word_1_216' title='bbox 1310 1918 1617 1959; x_wconf 89' lang='lat' dir='ltr'>miraculorum</span> 
     </span>
     <span class='ocr_line' id='line_1_26' title="bbox 23 1990 1616 2044; baseline -0.003 -10"><span class='ocrx_word' id='word_1_217' title='bbox 23 1993 173 2034; x_wconf 91' lang='lat' dir='ltr'>mundi</span> <span class='ocrx_word' id='word_1_218' title='bbox 226 1991 503 2033; x_wconf 82' lang='lat' dir='ltr'>diversissimi</span> <span class='ocrx_word' id='word_1_219' title='bbox 557 1991 724 2044; x_wconf 83' lang='lat' dir='ltr'>generis</span> <span class='ocrx_word' id='word_1_220' title='bbox 781 1991 992 2032; x_wconf 84' lang='lat' dir='ltr'>rationein</span> <span class='ocrx_word' id='word_1_221' title='bbox 1047 1990 1314 2031; x_wconf 87' lang='lat' dir='ltr'>reddendam</span> <span class='ocrx_word' id='word_1_222' title='bbox 1369 1990 1616 2031; x_wconf 90' lang='lat' dir='ltr'>accedente.</span> 
     </span>
     <span class='ocr_line' id='line_1_27' title="bbox 23 2060 1618 2115; baseline -0.003 -11"><span class='ocrx_word' id='word_1_223' title='bbox 23 2064 183 2104; x_wconf 90' lang='lat' dir='ltr'>Verum</span> <span class='ocrx_word' id='word_1_224' title='bbox 232 2063 359 2104; x_wconf 91' lang='lat' dir='ltr'>simul</span> <span class='ocrx_word' id='word_1_225' title='bbox 406 2062 487 2102; x_wconf 89' lang='lat' dir='ltr'>hac</span> <span class='ocrx_word' id='word_1_226' title='bbox 534 2064 682 2115; x_wconf 89' lang='lat' dir='ltr'>nostra</span> <span class='ocrx_word' id='word_1_227' title='bbox 737 2061 1027 2114; x_wconf 82' lang='lat' dir='ltr'>disputatione</span> <span class='ocrx_word' id='word_1_228' title='bbox 1082 2061 1206 2113; x_wconf 89' lang='lat' dir='ltr'>quasi</span> <span class='ocrx_word' id='word_1_229' title='bbox 1261 2060 1401 2102; x_wconf 87' lang='lat' dir='ltr'>obiter</span> <span class='ocrx_word' id='word_1_230' title='bbox 1455 2060 1618 2113; x_wconf 88' lang='lat' dir='ltr'>aliquot</span> 
     </span>
     <span class='ocr_line' id='line_1_28' title="bbox 28 2131 1618 2187; baseline -0.003 -12"><span class='ocrx_word' id='word_1_231' title='bbox 28 2134 234 2187; x_wconf 88' lang='lat' dir='ltr'>exemplis</span> <span class='ocrx_word' id='word_1_232' title='bbox 284 2133 428 2186; x_wconf 88' lang='lat' dir='ltr'>aliqua</span> <span class='ocrx_word' id='word_1_233' title='bbox 476 2145 528 2173; x_wconf 83' lang='lat' dir='ltr'>ex</span> <span class='ocrx_word' id='word_1_234' title='bbox 574 2134 697 2185; x_wconf 90' lang='lat' dir='ltr'>parte</span> <span class='ocrx_word' id='word_1_235' title='bbox 745 2132 1014 2185; x_wconf 88' lang='lat' dir='ltr'>patefactum</span> <span class='ocrx_word' id='word_1_236' title='bbox 1063 2144 1156 2172; x_wconf 87' lang='lat' dir='ltr'>esse</span> <span class='ocrx_word' id='word_1_237' title='bbox 1204 2133 1329 2183; x_wconf 81' lang='lat' dir='ltr'>puto,</span> <span class='ocrx_word' id='word_1_238' title='bbox 1379 2131 1516 2184; x_wconf 89' lang='lat' dir='ltr'>qualis</span> <span class='ocrx_word' id='word_1_239' title='bbox 1564 2131 1618 2171; x_wconf 92' lang='lat' dir='ltr'>sit</span> 
     </span>
     <span class='ocr_line' id='line_1_29' title="bbox 24 2201 1619 2255; baseline -0.003 -9"><span class='ocrx_word' id='word_1_240' title='bbox 24 2206 155 2247; x_wconf 89' lang='lat' dir='ltr'>totius</span> <span class='ocrx_word' id='word_1_241' title='bbox 203 2204 330 2246; x_wconf 89' lang='lat' dir='ltr'>huius</span> <span class='ocrx_word' id='word_1_242' title='bbox 379 2203 579 2244; x_wconf 87' lang='lat' dir='ltr'>carminis</span> <span class='ocrx_word' id='word_1_243' title='bbox 627 2203 772 2244; x_wconf 87' lang='lat' dir='ltr'>critica</span> <span class='ocrx_word' id='word_1_244' title='bbox 821 2202 1032 2252; x_wconf 88' lang='lat' dir='ltr'>condicio,</span> <span class='ocrx_word' id='word_1_245' title='bbox 1090 2214 1307 2255; x_wconf 87' lang='lat' dir='ltr'>quamque</span> <span class='ocrx_word' id='word_1_246' title='bbox 1354 2201 1534 2251; x_wconf 88' lang='lat' dir='ltr'>frustra,</span> <span class='ocrx_word' id='word_1_247' title='bbox 1583 2201 1619 2242; x_wconf 89' lang='lat' dir='ltr'>si</span> 
     </span>
     <span class='ocr_line' id='line_1_30' title="bbox 25 2273 1617 2329; baseline -0.003 -12"><span class='ocrx_word' id='word_1_248' title='bbox 25 2275 286 2329; x_wconf 90' lang='lat' dir='ltr'>paucissima</span> <span class='ocrx_word' id='word_1_249' title='bbox 333 2274 552 2328; x_wconf 86' lang='lat' dir='ltr'>exceperis</span> <span class='ocrx_word' id='word_1_250' title='bbox 600 2276 642 2315; x_wconf 91' lang='lat' dir='ltr'>et</span> <span class='ocrx_word' id='word_1_251' title='bbox 689 2274 778 2315; x_wconf 89' lang='lat' dir='ltr'>fere</span> <span class='ocrx_word' id='word_1_252' title='bbox 825 2275 1005 2323; x_wconf 86' lang='lat' dir='ltr'>minuta,</span> <span class='ocrx_word' id='word_1_253' title='bbox 1053 2274 1314 2314; x_wconf 87' lang='lat' dir='ltr'>recentiores</span> <span class='ocrx_word' id='word_1_254' title='bbox 1351 2273 1433 2313; x_wconf 89' lang='lat' dir='ltr'>sibi</span> <span class='ocrx_word' id='word_1_255' title='bbox 1471 2274 1617 2325; x_wconf 86' lang='lat' dir='ltr'>gratu-</span> 
     </span>
     <span class='ocr_line' id='line_1_31' title="bbox 25 2342 1618 2397; baseline -0.002 -10"><span class='ocrx_word' id='word_1_256' title='bbox 25 2346 101 2387; x_wconf 87' lang='lat' dir='ltr'>lati</span> <span class='ocrx_word' id='word_1_257' title='bbox 142 2347 228 2387; x_wconf 91' lang='lat' dir='ltr'>sint</span> <span class='ocrx_word' id='word_1_258' title='bbox 270 2346 322 2387; x_wconf 89' lang='lat' dir='ltr'>de</span> <span class='ocrx_word' id='word_1_259' title='bbox 365 2346 456 2386; x_wconf 90' lang='lat' dir='ltr'>eius</span> <span class='ocrx_word' id='word_1_260' title='bbox 500 2345 816 2395; x_wconf 91' lang='lat' dir='ltr'>emendatione,</span> <span class='ocrx_word' id='word_1_261' title='bbox 866 2357 999 2397; x_wconf 90' lang='lat' dir='ltr'>quum</span> <span class='ocrx_word' id='word_1_262' title='bbox 1042 2345 1200 2397; x_wconf 90' lang='lat' dir='ltr'>partim</span> <span class='ocrx_word' id='word_1_263' title='bbox 1242 2357 1321 2396; x_wconf 90' lang='lat' dir='ltr'>pro</span> <span class='ocrx_word' id='word_1_264' title='bbox 1364 2342 1618 2385; x_wconf 89' lang='lat' dir='ltr'>coniecturis</span> 
     </span>
     <span class='ocr_line' id='line_1_32' title="bbox 26 2414 1618 2458; baseline -0.002 0"><span class='ocrx_word' id='word_1_265' title='bbox 26 2417 224 2458; x_wconf 89' lang='lat' dir='ltr'>Lambini</span> <span class='ocrx_word' id='word_1_266' title='bbox 282 2419 324 2458; x_wconf 84' lang='lat' dir='ltr'>et</span> <span class='ocrx_word' id='word_1_267' title='bbox 381 2416 563 2457; x_wconf 88' lang='lat' dir='ltr'>aliorum</span> <span class='ocrx_word' id='word_1_268' title='bbox 630 2415 956 2456; x_wconf 86' lang='lat' dir='ltr'>substituissent</span> <span class='ocrx_word' id='word_1_269' title='bbox 1019 2428 1105 2456; x_wconf 91' lang='lat' dir='ltr'>non</span> <span class='ocrx_word' id='word_1_270' title='bbox 1162 2414 1305 2456; x_wconf 90' lang='lat' dir='ltr'>minus</span> <span class='ocrx_word' id='word_1_271' title='bbox 1363 2414 1618 2456; x_wconf 84' lang='lat' dir='ltr'>auctoritate</span> 
     </span>
     <span class='ocr_line' id='line_1_33' title="bbox 27 2484 1619 2540; baseline -0.001 -12"><span class='ocrx_word' id='word_1_272' title='bbox 27 2487 232 2528; x_wconf 88' lang='lat' dir='ltr'>destituta</span> <span class='ocrx_word' id='word_1_273' title='bbox 280 2489 322 2528; x_wconf 89' lang='lat' dir='ltr'>et</span> <span class='ocrx_word' id='word_1_274' title='bbox 368 2487 504 2528; x_wconf 91' lang='lat' dir='ltr'>multo</span> <span class='ocrx_word' id='word_1_275' title='bbox 551 2488 701 2540; x_wconf 92' lang='lat' dir='ltr'>peiora</span> <span class='ocrx_word' id='word_1_276' title='bbox 749 2488 994 2528; x_wconf 88' lang='lat' dir='ltr'>commenta</span> <span class='ocrx_word' id='word_1_277' title='bbox 1040 2485 1284 2537; x_wconf 89' lang='lat' dir='ltr'>hominum,</span> <span class='ocrx_word' id='word_1_278' title='bbox 1341 2485 1414 2538; x_wconf 92' lang='lat' dir='ltr'>qui</span> <span class='ocrx_word' id='word_1_279' title='bbox 1462 2484 1619 2526; x_wconf 80' lang='lat' dir='ltr'>saeculo</span> 
     </span>
     <span class='ocr_line' id='line_1_34' title="bbox 27 2555 1621 2610; baseline -0.002 -11"><span class='ocrx_word' id='word_1_280' title='bbox 27 2557 102 2599; x_wconf 86' lang='lat' dir='ltr'>XV</span> <span class='ocrx_word' id='word_1_281' title='bbox 158 2557 477 2599; x_wconf 87' lang='lat' dir='ltr'>recentissimos</span> <span class='ocrx_word' id='word_1_282' title='bbox 536 2557 703 2599; x_wconf 90' lang='lat' dir='ltr'>codices</span> <span class='ocrx_word' id='word_1_283' title='bbox 761 2556 1097 2610; x_wconf 89' lang='lat' dir='ltr'>interpolarunt,</span> <span class='ocrx_word' id='word_1_284' title='bbox 1156 2557 1314 2609; x_wconf 90' lang='lat' dir='ltr'>partim</span> <span class='ocrx_word' id='word_1_285' title='bbox 1371 2555 1621 2609; x_wconf 90' lang='lat' dir='ltr'>simpliciter</span> 
     </span>
     <span class='ocr_line' id='line_1_35' title="bbox 27 2626 1620 2682; baseline -0.002 -12"><span class='ocrx_word' id='word_1_286' title='bbox 27 2631 237 2682; x_wconf 88' lang='lat' dir='ltr'>tanquam</span> <span class='ocrx_word' id='word_1_287' title='bbox 270 2641 377 2670; x_wconf 90' lang='lat' dir='ltr'>sana</span> <span class='ocrx_word' id='word_1_288' title='bbox 409 2628 704 2669; x_wconf 89' lang='lat' dir='ltr'>defendissent</span> <span class='ocrx_word' id='word_1_289' title='bbox 736 2630 778 2669; x_wconf 88' lang='lat' dir='ltr'>et</span> <span class='ocrx_word' id='word_1_290' title='bbox 817 2627 993 2680; x_wconf 82' lang='lat' dir='ltr'>intelligi</span> <span class='ocrx_word' id='word_1_291' title='bbox 1031 2639 1158 2680; x_wconf 87' lang='lat' dir='ltr'>posse</span> <span class='ocrx_word' id='word_1_292' title='bbox 1195 2628 1424 2680; x_wconf 86' lang='lat' dir='ltr'>putassent</span> <span class='ocrx_word' id='word_1_293' title='bbox 1461 2626 1620 2667; x_wconf 88' lang='lat' dir='ltr'>menda</span> 
     </span>
     <span class='ocr_line' id='line_1_36' title="bbox 29 2697 1619 2751; baseline -0.002 -10"><span class='ocrx_word' id='word_1_294' title='bbox 29 2699 223 2741; x_wconf 90' lang='lat' dir='ltr'>codicum</span> <span class='ocrx_word' id='word_1_295' title='bbox 271 2699 536 2749; x_wconf 87' lang='lat' dir='ltr'>communia,</span> <span class='ocrx_word' id='word_1_296' title='bbox 585 2711 761 2740; x_wconf 89' lang='lat' dir='ltr'>sensum</span> <span class='ocrx_word' id='word_1_297' title='bbox 808 2697 974 2739; x_wconf 88' lang='lat' dir='ltr'>nullum</span> <span class='ocrx_word' id='word_1_298' title='bbox 1020 2697 1247 2747; x_wconf 85' lang='lat' dir='ltr'>habentia,</span> <span class='ocrx_word' id='word_1_299' title='bbox 1297 2711 1393 2751; x_wconf 86' lang='lat' dir='ltr'>quae</span> <span class='ocrx_word' id='word_1_300' title='bbox 1441 2699 1619 2738; x_wconf 90' lang='lat' dir='ltr'>eatenus</span> 
     </span>
     <span class='ocr_line' id='line_1_37' title="bbox 27 2768 1620 2823; baseline -0.001 -13"><span class='ocrx_word' id='word_1_301' title='bbox 27 2772 197 2811; x_wconf 92' lang='lat' dir='ltr'>tantum</span> <span class='ocrx_word' id='word_1_302' title='bbox 245 2783 343 2812; x_wconf 89' lang='lat' dir='ltr'>cum</span> <span class='ocrx_word' id='word_1_303' title='bbox 392 2770 675 2823; x_wconf 89' lang='lat' dir='ltr'>corruptionis</span> <span class='ocrx_word' id='word_1_304' title='bbox 722 2771 825 2810; x_wconf 87' lang='lat' dir='ltr'>nota</span> <span class='ocrx_word' id='word_1_305' title='bbox 873 2768 1118 2810; x_wconf 85' lang='lat' dir='ltr'>revocanda</span> <span class='ocrx_word' id='word_1_306' title='bbox 1165 2770 1308 2819; x_wconf 89' lang='lat' dir='ltr'>erant,</span> <span class='ocrx_word' id='word_1_307' title='bbox 1363 2769 1431 2818; x_wconf 88' lang='lat' dir='ltr'>ut,</span> <span class='ocrx_word' id='word_1_308' title='bbox 1487 2780 1620 2820; x_wconf 88' lang='lat' dir='ltr'>quum</span> 
     </span>
     <span class='ocr_line' id='line_1_38' title="bbox 30 2837 1619 2893; baseline -0.003 -11"><span class='ocrx_word' id='word_1_309' title='bbox 30 2842 146 2882; x_wconf 90' lang='lat' dir='ltr'>certa</span> <span class='ocrx_word' id='word_1_310' title='bbox 199 2841 443 2882; x_wconf 83' lang='lat' dir='ltr'>emendatio</span> <span class='ocrx_word' id='word_1_311' title='bbox 496 2854 583 2882; x_wconf 88' lang='lat' dir='ltr'>non</span> <span class='ocrx_word' id='word_1_312' title='bbox 637 2841 906 2893; x_wconf 87' lang='lat' dir='ltr'>suppeteret,</span> <span class='ocrx_word' id='word_1_313' title='bbox 964 2851 1018 2880; x_wconf 90' lang='lat' dir='ltr'>ne</span> <span class='ocrx_word' id='word_1_314' title='bbox 1076 2838 1324 2880; x_wconf 87' lang='lat' dir='ltr'>luderemur</span> <span class='ocrx_word' id='word_1_315' title='bbox 1379 2837 1619 2879; x_wconf 86' lang='lat' dir='ltr'>temerariis</span> 
     </span>
     <span class='ocr_line' id='line_1_39' title="bbox 32 2909 1618 2964; baseline -0.001 -13"><span class='ocrx_word' id='word_1_316' title='bbox 32 2910 298 2953; x_wconf 86' lang='lat' dir='ltr'>coniecturis.</span> <span class='ocrx_word' id='word_1_317' title='bbox 384 2912 527 2964; x_wconf 89' lang='lat' dir='ltr'>Atque</span> <span class='ocrx_word' id='word_1_318' title='bbox 578 2911 706 2952; x_wconf 90' lang='lat' dir='ltr'>huius</span> <span class='ocrx_word' id='word_1_319' title='bbox 759 2909 926 2964; x_wconf 86' lang='lat' dir='ltr'>generis</span> <span class='ocrx_word' id='word_1_320' title='bbox 980 2909 1061 2952; x_wconf 91' lang='lat' dir='ltr'>loci</span> <span class='ocrx_word' id='word_1_321' title='bbox 1114 2909 1238 2950; x_wconf 88' lang='lat' dir='ltr'>multi</span> <span class='ocrx_word' id='word_1_322' title='bbox 1291 2909 1451 2962; x_wconf 88' lang='lat' dir='ltr'>ubique</span> <span class='ocrx_word' id='word_1_323' title='bbox 1506 2909 1618 2956; x_wconf 88' lang='lat' dir='ltr'>sunt,</span> 
     </span>
    </p>
   </div>
   <div class='ocr_carea' id='block_1_3' title="bbox 1633 727 1681 752">
    <p class='ocr_par' dir='ltr' id='par_1_3' title="bbox 1633 727 1681 752">
     <span class='ocr_line' id='line_1_40' title="bbox 1633 727 1681 752; baseline -0.021 0"><span class='ocrx_word' id='word_1_324' title='bbox 1633 727 1681 752; x_wconf 80' lang='lat'>321</span> 
     </span>
    </p>
   </div>
   <div class='ocr_carea' id='block_1_4' title="bbox 1641 2850 1691 2875">
    <p class='ocr_par' dir='ltr' id='par_1_4' title="bbox 1641 2850 1691 2875">
     <span class='ocr_line' id='line_1_41' title="bbox 1641 2850 1691 2875; baseline 0 0"><span class='ocrx_word' id='word_1_325' title='bbox 1641 2850 1691 2875; x_wconf 80' lang='lat'>322</span> 
     </span>
    </p>
   </div>
  </div>
 </body>
</html>
