1915 3235
111 1727 162 1751 200

932 142 1018 184 560

174 288 307 328 quum
340 273 539 314 Orestem
582 277 625 313 et
668 272 760 313 aliis
801 272 946 312 multis
989 273 1120 313 rebus
1161 285 1187 313 a
1219 273 1401 314 Neronis
1435 274 1597 315 scelere
1631 274 1775 315 seiun-

173 346 361 398 gendum
395 344 623 393 docuisset,
659 345 701 384 et
733 342 848 395 quod
889 355 968 383 nec
1006 343 1050 383 in
1083 356 1212 384 scena
1245 347 1463 385 cantasset
1501 357 1580 385 nec
1621 345 1777 386 Troica.

173 416 428 469 scripsisset,
462 414 619 455 harum
653 415 811 455 artium
844 413 1037 466 principe
1070 413 1344 466 indignarum
1376 415 1619 457 foeditatem
1646 416 1776 457 vehe-

175 486 441 528 mentissime
474 498 637 538 augens
669 484 713 525 in
745 486 839 525 haee
872 485 1059 537 erumpit
1092 485 1225 525 Verba
1259 484 1315 537 (v,
1350 486 1432 526 221
1469 484 1604 538 sqq.):

917 601 1030 652 Quid
1063 602 1177 643 enim
1210 603 1435 655 Verginius
1470 603 1600 643 armis

448 673 610 714 Debuit
641 672 788 714 ulcisci
820 673 957 726 magis
991 676 1065 714 aut
1099 686 1196 714 cum
1230 673 1405 714 Vindice
1439 673 1606 715 Galba?

449 744 561 794 Quid
594 744 707 785 Nero
740 746 832 784 tam
864 757 980 784 saeva
1014 744 1233 797 crudaque
1266 744 1494 798 tyrannide
1527 744 1654 785 fecit?

177 863 351 916 Optima
385 863 551 915 priora;
584 861 678 901 haec
711 861 923 913 posterior
954 862 1233 914 interrogatio
1267 862 1370 914 quid
1399 861 1481 903 sibi
1505 861 1625 902 vult?
1659 860 1779 901 cuius

178 934 294 975 nulla
327 934 411 975 alia
445 945 539 974 esse
574 933 719 984 potest
751 932 980 981 sententia,
1014 932 1094 973 nisi
1127 932 1343 973 Neronem
1376 932 1480 973 nihil
1503 931 1606 973 mali
1629 931 1780 973 fecisse

178 1006 221 1046 in
252 1004 519 1058 principatu3
561 1002 677 1055 quod
717 1004 759 1043 et
790 1015 868 1055 per
901 1015 945 1043 se
979 1002 1219 1044 absurdum
1254 1005 1319 1044 est
1350 1016 1430 1044 nec
1463 1004 1651 1044 cohaeret
1683 1015 1781 1044 cum

178 1077 241 1125 iis,
276 1089 373 1129 quae
407 1076 662 1128 sequuntur,
698 1074 753 1114 ad
788 1075 903 1114 artes
935 1073 1121 1114 ludicras
1154 1074 1336 1115 Neronis
1369 1075 1632 1127 spectantia:
1678 1073 1783 1115 Haec

179 1161 306 1201 opera
350 1151 471 1201 atque
516 1145 581 1186 hoe
625 1149 721 1185 sum}
760 1144 950 1198 yenerosi
984 1145 1196 1198 principis
1230 1150 1353 1198 artes,
1405 1145 1639 1186 Gandaritis
1669 1144 1782 1198 foedo

172 1219 404 1272 peram-ina
438 1217 495 1257 ad
521 1217 692 1271 pulpita
724 1216 835 1256 saltn
869 1215 1071 1256 Prostitm
1104 1218 1183 1256 cet.
1247 1217 1358 1257 Nam
1395 1217 1511 1269 quod
1543 1216 1615 1257 illa
1649 1216 1782 1257 verba

179 1290 222 1329 in
253 1289 366 1329 hanc
398 1287 661 1328 sententiam
694 1287 1054 1339 interpretantur:
1093 1286 1203 1338 Quid
1230 1288 1411 1327 maoei‘me
1431 1286 1519 1340 facit
1543 1287 1780 1341 indiynmn,

179 1360 287 1415 quod
324 1361 370 1400 in
402 1360 515 1400 omni
555 1372 633 1399 sua
674 1357 902 1412 tyrannide
946 1357 1119 1399 admisit
1161 1357 1313 1409 Nero&
1363 1358 1405 1399 id
1437 1357 1656 1398 inverbis
1689 1370 1777 1398 non

181 1433 258 1472 est.
321 1431 472 1483 Itaque
519 1429 611 1470 iure
659 1429 796 1469 haeret
843 1428 1095 1481 Rupertius.
1169 1429 1431 1470 Schmidtius
1479 1431 1625 1470 autem
1674 1429 1783 1469 mira

181 1504 342 1543 narrat.
406 1501 518 1542 Nam
551 1513 725 1541 versum
760 1499 845 1540 223
878 1500 939 1540 sic
972 1500 1166 1552 exponit:
1217 1500 1354 1550 „Quid
1387 1500 1488 1540 fecit
1520 1500 1633 1540 Nero
1666 1499 1780 1540 intra

181 1575 245 1614 tot
276 1572 414 1625 longae
449 1571 719 1623 crudelisque
761 1570 1067 1612 dominationis
1111 1584 1261 1621 annos,
1310 1573 1488 1623 propter
1531 1570 1647 1623 quod
1689 1571 1781 1611 iure

182 1644 402 1696 libereque
435 1642 630 1695 praeferri
662 1642 798 1694 possit
831 1642 1007 1682 Senecae
1039 1642 1267 1694 ignobili?“
1323 1642 1457 1682 Valde
1490 1642 1543 1682 de
1571 1655 1649 1682 suo
1676 1641 1783 1682 libe-

182 1715 282 1755 ralis
317 1717 401 1763 est3
435 1728 537 1754 nam
570 1727 657 1754 non
690 1713 829 1754 solum
864 1712 997 1762 addit,
1032 1726 1128 1765 quae
1161 1726 1248 1753 non
1281 1712 1386 1753 dixit
1409 1715 1551 1765 poeta,
1587 1712 1663 1752 sed
1686 1725 1783 1765 quae

182 1786 252 1826 Vix
285 1785 484 1826 videatur
517 1785 659 1825 dicere
693 1784 893 1825 voluisse.
958 1784 1095 1824 Nemo
1138 1784 1253 1824 enim
1294 1783 1420 1824 facile
1451 1783 1495 1824 in
1529 1783 1614 1824 his:
1668 1782 1779 1834 Quid

181 1856 281 1909 feeit
311 1861 398 1896 tum
430 1870 541 1896 soera
573 1855 832 1910 tyrrannide?
861 1856 985 1907 putet
1018 1855 1070 1895 de
1093 1855 1204 1895 bene
1236 1854 1360 1894 factis
1384 1856 1426 1894 et
1448 1853 1612 1894 meritis
1635 1854 1783 1906 quaeri.

184 1927 309 1977 Quod
342 1929 489 1968 autem
521 1927 615 1967 haec
648 1926 783 1966 verba
815 1928 945 1978 negat
977 1926 1193 1978 pertinere
1218 1924 1272 1966 ad
1296 1925 1483 1977 priorem
1508 1925 1782 1975 sententiam,

184 1997 260 2039 sed
292 2000 481 2051 poetam,
531 1997 733 2038 absoluta
777 1996 1040 2049 digressione
1081 1997 1134 2037 de
1167 1995 1349 2037 Neronis
1382 1996 1507 2045 vitiis,
1556 1995 1696 2036 redire
1729 1995 1787 2036 ad

186 2069 241 2118 id,
277 2069 392 2121 quod
424 2069 526 2109 inde
560 2082 585 2108 a
618 2081 746 2108 versu
780 2068 859 2107 211
896 2070 1086 2108 tractare
1119 2067 1363 2117 instituerit,
1404 2066 1447 2107 id
1480 2066 1549 2107 vix
1584 2067 1786 2119 cuiquam

186 2139 480 2192 persuadebit,
532 2139 603 2191 qui
647 2138 815 2187 viderit,
866 2152 1040 2191 prorsus
1086 2138 1138 2178 de
1181 2137 1335 2178 iisdem
1377 2137 1558 2178 Neronis
1601 2137 1712 2178 vitiis
1746 2139 1788 2178 et

187 2210 366 2250 scenicis
400 2210 568 2251 artibus
602 2210 670 2262 agi
703 2209 910 2262 proximis
942 2210 1152 2250 versibus.
1210 2209 1336 2259 Quod
1368 2221 1455 2249 non
1487 2207 1660 2248 difficile
1694 2211 1788 2248 erat

187 2280 345 2330 videre,
380 2282 498 2321 venit
521 2281 652 2321 etiam
682 2281 893 2332 Rupertio
926 2281 969 2320 in
1001 2282 1191 2320 mentem
1227 2278 1288 2332 (in
1322 2281 1552 2320 comment.
1586 2280 1674 2320 not.
1699 2276 1786 2330 73),

188 2351 264 2391 sed
296 2351 476 2392 firmiter
509 2351 870 2404 comprehensum
903 2364 990 2392 non
1031 2354 1107 2401 est,
1156 2363 1329 2391 versum
1370 2350 1456 2390 223
1496 2363 1583 2390 non
1625 2362 1702 2402 per
1741 2361 1786 2389 se

188 2422 417 2474 legendum
461 2435 569 2471 esse,
620 2435 671 2462 ex
716 2435 800 2474 quo
845 2422 1028 2462 efficitur
1071 2422 1383 2462 absurdissima
1426 2421 1660 2470 sententia,
1710 2419 1788 2461 sed

188 2493 398 2544 superiori
446 2493 811 2545 coniungendum,
861 2493 978 2533 nulla
1032 2506 1166 2545 prope
1222 2492 1480 2540 mutatione;
1537 2490 1784 2531 difficillime

190 2562 302 2602 enim
346 2576 462 2615 saepe
504 2564 547 2603 in
590 2564 808 2604 codicibus
853 2563 1089 2614 distinguas
1129 2562 1384 2615 compendia
1426 2575 1580 2603 vocum
1613 2560 1714 2616 quid
1746 2563 1788 2601 et

190 2633 297 2687 quod
331 2636 479 2685 estque
515 2646 665 2674 earum
698 2637 911 2686 perpetua
944 2633 1151 2675 confusio.
1216 2633 1498 2674 Scribendum
1542 2634 1605 2672 est
1637 2631 1786 2684 igitur:

939 2750 1052 2800 Quid
1086 2750 1199 2791 enim
1234 2749 1446 2802 Virginius
1480 2750 1611 2790 armis

464 2821 623 2861 Debuit
655 2821 801 2862 ulcisci
834 2822 972 2874 magis
1005 2810 1080 2861 aut
1113 2834 1211 2861 cum
1243 2820 1419 2861 Vindice
1454 2820 1605 2868 Galba,

468 2891 585 2942 Quod
617 2891 730 2932 Nero
762 2893 851 2932 tam
886 2905 1001 2932 saeva
1036 2892 1254 2943 crudaque
1286 2890 1514 2943 tyrannide
1549 2889 1675 2931 fecit?
