1915 3235
827 136 910 177 299

77 271 233 312 cationi
265 270 411 311 obstat
442 269 582 321 ipsum
619 266 878 308 vocabulum
911 266 1164 320 eoynatlone,
1198 264 1314 317 quod
1340 264 1460 304 iubet
1491 263 1664 316 proprie

75 341 210 394 accipi
243 340 421 381 verbum
456 339 685 392 (tulnffunm
734 336 917 377 Orellius
957 337 1102 376 autem
1136 334 1307 376 solitam
1338 342 1554 383 neoiqpamu
1587 347 1664 386 ap-

75 412 240 465 pellans
272 410 376 451 nihil
410 410 519 462 agit3
551 421 650 448 nam
686 407 803 459 quod
835 406 988 447 dicitur
1020 405 1124 446 illud
1156 406 1318 458 optime
1351 405 1515 457 aliquot
1547 405 1662 453 locis,

74 495 160 524 non
192 485 339 522 tamen
370 493 516 520 nomen
540 479 690 532 populi
721 477 835 518 idem
869 476 1080 529 significat
1103 489 1301 528 usquam,
1336 475 1452 528 quod
1469 476 1663 529 populus,

76 555 117 593 et
149 550 172 603 ἓ
205 551 273 601 97,
323 550 491 591 etiamsi
531 563 617 591 non
656 548 813 589 rectius
852 547 943 600 ipse
985 547 1188 588 edidisset
1228 547 1395 600 imperil
1425 547 1575 600 populi
1613 546 1666 586 R.

76 636 233 672 nomen,
281 625 430 662 tamen
468 633 554 661 non
587 632 691 660 sane
716 619 899 672 populns
930 617 983 658 R.
1018 617 1230 658 diceretur
1263 616 1485 670 Syracusis
1519 616 1665 657 fuisse.

75 693 215 734 Etiam
249 692 301 733 de
334 692 541 732 Vaticano
575 690 719 731 codice
755 703 806 730 ex
838 689 1006 730 silentio
1039 688 1139 729 Maii
1179 701 1333 740 parum
1371 690 1464 728 tuto
1499 687 1666 728 coniec-

74 763 157 804 tari
188 763 334 803 multis
374 761 540 802 indiciis
572 763 705 814 patet.
770 760 956 802 Causam
996 762 1143 800 tamen
1182 758 1523 810 interpolationis
1563 770 1667 799 sane

73 846 160 875 non
192 833 373 885 reperio.

194 904 255 945 De
288 904 393 953 loco,
429 902 499 955 qui
533 905 597 943 est
629 915 663 943 o.
698 902 767 951 38,
804 901 900 951 100,
944 903 1059 942 recte
1093 902 1272 940 eatenus
1306 913 1331 940 a
1364 913 1432 941 me
1467 899 1669 941 dissensit

74 975 312 1027 Zumptius,
362 973 476 1026 quod
523 972 735 1013 hominnm
782 977 1021 1013 conventum
1069 976 1189 1025 (elque
1235 970 1543 1011 multiwdmm
1581 983 1667 1011 non

73 1045 277 1093 mutavit3
325 1046 441 1085 recte
479 1044 591 1084 enim
626 1044 822 1084 homines
853 1045 1089 1096 praesentes
1122 1044 1305 1083 vetustae
1337 1041 1482 1094 gloriae
1515 1044 1557 1082 et
1589 1041 1667 1082 ab-

75 1116 208 1158 sentis
250 1115 397 1168 populi
435 1114 623 1156 Romani
663 1114 825 1155 nomini
857 1113 1168 1166 adiunguntur3
1217 1113 1294 1160 sed
1338 1112 1532 1153 dativum
1577 1112 1668 1153 iure

74 1185 361 1239 requirebam,
397 1188 438 1226 et
470 1185 586 1238 quod
619 1184 810 1226 defendit
843 1183 925 1224 dici
960 1197 1211 1238 myoparone
1243 1183 1501 1237 lrc'mnplzmn
1531 1196 1666 1237 (lyei-e,

73 1270 161 1299 non
192 1270 269 1310 per
301 1270 361 1306 se,
395 1256 472 1297 sed
503 1255 792 1296 redundantia
826 1255 1025 1296 Vitiosum
1050 1257 1127 1303 est,
1162 1255 1351 1296 maxime
1373 1254 1416 1294 in
1439 1255 1521 1294 hac
1551 1266 1667 1294 com-

73 1328 304 1381 positione:
330 1327 514 1381 pe'ralioo
547 1338 812 1379 myoparone
834 1326 1102 1377 triumphum
1126 1338 1253 1378 agere
1278 1326 1485 1379 piratam.
1540 1324 1667 1365 Com-

72 1399 201 1440 mode
232 1398 360 1451 igitur
392 1397 592 1439 subvenit
623 1396 890 1438 addubitata}
929 1396 1029 1436 fidei
1063 1396 1218 1437 silentii
1252 1395 1490 1437 collationis
1523 1395 1667 1437 Haun.

75 1469 209 1511 codex
240 1469 338 1510 Par.
373 1468 487 1509 7774
507 1468 559 1516 Α,
594 1480 645 1508 ex
678 1480 762 1519 quo
795 1467 1034 1519 Krarupius
1068 1468 1315 1522 myoparoni
1347 1466 1551 1507 enotavit.
1600 1466 1668 1506 ln-

72 1539 420 1592 terpungendum
464 1541 529 1580 est
572 1538 700 1591 igitur
732 1538 812 1579 sic:
861 1537 1074 1578 hominnm
1117 1543 1358 1578 conventum
1403 1542 1523 1592 atque
1567 1537 1669 1577 mul-

74 1610 293 1651 titudinem
318 1610 502 1663 piratz'co
534 1610 784 1663 myoparoni
793 1624 810 1660 ‚·
842 1609 888 1649 in
912 1613 1039 1662 portu
1074 1612 1153 1650 cet.

193 1681 238 1723 C.
271 1681 341 1731 40,
384 1681 468 1722 104
506 1679 744 1732 Zumptius,
795 1680 910 1732 quod
941 1679 1028 1720 iam
1062 1679 1288 1731 aliquoties
1322 1678 1528 1719 accidisse
1561 1678 1669 1718 vidi-

73 1765 183 1802 mus,
232 1753 275 1793 in
314 1751 513 1793 dissensu
552 1751 765 1792 bonorum
807 1750 1002 1791 codicum
1043 1752 1216 1791 secutus
1260 1752 1324 1790 est
1356 1750 1584 1790 inferiores
1618 1762 1669 1789 ex

73 1823 156 1864 hac
188 1822 364 1872 familia,
399 1822 583 1863 fortasse
617 1821 732 1874 quod
764 1822 1006 1874 principum
1040 1821 1251 1873 scriptura
1280 1821 1440 1861 satisne
1469 1822 1670 1861 accurate

73 1895 224 1935 notata
257 1895 370 1934 esset
401 1892 645 1933 dubitabat.
708 1893 816 1933 Nam
853 1905 905 1933 ex
938 1892 1090 1933 Guelff.
1126 1894 1167 1932 et
1199 1891 1317 1932 Leid.
1353 1892 1506 1933 edidit:
1559 1890 1671 1942 Quid

74 1964 124 2005 cle
169 1964 380 2005 Cleomene
418 1963 517 2016 fiet?
561 1963 721 2015 Regius
765 1965 910 2004 autem
953 1966 996 2003 et
1037 1963 1135 2004 Par.
1170 1963 1284 2002 7774
1315 1962 1354 2002 Α
1397 1964 1439 2002 et
1471 1961 1671 2002 Lambini

74 2034 258 2075 habent:
309 2034 420 2085 Quid
470 2034 682 2074 Cleomene
726 2033 807 2086 fiet,
857 2046 908 2074 ex
956 2046 1042 2086 qua
1089 2032 1302 2085 scriptura
1342 2035 1389 2073 ut
1428 2031 1669 2084 vulgarium
1693 2045 1721 2067 π

78 2104 297 2154 Cleomeni,
330 2105 391 2146 ita
422 2105 525 2145 illud
558 2104 608 2144 de
633 2104 694 2145 Cl.
727 2109 869 2146 ortum
903 2118 997 2146 esse
1020 2103 1234 2152 addendo,
1270 2103 1385 2156 quod
1418 2102 1474 2143 ad
1496 2103 1670 2155 plenam

75 2176 315 2218 orationem
348 2176 499 2217 deesse
532 2176 763 2226 videretur,
812 2177 882 2216 vix
923 2175 1152 2224 dubitabit,
1202 2175 1274 2227 qui
1307 2173 1462 2214 similia
1495 2173 1670 2226 supple-

75 2249 223 2288 menta
253 2247 408 2288 viderit
439 2246 496 2288 ad
527 2247 647 2287 Fam.
681 2246 788 2296 XIV,
821 2247 861 2296 4,
896 2246 921 2287 3
955 2245 1047 2299 (ubi
1073 2245 1117 2286 in
1144 2245 1335 2286 Mediceo
1360 2244 1410 2284 de
1442 2242 1670 2296 omittitur)

75 2320 119 2359 et
165 2317 218 2358 de
263 2317 415 2370 imper.
463 2318 615 2370 Pomp.
649 2317 725 2367 20,
774 2317 829 2358 59
885 2316 975 2369 (ubi
1026 2316 1069 2357 in
1117 2315 1293 2357 meliore
1341 2315 1464 2356 codd.
1513 2327 1669 2367 genere

76 2385 278 2441 abest).¹)
340 2388 465 2438 Quod
512 2388 736 2440 Zumptius
785 2389 969 2429 alterum
1024 2388 1090 2437 „in
1136 2386 1218 2427 hac
1257 2386 1566 2439 significatione
1615 2386 1668 2426 (le

74 2459 306 2512 prodendis
340 2472 390 2500 ac
422 2459 705 2500 destituendis
738 2459 1008 2500 hominibus“
1047 2457 1378 2498 usitatissimum
1420 2469 1513 2497 esse
1547 2456 1668 2498 Cice-

75 2530 168 2572 roni
200 2530 360 2580 scribit,
401 2530 555 2572 dicitur
587 2531 728 2583 potius
762 2530 814 2570 de
848 2530 977 2578 exitu,
1018 2528 1121 2578 fato,
1171 2527 1287 2581 quod
1320 2527 1414 2579 quis
1446 2527 1667 2580 neglectus

75 2614 154 2643 nec
186 2602 358 2642 adiutus
393 2602 591 2654 aliquave
623 2614 691 2642 res
724 2614 809 2642 non
843 2602 993 2641 curata
1025 2599 1229 2640 habitura
1255 2599 1328 2647 sit3
1362 2599 1405 2638 in
1438 2611 1489 2638 ea
1522 2600 1668 2639 autem

76 2672 382 2726 significatione
416 2672 532 2725 apud
555 2671 803 2714 Ciceronem
827 2669 1076 2724 praepositio
1098 2683 1185 2711 non
1208 2669 1417 2719 adiicitur,
1451 2668 1531 2709 nisi
1560 2668 1670 2709 forte
1719 2723 1722 2727 Ι

113 2834 141 2878 ¹)
167 2834 300 2878 [Etiam
326 2836 422 2879 apud
448 2835 589 2870 Livium
617 2835 757 2876 XXVII,
791 2834 845 2875 16,
878 2833 900 2866 8
926 2834 1121 2868 deteriores
1147 2833 1287 2868 codices
1313 2835 1354 2867 cle
1380 2832 1518 2866 addunt
1544 2835 1668 2865 contra

170 2893 363 2938 meliores]
