1915 3235
822 150 904 192 115

69 279 306 332 negationis
347 278 391 319 in
433 280 515 319 hac
554 280 767 320 sententia
809 280 931 320 ratio.
1000 279 1095 332 Ipse
1139 278 1312 332 quidem
1356 289 1508 317 sensus
1551 276 1655 316 satis
1678 290 1727 315 142

66 351 199 403 patet.
262 349 418 390 Omnia
450 349 564 390 enim
597 362 642 390 se
675 349 822 390 Cicero
862 350 921 390 ait
953 349 1147 391 Catilinae
1180 348 1356 390 consilia
1389 349 1655 399 conatusque

66 434 148 462 non
177 420 296 460 modo
329 419 492 472 audire,
525 419 597 460 sed
629 420 752 460 etiam
776 419 928 460 videre.
977 420 1024 460 In
1051 419 1258 460 librorum
1284 419 1497 471 scriptura
1523 431 1656 470 quum

69 493 216 544 aperte
250 491 420 531 deesset.
450 489 620 542 negatio
653 488 752 543 (hoc
785 491 899 531 enim
930 491 974 531 in
1006 489 1255 548 ea'dicitur:
1290 488 1396 530 nihil
1429 490 1506 538 est,
1541 488 1658 540 quod

68 562 208 603 dicere
239 562 401 614 possim
433 574 502 602 me
534 573 621 602 non
653 560 792 601 solum
824 561 986 610 audire,
1026 560 1103 601 sed
1136 560 1266 601 etiam
1298 560 1456 609 videre,
1502 559 1546 600 id
1578 561 1656 602 est.

69 632 197 674 audio
229 632 417 685 quidem:
436 631 650 684 quaedam,
683 631 760 672 sed
782 644 868 672 non
893 630 1048 683 video),
1083 630 1367 683 confugerunt
1395 630 1451 671 ad
1476 630 1657 682 ellipsin,

67 705 115 744 ut
152 716 234 744 non
271 702 409 742 modo·
429 716 507 755 pro
546 715 628 742 non
665 701 783 742 modo
822 715 904 742 non
941 703 1130 754 positum
1171 703 1297 751 esset,
1346 714 1431 753 quo
1480 700 1659 741 artificio

66 773 337 826 negationem
370 773 602 822 lucrantur,
651 773 911 813 sententiam
942 772 1126 821 nullam3
1176 774 1291 813 esset
1330 772 1446 813 enim
1485 772 1567 812 hoc
1599 771 1659 812 ita

70 844 243 893 dictum,
284 857 334 884 ac
371 844 406 884 si
434 844 659 885 *contraria
703 848 846 884 essent
887 843 1038 884 audire
1086 845 1128 884 et
1166 843 1317 892 videre,
1358 844 1407 883 ut
1445 842 1660 883 sententia

71 914 163 955 haec
202 913 461 955 efficeretur:
510 919 672 955 tantum
719 913 843 967 abest,
891 918 936 954 ut
983 913 1172 965 audiam„
1219 917 1264 953 ut
1311 913 1436 953 etiam
1475 911 1660 959 videam,

70 984 223 1026 deinde
256 985 386 1026 etiam
419 985 556 1037 magis
589 985 786 1026 ridicule:
834 984 942 1025 nihil
982 990 1051 1037 est,
1099 984 1208 1039 quod
1246 988 1410 1024 tantum
1450 982 1569 1035 absit,
1617 986 1662 1023 ut

71 1054 257 1107 audiam,
305 1060 350 1095 ut
381 1056 505 1096 etiam
537 1055 722 1104 υἱᾱθαφης
770 1056 916 1108 itaque
948 1056 1076 1108 plane
1110 1067 1496 1107 supervacaneam,
1546 1052 1662 1106 quod

68 1125 123 1167 ad
153 1126 267 1167 hunc
298 1126 439 1167 locum
473 1127 638 1175 attinet,
672 1139 857 1179 operam
890 1128 1078 1176 sumunt,
1114 1126 1185 1178 qui
1217 1138 1299 1165 non
1331 1124 1451 1165 modo
1479 1137 1660 1177 pronon

68 1196 187 1237 modo
219 1210 300 1237 non
331 1197 374 1237 in
406 1196 479 1238 tali
513 1198 725 1238 sententia
757 1210 843 1238 non
876 1197 970 1246 dici,
1005 1210 1105 1238 vere
1139 1209 1257 1246 sane,
1299 1191 1518 1247 docent.¹)
1566 1195 1663 1235 Fuit

69 1268 212 1317 etiam,
247 1268 319 1320 qui
350 1281 433 1308 mm
463 1267 582 1307 modo
609 1281 691 1308 non
721 1267 940 1317 scriberet,
975 1267 1236 1309 Goerenzius.
1285 1267 1485 1319 Plerique
1516 1268 1662 1307 autem

73 1351 204 1391 quum
237 1338 418 1380 obscure
450 1338 671 1387 sentirent,
713 1339 844 1379 etiam
878 1339 933 1379 ad
964 1338 1136 1379 videndi
1167 1341 1210 1379 et
1241 1337 1447 1379 sentienda·
1479 1336 1662 1378 verbum

70 1410 284 1462 pertinere
331 1410 607 1462 negationem
656 1409 815 1450 debere
863 1408 1022 1462 (dicere
1071 1409 1186 1449 enim
1234 1409 1508 1458 Ciceronem,
1557 1407 1662 1448 nihil

69 1493 175 1530 esse,
210 1480 325 1533 quod
355 1493 442 1521 non
474 1478 668 1532 videret),
703 1480 792 1521 sive
825 1480 984 1521 Cuiacii
1017 1480 1106 1521 sive
1141 1479 1248 1520 alius
1281 1479 1661 1532 interpolationem

68 1552 202 1593 secuti
235 1551 448 1604 duplicem
473 1545 1026 1604 negationem'intulerunt;
1060 1564 1190 1603 quam
1216 1550 1475 1603 scripturam
1502 1550 1660 1590 frustra

69 1621 380 1674 intempestivis
429 1622 678 1663 cruditionis
727 1622 858 1674 copiis
915 1621 1105 1662 defendit
1160 1621 1350 1662 Beierus.
1436 1621 1547 1661 Nam
1603 1621 1663 1662 sic

70 1695 376 1745 comparantur
407 1707 489 1733 non
522 1693 697 1733 audiam
729 1695 772 1733 et
810 1706 892 1732 non
927 1691 1100 1742 rideam,
1142 1691 1382 1744 diciturque
1423 1705 1503 1732 non
1543 1691 1663 1732 modo

69 1763 173 1805 illud
212 1764 351 1805 locum
390 1763 573 1813 habere,
622 1763 694 1804 sed
733 1765 856 1804 etiam
894 1764 996 1812 hoc;
1045 1764 1161 1816 quod
1198 1766 1346 1804 tamen
1387 1763 1536 1803 Latine
1577 1776 1664 1804 non

71 1835 141 1876 illo
172 1835 301 1876 modo
335 1835 531 1883 effertur;
580 1834 809 1875 dicendum
851 1837 915 1875 est
947 1836 1082 1875 enim:
1130 1847 1211 1874 non
1244 1833 1364 1873 modo
1397 1832 1458 1886 (id
1491 1836 1567 1881 est,
1617 1836 1664 1874 ut

69 1906 419 1958 interpretantur,
461 1919 541 1945 non
574 1905 692 1945 modo
723 1903 822 1957 non)
863 1905 1050 1957 audiam,
1092 1904 1164 1945 secl
1195 1918 1244 1945 ne
1280 1904 1442 1944 videam
1474 1904 1662 1959 quidemn

71 1976 225 2017 deinde
257 1989 343 2018 non
374 1976 583 2028 impedita
615 1976 766 2026 solum,
816 1976 893 2017 sed
930 1976 1187 2028 perridicula
1227 1975 1409 2016 efficitur
1449 1977 1662 2017 sententia

73 2060 124 2088 ex
155 2048 221 2088 his
255 2050 297 2088 et
328 2047 422 2096 illis,
459 2060 554 2099 quae
586 2047 856 2099 praecedunt:
890 2047 994 2087 nihil
1027 2060 1120 2087 esse
1153 2059 1204 2087 ex
1233 2041 1427 2087 Catilinae
1461 2047 1661 2090 consiliis.

73 2118 188 2170 quod
220 2117 427 2159 affirmari
458 2118 594 2171 possit
618 2118 867 2159 Ciceronem
901 2132 979 2158 non
1004 2117 1123 2158 modo
1150 2116 1312 2167 awldre,
1346 2117 1418 2158 sed
1451 2132 1499 2157 ne
1527 2118 1662 2158 cidere

109 2268 137 2313 ¹)
162 2271 313 2305 Faciunt
338 2271 406 2305 hoc
432 2271 606 2315 plerique,
646 2271 706 2315 qui
738 2282 794 2304 res
827 2270 966 2304 criticas
999 2274 1155 2304 tractant
1181 2271 1357 2315 imperite,
1398 2274 1448 2312 ut,
1488 2282 1560 2305 non
1587 2283 1663 2316 per-

166 2333 288 2374 specta
314 2329 536 2365 difficultatis
563 2334 598 2365 et
624 2329 858 2364 dubitationis
884 2330 967 2364 sede
1001 2333 1035 2363 et
1068 2333 1208 2371 natura,
1241 2330 1365 2374 longas
1400 2331 1663 2375 disputationes

167 2389 370 2430 instituant,
409 2400 504 2433 saepe
530 2389 650 2430 falsas,
688 2389 871 2423 interdum
897 2399 1011 2430 veras,
1049 2389 1113 2422 sed
1147 2399 1226 2432 quae
1259 2389 1374 2433 ipsam
1410 2400 1487 2423 rem
1514 2400 1587 2423 non
1614 2392 1663 2423 at—

167 2448 323 2492 tingant;
363 2448 423 2482 alii
461 2447 613 2481 citandis
651 2448 802 2482 testibus
840 2451 903 2482 aut
939 2459 1069 2491 parum
1107 2447 1345 2492 locupletibus
1384 2452 1446 2482 aut
1481 2448 1542 2492 qui
1575 2448 1664 2482 nihil

167 2506 298 2548 dicant,
333 2507 432 2551 quod
459 2507 503 2540 ad
531 2517 608 2540 rem
634 2507 823 2550 pertineat,
857 2506 1003 2550 defungi
1029 2507 1181 2540 malunt.
1231 2507 1283 2540 Ex
1308 2507 1427 2550 priore
1453 2518 1583 2551 genere
1611 2511 1665 2542 est

167 2566 211 2599 ad
238 2566 334 2600 hunc
360 2566 492 2607 locum,
533 2568 573 2599 ut
605 2566 649 2599 ad
683 2566 771 2599 alios
798 2565 946 2609 aliquot,
984 2565 1152 2599 Beneckii
1179 2566 1376 2607 annotatio,
1416 2566 1476 2610 qui
1504 2577 1549 2600 ne
1575 2566 1661 2600 illud

170 2625 316 2668 quidem
349 2625 515 2667 attendit,
555 2624 696 2659 etiamsi
729 2636 799 2659 non
831 2626 930 2658 modo
962 2635 1026 2668 pro
1059 2636 1128 2659 non
1159 2626 1260 2659 modo
1294 2636 1363 2659 non
1397 2625 1575 2659 diceretur
1601 2628 1663 2659 aut

168 2683 218 2717 ita
251 2683 486 2725 scriberetur,
525 2684 648 2718 deesse
680 2686 803 2718 tamen
835 2694 946 2717 unam
979 2684 1207 2727 negationem
1242 2684 1286 2717 ad
1320 2694 1398 2717 eam
1435 2683 1662 2727 scripturam,

169 2753 279 2786 quam
303 2742 379 2786 ipse
404 2743 581 2787 probavit,
616 2742 794 2787 explicare
826 2753 871 2776 ne
896 2742 1049 2776 tentavit
1075 2742 1232 2786 quidem.
1283 2742 1437 2776 Infinitae
1463 2745 1547 2776 sunt
1573 2742 1663 2775 eius—

169 2801 266 2835 modi
292 2801 336 2835 de
367 2801 490 2836 multis
524 2802 654 2836 harum
686 2801 902 2842 orationum,
941 2804 982 2835 ut
1013 2801 1057 2834 de
1091 2801 1244 2835 aliorum
1278 2801 1493 2845 scriptorum
1527 2801 1662 2835 Cicero-

168 2860 371 2902 manorum,
410 2860 496 2894 locis
534 2860 795 2904 disputationes
829 2859 1091 2894 Germanorum
1130 2861 1371 2904 quorundam,
1410 2860 1515 2903 longe
1553 2859 1662 2893 etiam

168 2918 347 2953 Beneckio
373 2918 595 2960 inferiorum,
629 2929 718 2962 quas
749 2918 907 2952 refutare
933 2918 1005 2952 otio
1031 2919 1213 2953 abutentis
1240 2922 1304 2953 est.
1355 2918 1435 2952 Dixi
1461 2918 1582 2958 semel,
1617 2928 1662 2951 ne

169 2977 249 3020 quis
274 2978 476 3019 miraretur,
505 2988 568 3011 cur
593 2988 719 3011 earum
746 2977 882 3012 nuHam
908 2977 1086 3011 rationem
1112 2977 1331 3011 habuissem.

1340 3035 1380 3068 8*

1683 1563 1735 1588 143
