1915 3235
132 1867 183 1892 225

960 163 1045 205 582

202 307 303 336 men
336 294 564 336 relativum
597 293 834 335 interiecta.
885 293 1004 335 Idem
1041 293 1235 347 Virgilius
1270 294 1373 336 facit
1403 308 1490 337 non
1521 309 1632 345 raro,
1667 310 1800 349 quum

201 365 245 407 in
278 365 459 406 relativa
491 365 705 406 sententia
738 364 850 418 (AEn.
882 365 931 415 ΙΙ,
973 364 1071 415 275,
1105 365 1209 415 VIII,
1247 365 1342 416 141,
1376 366 1451 407 ubi
1482 367 1587 408 tollit
1619 370 1684 409 est
1714 382 1801 410 sus-

201 437 297 477 tulit
328 440 364 477 et
395 449 505 476 nunc
531 436 717 485 sustinet,
758 435 827 486 IX,
862 436 961 486 266,
996 436 1095 486 361,
1131 436 1230 486 362,
1270 436 1341 485 ΧΙ,
1386 437 1481 486 172,
1517 437 1674 490 quibus
1699 438 1802 481 locis

200 520 279 560 pro
312 506 741 560 plusquamperfecto
773 519 966 560 praesens
1006 509 1086 557 est,
1135 506 1382 560 frustraque
1423 521 1449 549 a
1488 508 1707 562 Wagnero
1746 510 1803 551 ad

202 580 419 620 certorum
461 577 833 619 substantivorum
875 579 1187 631 proprietatem
1229 577 1298 619 hic
1340 591 1443 620 usus
1490 578 1802 633 adstringitur),

200 651 294 690 tum
327 649 370 689 in
402 649 772 690 demonstratione
806 649 910 690 certi
941 649 1090 702 puncti
1121 649 1330 702 praeteriti
1360 650 1567 702 temporis
1608 649 1720 703 (AEn.
1753 651 1801 701 ΙΙ,

202 719 301 770 665,
340 719 408 770 IV,
450 719 549 770 549,
591 718 698 772 [Εο1.
731 719 837 770 VIII,
877 718 988 773 45]).
1050 719 1211 762 Imitati
1243 720 1315 761 alii
1347 723 1501 773 poetae,
1550 725 1596 762 ut
1629 722 1802 764 Persius

201 791 245 832 in
277 790 410 832 satira
443 793 599 843 quarta
632 804 671 832 V.
705 791 752 832 2:
797 790 1037 832 Barbatum
1075 791 1149 832 hoc
1189 791 1309 832 crede
1347 793 1598 846 mayistrum
1638 792 1802 845 Dicere,

201 862 370 904 sorbitio
402 863 508 903 tollit
540 876 659 917 quem
691 862 791 902 dira
814 858 1018 914 cicutoe.¹)
1067 862 1164 903 Non
1196 862 1493 904 dubitabimus
1526 863 1666 916 igitur,
1701 864 1804 917 quin

201 933 317 975 idem
350 933 557 975 Horatius
592 946 723 974 ausus
757 934 812 974 sit
843 935 941 986 post
980 933 1327 975 coniunctionem
1368 948 1506 988 qainon,
1555 935 1804 987 praesentis·

202 1018 286 1059 que
320 1006 375 1046 sit
405 1005 614 1058 temporis
647 1004 777 1045 donat
815 1005 858 1045 in
891 1004 981 1046 Sat.
1015 1004 1044 1054 I,
1086 1004 1126 1053 2,
1167 1004 1222 1045 56
1266 1002 1451 1057 (amator
1493 1004 1682 1059 Oriyz‘nis
1720 1006 1803 1059 ille,

201 1078 273 1132 qm·
311 1078 507 1131 patrium
553 1076 692 1116 mimae
739 1075 868 1116 donat
913 1074 1178 1129 fundumque
1225 1074 1453 1130 laremque)
1495 1078 1537 1116 et
1576 1075 1731 1117 dormit
1761 1076 1805 1118 in

201 1148 292 1190 Sat.
315 1148 364 1198 ΙΙ,
399 1148 438 1199 3,
472 1148 526 1189 61
562 1146 706 1202 (quam
731 1146 878 1200 Fufius
911 1146 1049 1187 ebrius·
1080 1146 1191 1199 olim,
1229 1147 1364 1198 Quum
1388 1145 1573 1187 Ilionam
1597 1146 1803 1200 edomuit),

202 1219 359 1272 quibus
391 1219 494 1260 locis
527 1219 662 1260 utitur
701 1218 926 1270 Zumptius
960 1216 983 1269 ἓ
1020 1217 1103 1258 160
1134 1219 1223 1259 not.
1258 1217 1315 1258 ad
1347 1230 1584 1271 syncopam
1625 1221 1805 1271 praeter-

201 1290 249 1331 iti
288 1289 623 1331 defendendam.
695 1290 859 1342 Neque,
909 1302 1044 1341 quum
1084 1288 1156 1339 illi,
1205 1302 1313 1341 quos
1346 1289 1484 1341 posui,
1533 1288 1693 1342 Virgilii
1725 1289 1806 1330 loci

202 1374 330 1402 omne
370 1360 619 1403 huiusmodi
661 1360 890 1402 artificium
931 1362 1151 1413 respuant,
1199 1359 1243 1400 id
1284 1360 1590 1401 adhibebimus
1630 1360 1673 1400 in
1713 1360 1805 1401 aliis

202 1431 305 1474 locis
338 1445 514 1484 prorsus
548 1431 742 1473 eiusdem
775 1431 925 1473 formae
960 1430 1130 1484 (Georg.
1164 1431 1194 1480 I,
1229 1431 1313 1472 279
1346 1436 1472 1481 creat,
1506 1431 1601 1472 AEn.
1619 1431 1686 1481 IV,
1721 1432 1805 1473 228

197 1504 396 1558 promisit
430 1526 481 1530 ——
523 1503 723 1551 vindicat,
766 1502 818 1546 X.
860 1502 944 1544 518
985 1516 1085 1557 quos
1124 1502 1272 1543 educat
1320 1502 1480 1555 Ufens).
1544 1502 1665 1544 Illam
1705 1516 1805 1556 syn-

203 1587 357 1627 copam
393 1587 470 1627 ego
503 1575 547 1615 in
579 1576 736 1627 quarta
769 1574 1082 1626 coniugatione,
1132 1574 1175 1614 in
1214 1587 1300 1626 qua
1339 1573 1510 1614 facilem
1544 1573 1806 1626 explicatum

202 1645 336 1686 habet
368 1645 598 1698 geminatae
633 1645 826 1686 eiusdem
861 1645 1020 1686 vocalis
1054 1644 1303 1693 contractio,
1346 1646 1510 1685 certam
1552 1644 1677 1686 video
1711 1658 1806 1686 esse

203 1717 321 1769 apud
352 1718 504 1768 poetas
536 1719 635 1769 post
666 1716 925 1769 Augustum,
968 1716 1085 1768 apud
1116 1716 1351 1768 Augusteae
1385 1715 1524 1756 aetatis
1557 1717 1709 1768 poetas
1741 1715 1806 1757 in—

204 1787 503 1836 certissimam,
538 1789 581 1828 et
612 1789 790 1840 propter
823 1787 1121 1839 exemplorum
1154 1787 1197 1827 in
1222 1787 1350 1828 tertia
1375 1800 1564 1839 persona
1588 1799 1806 1828 summam

202 1858 469 1911 paucitatem
503 1856 623 1911 (nam
657 1858 774 1911 apud
807 1858 1029 1911 Virgilium
1061 1857 1228 1899 AEneid.
1262 1858 1332 1907 IX,
1374 1858 1399 1898 9
1433 1858 1588 1898 ultima
1620 1857 1663 1898 in
1687 1858 1806 1911 petit,

204 1928 374 1970 etiamsi
406 1942 599 1981 praesens
633 1931 711 1971 est.
745 1931 861 1969 recte
894 1929 965 1970 illo
998 1942 1149 1970 versus
1183 1929 1275 1970 loco
1299 1928 1582 1981 producitur),
1618 1931 1659 1969 et
1692 1929 1808 1981 quod

203 2000 297 2040 redi
336 2002 379 2040 et
420 2000 575 2040 similia
619 2001 662 2040 in
703 1999 844 2052 prima
887 2013 1086 2053 persona,
1136 2013 1234 2052 quae
1279 2000 1395 2052 apud
1439 1999 1635 2040 Persium
1679 2004 1719 2040 et
1765 1999 1809 2040 in

204 2071 381 2112 Seneeae
414 2071 635 2123 tragoediis
668 2071 881 2124 leguntur,
915 2071 973 2111 illi
1006 2084 1091 2111 non
1123 2071 1309 2119 habent;
1343 2070 1385 2111 in
1419 2071 1560 2123 prima
1593 2072 1741 2111 autem
1766 2073 1809 2111 et

203 2142 395 2183 secunda
428 2141 729 2195 coniugatione
761 2155 939 2194 prorsus
972 2155 1081 2194 nego
1115 2142 1254 2182 locum
1300 2142 1462 2183 habere
1503 2140 1597 2195 (cfr.
1632 2142 1677 2182 F.
1711 2141 1807 2182 Rit-

204 2215 285 2255 teri
334 2214 545 2255 Element.
589 2226 771 2266 gramm.
816 2214 909 2254 Lat.
952 2226 994 2265 p.
1033 2212 1155 2265 142),
1206 2212 1480 2265 maximeque
1530 2212 1664 2253 miror
1711 2225 1808 2253 eam

204 2285 380 2337 probari
413 2285 606 2337 potuisse
638 2285 682 2324 in
713 2284 855 2337 prima
887 2297 1074 2337 persona
1116 2284 1294 2336 pluralis
1334 2283 1516 2333 numeri,
1564 2282 1639 2324 ubi
1680 2296 1807 2324 omne

205 2356 443 2396 formarum
485 2355 713 2408 praesentis
757 2357 800 2396 et
841 2354 1049 2408 praeteriti
1092 2354 1323 2396 discrimen
1365 2354 1540 2404 tollitur,
1589 2367 1644 2395 ne
1685 2367 1808 2395 mora

206 2425 381 2478 quidem
429 2427 590 2468 vocalis
639 2427 925 2480 discrepante.
1013 2426 1205 2467 Terentii
1253 2425 1449 2477 quidem,
1510 2424 1583 2477 qui
1638 2425 1807 2474 citatur,

205 2497 347 2538 locum
382 2496 584 2550 (Adelph.
618 2498 685 2547 III,
729 2498 768 2547 3,
813 2498 885 2538 10:
934 2510 1093 2537 onmem
1134 2510 1221 2537 <rem
1260 2496 1379 2537 niodo
1418 2497 1520 2548 seni,
1569 2509 1647 2550 quo
1684 2500 1809 2549 paeto

206 2567 388 2620 haberet,
423 2582 675 2609 enarramus
707 2567 871 2621 ordine)
915 2567 1199 2609 certissimum
1234 2567 1397 2608 habere
1430 2580 1638 2619 praesens,
1682 2566 1808 2607 intel—

246 2706 274 2751 1>
302 2709 403 2753 Fingi
429 2712 536 2752 poeta
562 2709 639 2742 vult
666 2709 853 2743 Socratem
880 2709 1005 2742 adesse
1033 2711 1068 2742 et
1095 2708 1161 2741 hoc
1188 2707 1323 2744 dicere;
1351 2707 1538 2741 Socratem
1563 2706 1681 2751 ipsum
1703 2706 1807 2750 signi-

304 2768 386 2802 ficat
413 2767 760 2801 commemoratione
787 2767 837 2801 rei
864 2767 1066 2811 praeteritae,
1100 2778 1180 2810 qua}
1206 2766 1243 2800 in
1269 2777 1311 2800 eo
1338 2765 1525 2806 acciderit;
1564 2777 1610 2800 ne
1637 2765 1716 2809 quis
1744 2765 1806 2799 im-

305 2827 442 2871 peritus
469 2827 535 2860 hoc
563 2826 631 2860 dici
657 2829 770 2869 putet,
798 2837 895 2860 nunc
921 2838 1005 2860 eum
1033 2826 1120 2860 tolli.

246 2884 274 2929 ²)
302 2885 409 2928 [Cum
428 2886 542 2920 altero
560 2885 627 2918 hoc
647 2885 786 2919 Horatii
804 2885 883 2919 loco
902 2885 1104 2929 comparari
1130 2888 1281 2929 possunt
1300 2884 1419 2918 Plauti
1437 2883 1618 2928 Amphitr.
1634 2884 1676 2924 II,
1704 2882 1736 2924 2,
1763 2882 1808 2916 36

305 2943 450 2988 (reliqui
477 2971 484 2978 .
513 2971 518 2977 .
548 2971 554 2978 .
581 2956 688 2988 quum
723 2943 831 2985 abeo),
865 2945 965 2988 Capt.
993 2945 1034 2984 ΙΙ,
1069 2944 1100 2984 2,
1134 2944 1178 2977 32
1211 2942 1367 2986 (ΙἼνῑιηι,
1406 2955 1516 2987 quemn
1551 2944 1630 2977 inde
1657 2943 1807 2985 abimus,

306 3002 519 3048 lique‘mns).]
