1915 3235
803 144 885 186 145

50 276 390 328 non-attingam,
439 274 518 315 etsi
559 276 664 315 sunt
704 273 773 314 hic
813 273 909 323 11110,
957 285 1054 326 quae
1097 272 1197 314 addi
1238 271 1305 313 vel
1348 285 1444 325 quae
1484 271 1636 325 corrigi

51 346 229 400 possint.
276 345 402 386 Velut
434 358 512 397 pro
543 345 670 386 Rosc.
704 344 743 394 6,
780 344 830 384 17
865 345 980 384 recte
1013 343 1145 384 edidit
1178 356 1229 383 cx
1261 342 1479 384 codicibus
1511 355 1635 395 paene

51 416 270 458 omnibus:
319 416 390 469 qui
429 419 523 456 ante
561 414 669 455 hanc
691 427 883 468 puqnam
915 414 995 454 tiro
1029 418 1140 465 esset,
1183 412 1291 468 quod
1322 414 1464 465 seiam,
1506 412 1635 466 facile

51 489 189 542 ipsum
229 486 477 540 maqistrum
515 485 663 526 scelere
702 483 964 538 audaciaque
1010 484 1234 537 superavit,
1282 496 1360 536 pro
1407 496 1471 533 eo,
1522 482 1638 536 quod

53 558 180 611 vulgo
212 557 352 598 editur
382 568 461 596 nec
500 556 544 596 in
580 555 666 596 ullo
706 557 770 596 est
810 554 973 596 codice:
1022 555 1102 594 tiro
1142 558 1241 594 esset
1278 554 1463 606 seientia,
1509 553 1639 606 facile

52 633 133 669 001.
194 627 283 668 Νο0
314 628 463 667 tamen
493 626 575 667 hoc
606 625 710 666 satis
743 625 947 677 coarguit,
996 624 1100 665 illud
1134 624 1464 665 commendavit.
1526 624 1638 665 Nam

55 701 98 740 et
129 697 266 739 omnis
297 697 379 738 tiro
411 695 589 737 scientia
621 693 719 748 (hoc
751 700 829 745 est,
877 697 969 736 arte
1011 697 1053 736 et
1092 693 1413 747 exercitatione)
1445 695 1526 736 tiro
1560 696 1642 744 est,

58 771 101 810 et
133 768 286 809 eadem
317 767 411 820 ipsa
441 779 488 808 re
519 765 701 807 Roscius
733 766 926 818 Magnus,
975 779 1059 818 qua
1098 765 1179 807 tiro
1212 768 1337 815 esset,
1386 765 1640 818 magistrum

57 839 208 892 vicisse
241 838 324 879 dici
356 837 557 886 debebat,
604 849 691 877 non
723 836 835 885 aliis3
883 836 1235 889 suspiciosissimo
1268 837 1413 877 autem
1446 838 1488 877 et
1519 848 1639 877 acer-

58 908 232 950 bissime
280 908 434 949 dicitur
480 907 588 962 quod
633 908 782 956 sciam3
829 906 1038 959 significat
1086 906 1198 947 enim
1246 908 1409 956 orator,
1458 906 1641 948 fortasse

56 979 191 1020 latere
223 979 267 1019 in
298 978 386 1019 vita
417 978 560 1031 Magni
601 978 763 1019 scelera
805 979 905 1018 ante
950 977 1192 1026 commissa,
1241 977 1318 1018 sed
1359 977 1439 1018 sibi
1481 977 1640 1030 ignota.

57 1050 220 1091 Deinde
253 1048 368 1102 quod
400 1049 566 1090 codices
599 1050 769 1090 secutus
803 1061 927 1102 quum
959 1050 1059 1100 post
1098 1048 1169 1102 qui
1209 1047 1363 1097 omisit,
1411 1049 1529 1089 recta
1566 1061 1642 1101 per

58 1134 105 1162 se
139 1125 203 1162 est
234 1119 460 1169 sententia,
509 1119 586 1160 sed
625 1132 722 1159 cum
765 1118 996 1170 superiore,
1046 1131 1232 1170 quacum
1263 1119 1507 1159 necessario
1540 1130 1642 1160 con·
1663 1132 1713 1158 1⁷⁹

59 1191 173 1244 iungi
216 1190 357 1239 debet,
405 1203 491 1231 non
533 1190 733 1230 cohaeret.
796 1189 957 1242 Itaque,
1005 1188 1085 1230 nisi
1128 1203 1253 1243 quum
1292 1201 1434 1230 errore
1473 1189 1641 1239 excidit,

59 1261 306 1303 addendum
339 1262 416 1310 est,
449 1262 495 1301 ut
530 1259 702 1309 conieci,
736 1264 772 1300 et
803 1261 899 1311 post
931 1260 1113 1300 eontulit.

174 1333 258 1373 Pro
289 1332 417 1373 Rosc.
450 1331 596 1371 Amer.
630 1330 668 1379 8,
703 1330 755 1370 21
791 1330 1023 1370 edebatur:
1058 1330 1162 1371 Hoec
1195 1329 1299 1371 bona
1330 1331 1516 1384 seoeayies
1549 1329 1647 1371 H-S

60 1408 252 1444 emuntur
283 1402 440 1443 duobus
471 1400 653 1442 millibus
684 1414 910 1440 nummum.
959 1400 1044 1441 Sed
1076 1400 1146 1442 illa
1178 1401 1363 1455 seoeayies
1390 1400 1485 1442 H-S
1505 1414 1644 1454 neque

59 1474 170 1515 ullus
203 1472 371 1514 Gruteri
405 1471 539 1513 codex
569 1484 708 1524 neque
741 1470 995 1512 Oxoniensis
1035 1471 1167 1512 habet
1207 1470 1278 1523 (de
1310 1470 1388 1512 Ox,
1422 1483 1450 1517 ψ
1476 1472 1643 1521 siletur;

59 1545 136 1585 sed
182 1544 273 1584 eius
320 1543 437 1584 nulla
483 1555 667 1595 usquam
714 1543 887 1583 omissio
935 1543 1133 1583 annotari
1179 1542 1304 1591 solet,
1360 1555 1413 1583 ne
1461 1543 1645 1584 maiores

62 1615 233 1667 quidem
266 1614 348 1654 illae
386 1613 563 1662 lacunae,
613 1626 719 1665 quas
758 1613 839 1666 ipsi
880 1613 1064 1654 editores
1104 1612 1340 1665 permultas
1378 1613 1508 1654 fuisse
1541 1613 1644 1655 scri-

58 1683 197 1737 bunt),
245 1697 325 1725 nec
366 1686 466 1724 sunt
509 1683 552 1724 in
590 1683 847 1724 editionibus
888 1683 1118 1733 veteribus,
1166 1685 1214 1723 ut
1245 1685 1441 1735 apertum
1475 1683 1540 1734 sit,
1589 1684 1644 1726 ab

61 1755 222 1797 editore
256 1755 398 1806 aliquo
431 1754 486 1794 ad
519 1767 553 1794 c.
587 1754 626 1803 2,
669 1754 694 1794 6
733 1755 986 1806 respiciente
1027 1753 1169 1794 efficta
1209 1766 1302 1794 esse
1335 1767 1387 1795 ex
1419 1767 1481 1804 eo,
1530 1755 1645 1807 quod

59 1826 101 1866 in
135 1825 351 1867 codicibus
390 1824 562 1877 legitur:
611 1829 801 1865 emuntur
840 1825 1119 1865 sestertiorum
1159 1824 1316 1865 duobus
1348 1826 1448 1866 cet.:
1495 1837 1644 1866 verum

60 1896 102 1936 id
134 1897 566 1948 interpretamentum
601 1897 665 1935 est
695 1895 810 1935 vocis
844 1908 1071 1936 nummum.
1125 1895 1225 1943 Nec,
1259 1895 1373 1947 quod
1406 1900 1533 1948 caput
1566 1899 1643 1946 est,

60 1967 214 2007 dicitur
246 1965 316 2007 illo
348 1965 476 2006 modo
510 1965 680 2013 Latine;
719 1978 821 2006 nam
853 1966 1063 2018 genitivus
1096 1965 1227 2006 decies
1258 1967 1445 2015 sestertii,
1485 1967 1528 2007 in
1560 1980 1644 2020 quo

60 2037 224 2077 nullum
257 2038 323 2077 est
355 2035 628 2085 adiectivum,
662 2036 933 2077 substantivo
965 2037 1024 2077 ita
1057 2036 1229 2089 adiungi
1261 2037 1421 2088 nequit.
1435 2033 1468 2089 l)

178 2107 225 2147 In
265 2106 417 2147 eadem
461 2107 654 2148 oratione
687 2118 721 2146 0.
758 2105 824 2154 13,
873 2106 927 2147 38
971 2107 1169 2159 exiguam
1213 2107 1511 2148 auctoritatem
1555 2108 1643 2149 edi-

62 2176 188 2218 tionis
236 2176 431 2229 repetitae
479 2176 774 2217 Lambinianae
822 2176 889 2217 vel
943 2178 1085 2229 potius
1139 2177 1426 2218 coniecturam
1473 2180 1644 2219 secutus

64 2247 269 2288 mendum
301 2247 427 2287 nimis
459 2246 670 2288 incuriose
702 2247 1041 2299 praetermissum
1059 2248 1218 2289 notavi.
1266 2246 1486 2288 Edebatur
1510 2248 1643 2289 enim:

63 2317 209 2358 Nonne
241 2322 277 2358 et
309 2317 535 2358 audaciam
565 2317 822 2372 sinqularem
854 2317 1064 2358 ostendere
1095 2315 1298 2370 (oportet)
1324 2322 1360 2358 et
1381 2331 1513 2359 mores
1532 2318 1646 2371 feros

63 2389 364 2442 immanemque
394 2392 592 2428 naturam
619 2392 655 2428 et
677 2388 804 2427 vitani
829 2388 941 2428 vitiis
962 2387 1215 2443 flayitiisque
1238 2387 1424 2428 omnibus
1447 2388 1644 2441 deditam,

65 2463 101 2499 et
132 2458 306 2513 denique
337 2458 477 2498 omnia
511 2458 568 2498 ad
591 2459 821 2511 perniciem
846 2458 1078 2513 profliqata
1119 2463 1238 2513 atque
1262 2458 1466 2512 perdita?
1509 2459 1645 2502 Nemo

66 2529 245 2582 ignorat,
280 2528 503 2582 particulae
536 2528 747 2580 colligenti
780 2532 821 2569 et
853 2528 1120 2570 concludenti
1153 2529 1325 2584 denique
1357 2529 1644 2582 copulativam

64 2612 288 2651 nunquam
335 2599 538 2651 praemitti
583 2588 702 2651 apud
749 2598 1023 2650 antiquiores.
1086 2600 1304 2640 Librarius
1349 2603 1415 2641 ter
1460 2601 1646 2654 positam

68 2671 220 2722 quarto
253 2669 382 2710 etiam
414 2669 506 2710 loco
540 2668 716 2709 addidit.
778 2668 825 2708 In
865 2668 1055 2710 eiusdem
1094 2670 1314 2722 particulae
1354 2670 1528 2726 denique
1566 2685 1646 2713 usu

66 2739 220 2781 vitiosa
261 2741 355 2780 erat
395 2738 665 2781 librariorum
711 2738 836 2791 culpa
878 2739 1014 2780 oratio
1055 2740 1098 2780 in
1130 2739 1222 2781 Cat.
1255 2741 1321 2790 ΙΙΙ,
1371 2741 1408 2791 7,
1459 2742 1525 2792 17,
1573 2742 1646 2783 ubi

68 2810 250 2851 correxit
289 2810 340 2850 A.
373 2809 617 2851 Matthiaeus
657 2822 678 2849 0
719 2808 957 2859 codicibUS,
1006 2811 1048 2850 et
1088 2823 1166 2862 pro
1209 2811 1296 2864 Lig.
1330 2811 1369 2861 5,
1420 2812 1491 2853 12:
1540 2812 1647 2853 Novi

109 2958 138 3002 ¹)
164 2960 413 2996 Steinmetzius
439 2961 482 2995 de
509 2960 690 2995 codicibus
716 2963 752 2994 et
776 2960 849 2994 suis
876 2963 910 2995 et
936 2960 1088 2995 aliorum
1114 2964 1218 2995 tacet.

1322 3020 1366 3054 10
