1915 3235
847 139 931 180 585)

88 267 132 308 in
162 267 244 308 hac
275 280 321 308 re
363 267 586 317 molestiae,
635 268 763 320 quod,
813 281 946 320 quum
991 281 1151 321 magna
1193 281 1293 321 pars
1333 271 1685 321 argumentorum

88 337 259 379 illorum
290 338 726 390 testimoniorumque
766 338 900 379 refelli
938 340 1088 380 nostra
1128 343 1257 380 aetate
1296 352 1383 380 non
1423 339 1583 380 debeat
1622 339 1686 393 (ut

89 409 355 461 comparatio
387 408 459 449 illa
492 409 738 459 verborum,
773 409 816 449 in
848 409 1004 462 quibus
1039 411 1081 450 et
1112 409 1340 450 materiam
1375 411 1557 451 affectus
1585 423 1684 451 sen-

88 480 223 520 tentia
254 479 421 520 infinita
454 481 496 520 et
529 492 705 520 causam
738 479 950 532 particula
983 479 1091 534 Quod
1112 480 1352 533 significare
1374 479 1503 533 licet),
1537 484 1685 522 tamen

88 549 268 599 nescias,
309 550 412 603 quid
443 552 536 591 tuto
569 550 709 591 omitti
741 550 889 603 possit.
951 550 1195 599 Praestabit,
1237 552 1400 603 opinor,
1441 552 1484 592 in
1516 554 1687 604 partem

87 621 291 661 tutiorem
333 634 528 673 peccare.
600 621 795 662 Primum
837 621 984 673 igitur,
1034 620 1164 662 etiam
1208 634 1234 662 a
1276 622 1488 674 Zumptio,
1539 623 1687 664 Cicero

89 690 245 731 citatur
282 693 417 741 testis,
466 691 538 744 qui
577 692 630 732 de
675 691 798 733 Offic.
831 692 879 741 IL
921 692 990 741 20,
1033 692 1088 732 70
1126 691 1315 744 scripsit:
1374 692 1688 748 Videndumque
1708 704 1757 728 232-

88 761 196 801 illud
228 766 297 814 est,
345 762 467 817 quod,
515 763 552 803 si
584 763 821 816 opulentum
851 762 1194 817 fortmzcctumque
1227 763 1480 815 defenderis,
1530 765 1573 804 in
1605 778 1687 804 mm

88 831 159 872 illo
191 837 330 872 memet
358 834 524 887 φτιέίας
564 833 607 874 in
640 847 724 886 quo
757 834 849 875 loco
883 846 1016 885 quum
1051 833 1106 873 ad
1138 847 1377 886 pronomen
1412 834 1517 874 illud
1549 836 1687 875 atten-

90 902 256 943 dendus
296 906 390 944 erat
428 905 598 946 animus
638 896 731 945 tum
772 904 828 945 ad
859 903 1141 944 indicativum
1174 905 1295 945 Verbi
1330 905 1522 953 modum,
1572 906 1688 957 quod

90 973 207 1014 modi
240 973 471 1015 discrimen
504 975 661 1016 mirum
695 976 760 1016 est
792 974 882 1015 fere
915 975 970 1015 ab
1004 974 1067 1023 iis,
1109 974 1181 1026 qui
1213 975 1326 1016 hanc
1359 989 1449 1016 rem
1483 978 1686 1018 tractant.

88 1043 263 1097 negligi;
297 1057 350 1085 ex
381 1047 566 1098 utroque
599 1046 713 1086 enim
745 1047 879 1098 patet,
913 1045 1038 1097 longe
1072 1045 1196 1086 aliter
1227 1047 1487 1087 sententiam
1518 1060 1541 1087 a
1567 1047 1687 1089 Cice-

88 1127 193 1155 rone
226 1115 371 1156 animo
414 1116 776 1168 comprehensam
815 1129 922 1165 esse,
973 1128 1022 1156 ac
1055 1116 1089 1156 si
1123 1115 1320 1157 dixisset:
1370 1118 1580 1158 sciendmn
1617 1123 1686 1169 est,

88 1198 258 1226 manere
287 1187 495 1240 §ratitum
528 1199 615 1227 non
649 1187 763 1227 enim
795 1189 877 1228 hoc
909 1200 935 1228 a
967 1200 1012 1227 se
1045 1186 1204 1239 promit
1230 1187 1377 1229 Cicero
1411 1188 1603 1240 aliosque
1628 1188 1686 1229 ita

90 1268 184 1297 esse
217 1256 354 1305 docet,
403 1257 480 1297 sed
517 1270 609 1298 rem
649 1260 796 1298 notam
839 1260 882 1299 et
920 1270 1169 1299 concessam
1211 1256 1391 1310 (factum
1429 1272 1542 1299 nunc
1584 1259 1687 1299 dici-

89 1325 203 1379 mus)
252 1327 511 1368 considerari
560 1327 693 1368 iubet.
757 1328 906 1380 Itaque
955 1330 1050 1369 orta
1099 1331 1163 1369 cst
1206 1329 1411 1370 orationis
1454 1330 1593 1370 forma
1635 1343 1687 1370 ex

90 1397 307 1438 communi
339 1411 421 1438 usu
452 1399 675 1451 particulae
707 1398 828 1453 qnod,
878 1411 1012 1450 quum
1052 1398 1112 1439 sic
1150 1411 1218 1439 res
1258 1399 1373 1440 facta
1405 1399 1592 1452 ponitur.
1641 1403 1687 1440 ut

89 1467 141 1508 de
176 1480 227 1509 ea
259 1467 422 1520 aliquid
455 1468 636 1510 dicatur.
699 1469 881 1510 Prorsus
914 1469 1040 1522 igitur
1081 1469 1234 1510 eodem
1266 1470 1396 1511 modo
1429 1470 1597 1523 scripsit
1632 1471 1687 1511 ad

88 1538 207 1580 Fam.
241 1539 308 1589 ΙΙΙ,
343 1540 381 1587 8,
417 1539 462 1580 6:
496 1539 567 1579 An
599 1540 705 1579 mihi
736 1540 786 1580 (Ze
818 1545 854 1580 te
886 1540 993 1580 nihil
1025 1553 1107 1580 esse
1140 1539 1296 1580 dictum
1328 1554 1513 1595 unquam
1532 1542 1690 1594 putas?

87 1623 138 1650 ne
185 1610 258 1650 hoc
303 1610 484 1665 quidem,
532 1610 652 1664 quod,
702 1625 824 1664 quum
875 1624 937 1650 me
985 1610 1242 1651 Laodiceam
1290 1613 1430 1652 venire
1477 1612 1685 1663 voluisses,

95 1679 285 1721 Tsmrmn
317 1682 403 1734 ipse
435 1682 656 1722 transisti?
697 1681 793 1722 Non
816 1681 1052 1722 indicatum
1086 1681 1167 1722 sibi
1200 1683 1282 1723 hoc
1314 1683 1528 1735 ignoranti
1562 1683 1688 1735 signi-

87 1750 201 1802 ficat,
249 1752 326 1792 sed
363 1764 455 1792 rem
488 1754 635 1793 notam
671 1754 713 1792 et
745 1752 989 1793 confessam
1023 1755 1408 1794 commemoratam
1443 1766 1538 1794 esse
1571 1754 1689 1806 apud

89 1834 148 1863 se.
197 1822 449 1874 Eademque
482 1827 546 1863 est
579 1823 688 1863 ratio
722 1823 829 1864 alius
854 1823 1069 1864 Ciceronis
1104 1823 1182 1863 loci
1216 1823 1258 1863 in
1291 1823 1400 1865 libro
1433 1824 1449 1864 I
1482 1824 1535 1865 de
1559 1825 1687 1877 Legg.

183 2022 274 2066 Aug.
293 2022 339 2055 43
365 2021 520 2064 (tantum
545 2028 584 2056 ut
609 2023 814 2064 ostenderet,
841 2023 1030 2065 quoderat
1056 2022 1211 2065 bipedali
1228 2021 1359 2065 minor)
1386 2025 1480 2067 (stood
1505 2024 1685 2058 causalem

184 2080 484 2124 significationem
511 2081 657 2115 habere.
708 2080 866 2115 Omnino
893 2092 1074 2125 nusquam
1102 2080 1222 2115 minus
1254 2081 1480 2116 Perizonium
1515 2093 1688 2126 agnoscas

185 2150 296 2183 quam
322 2139 358 2173 in
385 2139 446 2173 illo
473 2150 591 2183 opere,
620 2140 805 2173 communi
823 2140 918 2173 illius
937 2140 1052 2174 aetatis
1071 2140 1168 2181 vitio,
1196 2141 1304 2183 quod,
1330 2141 1494 2184 neglecta
1511 2141 1688 2175 sermonis

184 2197 222 2232 in
248 2209 309 2232 ore
335 2198 528 2232 hominum
554 2197 708 2232 viventis
735 2199 1052 2242 contemplatione,
1091 2199 1182 2233 adeo
1215 2210 1449 2234 communem
1483 2200 1560 2234 eius
1586 2203 1688 2234 natu-

185 2267 263 2290 ram
289 2257 517 2301 ignorabant,
544 2260 596 2298 ut,
623 2257 652 2290 si
678 2257 774 2291 ultra
800 2258 1052 2301 exemplorum
1078 2258 1328 2293 collectionem
1355 2259 1521 2303 progredi
1542 2259 1688 2294 vellent,

186 2316 309 2350 omnia
335 2316 610 2350 confunderent.
653 2316 732 2350 Alia
757 2317 898 2350 ratione
924 2320 960 2350 et
986 2317 1030 2350 ad
1058 2317 1215 2361 speciem
1242 2318 1357 2351 multo
1384 2318 1570 2352 subtiliore
1592 2318 1689 2352 idem

184 2375 290 2409 multi
316 2386 413 2409 nunc
440 2375 587 2409 faciunt.
639 2375 809 2409 Ceterum
843 2375 905 2419 qui
930 2378 1061 2419 praeter
1088 2387 1158 2416 eos,
1198 2388 1288 2420 quos
1315 2377 1512 2417 nominavi,
1552 2377 1595 2411 de
1622 2377 1689 2411 hac

185 2433 386 2477 quaestione
412 2434 592 2475 dixerunt,
632 2438 822 2468 enumerat
854 2434 1135 2468 Ruddimannus
1161 2435 1335 2470 Institutt.
1362 2436 1394 2469 II
1420 2448 1454 2480 p.
1482 2435 1526 2468 1⁶2
1552 2440 1627 2470 not.
1655 2441 1689 2470 et

184 2492 501 2527 Drakenborchius
527 2494 569 2527 ad
599 2493 674 2527 Liv.
693 2493 753 2534 ΙΙΙ,
781 2492 836 2535 52,
864 2493 895 2527 2.
936 2492 1020 2536 [Sed
1047 2493 1077 2527 si
1103 2493 1199 2537 ipsos
1225 2493 1335 2528 libros
1361 2494 1572 2538 inspexeris,
1599 2495 1689 2529 nihil

185 2551 354 2595 reperias,
393 2551 462 2586 nisi
500 2552 728 2596 superiorum
761 2552 923 2586 eiusdem
955 2552 1145 2586 sententias
1178 2553 1411 2587 defensorum
1445 2554 1595 2588 nomina
1629 2552 1689 2595 <ne

185 2611 283 2654 apud
314 2611 501 2645 Dukerum
540 2611 688 2655 quidem
726 2611 773 2644 ad
798 2611 890 2644 Flor.
918 2611 943 2651 Ι,
970 2609 1028 2652 23)
1067 2622 1229 2646 unumve
1268 2615 1302 2646 et
1341 2613 1493 2647 alterum
1534 2624 1687 2657 pravum

185 2669 436 2704 testimonium
474 2670 558 2704 inde
595 2670 791 2714 repetitum
834 2668 890 2711 (ut
929 2670 1026 2713 apud
1063 2670 1272 2705 Noltenium
1317 2671 1354 2706 in
1397 2672 1524 2715 partic.
1570 2672 1688 2715 quod).

185 2727 307 2771 Nuper
345 2728 381 2762 in
418 2729 566 2773 Reisigii
604 2728 736 2763 scholis
780 2729 824 2762 de
862 2739 1014 2772 gramm.
1053 2729 1182 2764 Latina
1220 2729 1255 2773 (ἓ
1285 2730 1370 2772 331)
1409 2730 1522 2764 veteri
1560 2741 1688 2764 acervo

186 2796 323 2820 novum
355 2787 505 2821 accessit
537 2787 757 2831 exemplum,
789 2787 891 2820 locus
924 2787 1104 2822 Ciceronis
1131 2789 1167 2823 in
1194 2790 1285 2823 libro
1312 2790 1342 2823 V
1368 2790 1412 2823 de
1438 2789 1514 2823 Fin.
1543 2788 1598 2830 11,
1631 2789 1687 2829 30,

186 2855 208 2878 a
233 2844 417 2880 Goerenzio
444 2846 640 2880 foedissime
666 2845 916 2889 interpolatus,
955 2846 1018 2880 ubi
1050 2848 1247 2882 verborum
1271 2854 1389 2892 potest
1420 2849 1514 2892 quod
1544 2847 1688 2881 nullum

186 2903 380 2938 minimum
419 2908 472 2940 est
510 2905 546 2939 in
591 2904 774 2938 codicibus
819 2904 1020 2948 vestigium.
1090 2906 1190 2940 Adeo
1236 2906 1414 2941 incuriose
1459 2917 1514 2940 res
1559 2906 1687 2950 agitur.
