1915 3235
151 2164 202 2190 262

965 107 1049 148 212

216 239 406 280 Sutrium
453 237 509 290 (a.
550 237 635 278 384
680 239 790 278 teste
838 233 1036 287 Velleio),
1090 236 1254 288 Nepete
1304 235 1360 289 (a.
1402 234 1524 289 382),
1581 237 1697 278 Setia
1746 236 1803 289 (a.

215 308 331 361 378),
373 321 555 361 quarum
596 306 808 357 deductio,
848 307 887 347 'si
923 307 1113 348 Ardeam
1149 306 1398 359 excipimus,
1443 307 1485 348 in
1523 320 1574 348 ea
1605 310 1804 360 tempora

214 380 373 430 incidit,
415 380 569 432 quibus
602 380 726 419 vetus
758 378 830 418 illa
861 378 1172 427 Romanorum,
1213 378 1464 419 Latinorum
1497 378 1805 419 Hernicorum-

215 465 297 505 que
330 451 512 492 societas
544 449 631 490 iam
672 448 818 490 multis
861 448 999 489 modis
1042 448 1225 489 infracta
1265 450 1370 498 erat,
1420 448 1512 489 aliis
1556 449 1802 490 Latinorum

213 524 257 564 in
289 523 550 575 potestatem
583 519 781 570 redactis,
815 520 908 560 aliis
940 523 1038 572 post
1061 519 1354 560 calamitatem
1379 519 1679 560 Romanorum
1705 519 1806 560 Gal-

214 593 340 634 licam
372 593 564 632 veterem
602 590 849 631 libertatem
890 589 1221 639 vindicantibus,
1271 592 1319 631 ut
1360 590 1427 631 hae
1472 590 1645 643 quidem
1690 603 1807 631 com-

214 676 367 705 munes
411 662 587 703 coloniae
633 674 725 702 esse
767 661 884 703 nullo
923 661 1052 703 modo
1083 661 1314 714 potuerint.
1378 660 1541 702 Setiam
1573 664 1722 702 tamen
1755 674 1807 702 eo

215 747 342 783 anno,
377 746 506 785 quem
539 732 675 786 posui,
710 745 831 772 novos
863 732 1034 774 colonos
1068 731 1307 784 adscriptos
1340 732 1484 773 Livius
1517 736 1678 772 narrat.
1727 731 1807 773 Ce-

214 809 370 855 terum,
420 816 670 857 quanquam
717 803 785 844 hae
831 803 978 856 populi
1016 802 1202 844 Romani
1244 802 1420 844 coloniae
1461 805 1596 853 erant,
1644 804 1808 851 tamen,

216 890 312 929 quae
345 876 563 917 veteribus
597 874 758 915 Latinis
791 873 959 926 populis
991 872 1186 914 finitimae
1219 875 1356 923 erant,
1405 873 1439 914 si
1483 874 1656 926 quando
1698 873 1741 914 hi
1786 886 1813 914 a

214 948 425 989 Romanis
473 946 660 999 graviter
699 945 979 993 dissidebant,
1029 943 1152 985 facile
1201 944 1401 985 videntur
1448 944 1558 986 allici
1605 944 1809 997 potuisse,

214 1019 310 1071 ipsa
356 1017 581 1058 hominum
630 1016 882 1069 cognatione
929 1028 979 1056 eo
1026 1016 1246 1065 trahente,
1303 1018 1351 1056 ut
1403 1028 1562 1057 nomen
1609 1015 1811 1056 Latinum

216 1090 514 1142 sequerentur.
577 1088 726 1140 Itaque
760 1100 907 1139 quum,
948 1099 1033 1139 quo
1073 1099 1186 1127 anno
1226 1099 1433 1139 magnum
1472 1086 1578 1127 illud
1609 1086 1811 1127 Latinum

216 1159 377 1201 bellum
411 1160 661 1211 susceptum
694 1160 759 1198 est
791 1155 926 1210 (340),
959 1170 1118 1198 nomen
1150 1157 1355 1198 Latinum
1379 1159 1587 1210 praetores
1613 1155 1815 1197 habuerit

217 1230 412 1272 Setinum
462 1232 503 1270 et
550 1228 836 1271 Circeiensem
885 1226 991 1280 (Liv.
1024 1227 1136 1277 VIII,
1186 1226 1251 1280 3),
1308 1229 1444 1280 possit
1499 1227 1651 1280 aliquis
1698 1227 1816 1279 ipsas

215 1302 309 1343 illas
358 1300 546 1342 colonias
586 1299 630 1340 in
671 1299 813 1340 foedus
861 1299 1114 1340 Latinorum
1161 1303 1358 1351 receptas
1408 1298 1451 1339 in
1497 1300 1667 1350 partem
1713 1296 1818 1337 belli

216 1373 384 1414 venisse
418 1373 586 1425 putare,
621 1371 701 1411 etsi
733 1370 776 1411 id
809 1369 861 1410 de
893 1370 959 1410 his
991 1382 1078 1411 non
1110 1371 1263 1422 aperte
1296 1369 1495 1419 traditur,
1536 1368 1613 1409 sed
1645 1368 1698 1409 de
1731 1368 1816 1409 Ve-

216 1444 322 1485 litris
357 1445 398 1484 et
431 1443 591 1495 Signia.

336 1513 404 1554 Ab
437 1513 517 1555 hoc
551 1515 744 1565 tempore
779 1512 933 1552 certior
964 1510 1152 1551 historiae
1185 1511 1257 1551 lux
1280 1523 1348 1552 res
1376 1515 1520 1563 gestas
1547 1510 1817 1551 demonstrat

219 1589 261 1628 et
293 1585 420 1628 simul
452 1584 579 1625 latius
611 1583 755 1636 spargi
787 1582 1147 1635 multiplicarique
1179 1581 1428 1622 huiusmodi
1461 1581 1638 1622 coloniae
1660 1582 1814 1634 coeptae

219 1659 331 1707 sunt,
379 1654 588 1697 Romanis
637 1667 662 1695 a
708 1653 865 1694 finibus
912 1653 1045 1706 ipsius
1093 1652 1203 1694 Latii
1252 1652 1417 1704 longius
1458 1665 1581 1693 arma
1622 1651 1813 1693 victricia

220 1726 637 1770 circumferentibus.
701 1725 830 1766 Cuius
863 1724 1050 1765 universi
1088 1723 1258 1777 generis
1290 1728 1448 1764 natura
1480 1725 1528 1764 ut
1559 1722 1821 1775 intelligatur

220 1799 482 1850 tollaturque
516 1796 745 1838 admiratio
779 1795 1076 1848 quaerentium,
1111 1795 1184 1848 qui
1218 1794 1406 1846 potuerit
1437 1794 1622 1846 populus
1654 1793 1819 1834 Roma-

219 1883 300 1911 nus
333 1882 410 1922 per
442 1868 605 1920 aliquot
636 1867 795 1908 saecula
832 1866 1018 1908 nationis
1058 1865 1255 1907 subactae
1295 1877 1374 1906 nec
1412 1864 1455 1905 in
1496 1877 1622 1905 suum
1663 1877 1818 1916 corpus

221 1943 408 1993 receptae
441 1938 598 1980 auxilio
632 1939 738 1979 alias
771 1940 919 1991 gentes
959 1937 1164 1978 subactas
1205 1935 1438 1985 continere,
1489 1935 1616 1987 quive
1656 1934 1819 1976 facturn

222 2012 288 2061 sit,
338 2014 385 2052 ut
426 2023 479 2051 ne
522 2010 623 2050 belli
665 2009 839 2062 quidem
882 2007 1051 2050 socialis
1090 2007 1244 2057 Latini,
1294 2006 1366 2060 qui
1412 2009 1561 2048 tamen
1608 2007 1819 2048 Romanae

223 2082 404 2122 civitatis
445 2081 535 2134 spei
575 2080 758 2133 proximi
798 2079 929 2121 fuisse
968 2079 1215 2128 videantur,
1265 2081 1466 2119 auctores
1515 2080 1557 2119 et
1602 2077 1820 2130 principes

224 2152 394 2202 fuerint,
442 2152 630 2204 primum
673 2151 909 2192 tenendum
943 2155 1018 2199 est,
1069 2149 1240 2190 colonos
1273 2149 1451 2189 Latinos
1485 2148 1692 2189 deductos
1726 2159 1821 2188 esse

222 2223 265 2264 in
297 2223 491 2276 regiones
524 2222 713 2271 hostiles,
749 2235 773 2263 a
806 2235 989 2274 quarum
1017 2220 1164 2262 incolis
1191 2219 1373 2261 diversae
1399 2219 1543 2272 stirpis
1567 2231 1654 2260 non
1677 2217 1818 2259 solum

223 2296 399 2347 propter
431 2293 682 2335 societatem
714 2293 973 2342 Romanam,
1007 2291 1084 2332 sed
1107 2290 1314 2339 moribus,
1349 2289 1586 2342 disciplina,
1620 2300 1819 2330 sermone

224 2366 285 2406 ita
318 2364 625 2417 discreparent,
658 2366 706 2405 ut
736 2363 926 2416 undique
957 2362 1076 2403 initio
1107 2360 1309 2414 periculis
1344 2360 1468 2401 cincti
1501 2359 1745 2401 necessario
1779 2358 1823 2399 in

224 2435 522 2476 Romanorum
556 2435 971 2487 consanguineorum
1016 2432 1171 2473 auxilio
1214 2431 1455 2472 niterentur
1495 2432 1539 2472 in
1579 2442 1816 2482 eorumque

224 2504 308 2545 fide
356 2507 600 2555 manerent,
659 2505 942 2546 abhorrerent
995 2516 1097 2544 vero
1145 2515 1170 2543 a
1216 2501 1498 2543 finitimorum
1545 2496 1818 2553 societate.¹)

265 2703 294 2748 ¹)
321 2704 592 2748 Antiquissimae
629 2704 778 2738 coloniae
816 2704 954 2738 Latinae
991 2704 1027 2737 in
1059 2703 1271 2737 Volscorum
1305 2704 1340 2734 et
1375 2700 1575 2744 AEquorum
1607 2699 1741 2744 oppida
1766 2699 1823 2732 de-

324 2765 441 2798 ductae
466 2767 562 2805 sunt,
589 2762 650 2806 qui
676 2763 705 2796 si
731 2763 851 2797 minus
876 2764 1062 2807 aliquanto
1088 2773 1110 2796 a
1135 2761 1270 2795 Latinae
1291 2759 1411 2803 stirpis
1432 2762 1562 2793 natura
1579 2758 1824 2793 abhorrebant

325 2834 436 2867 quam
462 2822 611 2863 Etrusci,
639 2821 741 2863 Galli,
768 2822 838 2863 alii,
864 2822 1038 2856 suberant
1062 2819 1259 2855 vicinitatis
1285 2817 1368 2852 odia
1394 2818 1610 2852 exacerbata
1633 2816 1819 2862 perpetuis

322 2882 440 2922 bellis;
484 2881 657 2925 proximae
694 2880 852 2914 Etruscis
889 2880 1066 2924 impositae
1103 2882 1207 2920 sunt,
1246 2877 1376 2912 deinde
1415 2876 1493 2910 aliae
1526 2888 1590 2920 per
1622 2875 1821 2915 Samnium,

324 2940 572 2984 Campaniam,
600 2940 801 2980 Umbriam,
828 2939 1035 2980 Lucaniam,
1069 2938 1223 2972 Galliam
1251 2947 1395 2981 sparsae.
1446 2935 1488 2969 In
1513 2935 1591 2980 ipso
1616 2934 1718 2969 Latio
1744 2934 1822 2968 nul-

1907 246 1909 253 <
1908 212 1909 215 „
1892 0 1915 206 ,Agr-*affl*
