1915 3235
149 1800 181 1824 27

188 1801 199 1823 1

969 167 1056 208 620

215 297 296 338 hoc
328 309 462 350 genus
497 295 653 350 dialogi
687 296 740 337 de
772 296 866 338 loco
900 296 1118 338 communi
1150 295 1487 349 Peripateticum
1520 296 1657 349 magis
1684 309 1815 350 quam

216 364 470 419 Stoicum.¹)

334 438 397 479 Ne
431 439 724 492 grammaticis
758 438 933 491 quidem
967 439 1185 480 veteribus
1217 440 1390 479 tantum
1422 439 1568 488 tribui,
1603 440 1815 491 quantum

214 509 410 551 nonnulli
441 509 652 560 tribuunt,
692 513 740 550 ut
770 510 821 550 iis
855 510 1048 551 omnium
1081 511 1157 550 aut
1189 509 1451 562 optimorum
1485 509 1681 551 codicum
1715 522 1816 551 con-

216 594 392 623 sensum
437 580 604 621 ratione
649 580 953 622 confirmatum
996 581 1320 633 posthaberem.
1394 580 1545 633 Itaque
1578 578 1601 632 ἓ
1634 579 1689 621 56
1727 579 1816 633 fuit
1862 632 1870 640 .

214 665 302 693 non
342 651 494 702 delevi,
545 664 648 692 casu
691 652 809 704 apud
851 651 1038 692 Nonium
1071 665 1113 704 p.
1146 651 1232 693 488
1277 653 1320 692 et
1357 652 1401 692 in
1434 651 1527 693 cod.
1561 651 1816 693 Haeneliano

216 722 447 771 omissum3
494 722 632 764 multo
676 725 823 763 autem
864 722 1007 763 minus
1046 721 1069 775 ξ
1102 722 1155 763 51
1202 722 1383 764 Charisii
1426 722 1695 772 auctoritate,
1745 721 1818 775 qui

215 794 341 847 plura
375 796 576 846 corrupte
609 806 662 834 ex
692 793 774 835 hoc
806 793 951 834 libello
983 793 1161 846 profert,
1195 807 1235 834 v.
1269 806 1303 834 c.
1338 792 1361 845 ξ
1395 794 1420 834 8
1454 796 1497 834 et
1527 793 1598 844 46,
1631 806 1816 846 pravum

217 864 473 906 adverbium
499 864 696 919 proximo
727 865 884 916 recepi,
919 864 1035 917 quod
1067 864 1271 914 Klotzius,
1314 877 1447 917 quum
1479 864 1561 905 hoc
1592 864 1685 905 1000
1717 877 1818 916 pro-

216 938 354 985 baret,
404 937 700 977 inconstanter
742 936 905 988 sprevit
947 936 1002 976 ab
1048 935 1199 977 eodem
1235 935 1430 977 Charisio
1463 935 1658 977 oblatum
1691 933 1714 987 ξ
1747 935 1817 975 22.

217 1006 344 1061 (Novi
392 1007 501 1048 duos
548 1007 686 1055 locos,
743 1006 815 1059 qui
870 1007 926 1047 ad
979 1006 1301 1047 defendendam
1357 1006 1542 1047 formam
1599 1003 1817 1059 citantur.)

215 1078 375 1120 Verum
409 1078 504 1119 haec
536 1078 736 1119 universe
770 1077 885 1118 dicta
907 1077 1106 1119 sufficere
1129 1077 1301 1130 opinor;
1334 1077 1431 1119 ideo
1454 1079 1601 1119 autem
1629 1077 1818 1118 minutas

216 1163 284 1191 res
317 1150 453 1203 attigi,
487 1162 541 1190 ne
576 1149 670 1202 quis
704 1149 747 1190 in
778 1148 846 1190 his
879 1162 925 1189 se
957 1149 1151 1198 iactaret,
1187 1162 1347 1202 easque
1380 1162 1515 1202 quum
1548 1148 1692 1189 verbis
1725 1161 1819 1189 am-

216 1221 471 1274 plificasset,
519 1221 738 1274 neglectas
787 1234 812 1261 a
860 1233 930 1261 me
978 1222 1250 1273 quereretur,
1300 1233 1346 1261 se
1394 1219 1589 1262 Ciceroni
1635 1219 1819 1260 salutem

217 1292 473 1333 reddidisse.
537 1292 750 1345 Deinceps
796 1292 849 1332 de
892 1291 1069 1344 singulis
1112 1291 1374 1344 quibusdam
1408 1292 1510 1333 locis
1544 1290 1698 1341 dicam,
1748 1290 1820 1343 qui

217 1363 520 1405 notabiliorem
554 1363 838 1404 mutationem
876 1365 952 1403 aut
984 1362 1231 1404 coniectura
1263 1365 1482 1416 repertam
1513 1362 1698 1410 habent;
1740 1373 1820 1402 nec

219 1447 270 1475 ea
317 1435 550 1487 attingam,
607 1447 791 1486 quorum
840 1434 1088 1476 diiudicatio
1136 1434 1276 1487 posita
1325 1436 1390 1475 est
1437 1433 1479 1474 in
1528 1433 1821 1474 controversia

218 1506 505 1558 grammatica
536 1505 701 1555 latiore,
744 1505 870 1557 quale
912 1507 976 1546 est
1009 1504 1031 1556 ξ
1065 1506 1117 1546 27
1163 1505 1225 1546 Ne
1266 1519 1373 1546 nime
1410 1504 1576 1559 quidem
1615 1517 1694 1557 pro
1735 1502 1821 1544 Nec

218 1591 328 1618 mmo
371 1576 552 1631 quidem,
601 1575 717 1629 quod
761 1575 1089 1617 Ciceronianum
1135 1589 1222 1617 non
1264 1573 1429 1629 pt1t02),
1480 1577 1522 1616 et
1553 1573 1576 1627 ἓ
1609 1574 1664 1616 56
1703 1574 1822 1615 haud

218 1649 301 1689 scio
336 1662 393 1688 (ιη
426 1648 557 1697 nulla,
590 1648 634 1688 in
666 1647 796 1688 Laelio
831 1649 977 1688 autem
1010 1645 1032 1698 ἓ
1066 1647 1122 1688 20
1154 1647 1271 1687 haud
1302 1647 1383 1688 scio
1417 1660 1473 1687 cm
1504 1646 1624 1696 nihil,
1658 1645 1745 1695 ubi,
1786 1645 1821 1686 si

220 1718 367 1759 Cicero
401 1719 646 1771 scripsisset
678 1719 913 1774 quicquam,
947 1718 1111 1759 librarii
1142 1731 1229 1760 non
1261 1719 1520 1759 mutassent.

341 1790 386 1831 C.
421 1790 460 1839 2,
505 1789 531 1830 5
575 1790 739 1830 editum
783 1791 877 1830 erat
919 1789 974 1830 ab
1019 1789 1220 1830 omnibus
1260 1790 1351 1830 sine
1390 1789 1478 1829 ulla
1510 1788 1820 1841 discrepantia:

219 1866 421 1916 &cuquam
454 1862 500 1901 in
533 1861 732 1902 arborum
765 1860 878 1901 bacis
905 1866 1108 1915 tarneque
1137 1859 1356 1915 fruyibus;
1391 1873 1468 1912 ego
1493 1858 1644 1912 scripsi
1666 1858 1820 1912 fructi-

221 1932 314 1981 bus-3
371 1932 512 1985 magis
561 1933 675 1973 enirn
723 1945 794 1972 me
843 1932 1038 1973 codicum
1087 1932 1209 1984 regii,
1259 1931 1541 1981 Erfurtensis,
1590 1929 1819 1980 Pithoeani,

221 2003 477 2045 Oxoniensis
511 2004 638 2044 unius
670 2004 877 2045 movebat
910 2003 1144 2043 auctoritas
1178 2015 1310 2055 quani
1342 2001 1482 2042 Beieri
1515 2000 1589 2055 (ad
1621 2000 1745 2042 Offic.
1770 2001 1819 2051 II,

221 2075 260 2125 3,
298 2073 368 2127 12)
403 2075 640 2127 disputatio
674 2087 761 2115 non
794 2074 899 2115 satis
933 2075 1081 2122 cauta3
1114 2086 1217 2114 nam
1249 2086 1336 2114 non
1368 2073 1506 2114 solum
1533 2073 1677 2125 fruges
1702 2084 1820 2113 com-

219 2146 339 2187 muni
372 2146 592 2186 fructuum
624 2145 799 2186 nomine
833 2144 1271 2198 comprehenduntur,
1320 2147 1369 2185 ut
1403 2157 1461 2184 ex
1499 2143 1570 2185 illo
1602 2143 1696 2196 ipso
1728 2142 1821 2184 loco

220 2217 483 2270 intelligitur,
534 2219 577 2257 et
618 2216 724 2269 ipsae
767 2216 869 2257 solae
913 2216 996 2257 hoc
1037 2215 1212 2256 nomine
1254 2214 1548 2268 significantur
1579 2214 1623 2255 in
1656 2213 1820 2255 Catone

221 2286 244 2339 ἓ
278 2288 333 2328 24
367 2287 466 2340 (non
497 2287 699 2340 serendis,
739 2300 822 2327 non
852 2286 1152 2341 percipiendis,
1193 2299 1276 2326 'mm
1313 2285 1538 2326 condendis
1575 2283 1816 2338 fructibus),

222 2358 298 2398 sed
355 2358 503 2399 addito
561 2358 748 2411 genitivo
806 2358 1050 2399 necessario
1109 2357 1170 2398 sic
1228 2356 1459 2397 dicendum
1519 2358 1633 2403 erat;
1690 2357 1819 2396 terrae

223 2428 337 2469 enim
370 2428 534 2470 fructus
566 2430 711 2482 fruges
745 2429 1032 2482 appellantur,
1081 2430 1129 2469 ut
1168 2428 1371 2469 arborum
1413 2427 1577 2468 fructus
1618 2425 1823 2467 contrarii

223 2502 454 2551 ponantur.

261 2708 288 2748 ¹)
316 2708 431 2752 [Idem
465 2710 673 2754 nuperrime
706 2710 933 2745 confirmavit
965 2722 1055 2745 meae
1086 2710 1276 2745 sententiae
1315 2710 1461 2754 ignarus
1498 2709 1553 2743 vir
1591 2708 1820 2743 doctissimus

318 2769 374 2803 Fr.
401 2768 598 2803 Ritschlius
625 2770 661 2803 in
687 2770 810 2804 Museo
836 2770 1015 2804 Rhenano
1041 2780 1136 2803 novo
1162 2769 1247 2804 anni
1274 2770 1288 2803 I
1314 2769 1400 2803 fasc.
1427 2768 1448 2801 2
1473 2780 1507 2813 p.
1540 2767 1616 2810 192,
1647 2768 1734 2802 scite
1760 2768 1820 2802 ad-

318 2827 432 2861 hibito
458 2827 643 2862 Plutarchi
668 2829 747 2862 loco
773 2839 817 2862 ex
843 2828 946 2862 initio
971 2828 1085 2862 libelli
1111 2829 1155 2862 de
1181 2829 1263 2863 aud.
1290 2828 1417 2873 poetis.
1468 2825 1587 2870 1842]

261 2885 290 2929 ²)
317 2885 410 2929 [Vid.
450 2898 621 2921 excursus
659 2887 787 2921 tertius
825 2887 973 2922 editioni
1011 2890 1143 2921 nostrae
1180 2887 1356 2922 librorum
1389 2888 1433 2922 de
1464 2886 1613 2921 Finibus
1647 2885 1819 2920 adiectus.

320 2943 438 2988 1842]
478 2944 534 2988 [In
559 2946 775 2990 Lahmeyeri
801 2946 1030 2980 enarratione
1056 2957 1166 2990 prave
1191 2958 1286 2980 nune
1312 2948 1453 2990 quidem
1478 2945 1530 2980 sic
1549 2944 1689 2986 dicitur,
1716 2943 1821 2989 quasi

319 3005 390 3039 alio
416 3008 580 3049 tempore
606 3008 670 3039 aut
695 3005 907 3039 desiderarit
933 3008 997 3039 aut
1022 3005 1292 3039 desideraturus
1319 3003 1391 3047 sit.]

1891 2980 1911 3012 t*-

1894 3013 1909 3024 .-¹

1890 3031 1905 3076 i

1894 3075 1909 3091 ,.

1883 3087 1913 3235 ἔ
