1915 3235
851 104 933 145 507

98 246 195 274 rum
243 233 426 286 denique
474 233 675 274 similium
723 233 1066 287 significationes
1115 232 1159 273 id
1205 245 1338 285 genus
1387 232 1483 273 alia.
1498 228 1530 285 l)
1593 232 1687 273 Hoc

99 303 281 345 Orellius
320 303 477 357 (neque
519 304 632 344 enim
674 305 766 357 ipse
807 304 1023 353 Mosems,
1073 303 1196 344 aliter
1238 316 1352 353 esse,
1401 301 1686 355 intellexerat)

97 373 314 415 transtulit
347 374 403 415 ad
436 375 606 425 alteras,
649 388 833 427 quarum
866 374 1157 416 diversissima
1189 376 1255 414 est
1285 374 1408 414 ratio.
1475 373 1589 413 Nihil
1622 376 1687 414 est

99 445 213 486 enim
234 445 278 485 in
299 444 348 486 iis
370 447 528 498 praeter
549 447 802 497 perpetuam
837 448 879 486 et
911 444 1156 497 diligentem
1188 444 1345 484 vetusti
1369 443 1524 485 codicis
1557 443 1687 484 colla-

97 515 271 566 tionem,
306 515 546 556 Hauniensi
578 515 635 555 illi
663 515 751 556 sive
775 515 983 557 Vossiano
1016 514 1178 564 similis,
1213 515 1371 564 omnia,
1406 516 1453 554 ut
1487 516 1611 555 erant
1643 514 1686 554 in

99 586 256 636 codice,
307 599 404 627 cum
436 586 597 627 librarii
637 586 852 628 erroribus
885 585 1136 638 perscripta,
1184 584 1289 625 nihil
1322 584 1580 625 coniecturae
1613 586 1688 625 aut

99 656 424 697 emendationis.

216 727 301 768 Sed
333 726 449 779 quod
480 727 558 768 hos
592 727 757 768 codices
792 727 942 768 ceteris
976 727 1226 779 integriores
1251 725 1392 766 iudico
1425 727 1500 766 aut
1533 725 1687 766 saltem

97 797 237 838 nullos
269 799 359 838 tam
392 798 579 850 integros
614 797 838 850 diligenter
871 798 1046 839 collatos
1080 810 1172 838 esse
1213 796 1320 846 dico,
1363 795 1688 837 confirmabitur

98 880 150 908 ea
182 867 395 909 sententia
435 881 672 921 paucorum
712 868 902 910 locorum
945 868 1217 917 documento,
1266 879 1373 918 quos
1421 868 1542 907 extra
1589 865 1687 907 reli-

98 951 282 990 quorum
330 939 524 980 ordinem
571 939 835 992 praecipiam.
919 938 971 979 Et
1018 937 1182 990 primus
1231 936 1406 990 quidem
1453 936 1540 977 iam
1588 938 1688 977 ante

99 1008 354 1050 emendatus
387 1009 442 1050 ab
476 1008 783 1062 Oudendorpio
825 1012 867 1050 et
905 1022 974 1049 me
1015 1010 1091 1058 est,
1133 1009 1176 1048 in
1214 1007 1324 1048 libro
1356 1007 1385 1057 Ι,
1426 1007 1466 1057 4,
1509 1006 1575 1057 14,
1615 1006 1689 1047 ubi

98 1078 176 1120 soli
207 1079 264 1129 hi,
313 1093 420 1132 quos
454 1080 560 1130 dico,
611 1080 778 1121 codices
823 1084 863 1120 et
904 1081 1116 1132 praeterea
1148 1079 1232 1119 duo
1266 1078 1336 1119 alii
1368 1078 1598 1118 Leidenses
1632 1078 1688 1118 ab

98 1149 404 1203 Oudendorpio
436 1150 617 1203 inspecti
649 1164 700 1192 ea
739 1150 918 1203 vestigia
957 1152 1196 1199 servarunt,
1245 1162 1296 1190 ex
1336 1148 1490 1201 quibus
1531 1135 1688 1189 veritas

99 1220 295 1270 emersit3
344 1221 472 1262 ceteri
514 1221 631 1262 varie
670 1220 916 1274 interpolati
954 1225 1068 1262 sunt.
1130 1220 1252 1261 Alter
1283 1220 1336 1260 sit
1368 1219 1499 1269 locus,
1549 1231 1572 1259 e
1604 1231 1689 1271 quo

96 1303 211 1332 nunc
243 1291 418 1332 demum
450 1291 723 1345 interpolatio
755 1291 941 1341 tolletur,
990 1304 1076 1332 non
1108 1292 1249 1331 minus
1283 1289 1589 1339 memorabilis,
1639 1302 1689 1330 ex

100 1361 209 1402 libro
241 1362 276 1402 II
309 1375 343 1403 c.
378 1363 402 1403 8
436 1361 459 1414 ἓ
495 1363 561 1411 19,
609 1362 684 1403 ubi
722 1362 765 1403 in
807 1363 901 1415 ipsa
934 1361 1037 1414 legis
1070 1361 1256 1402 formula
1288 1360 1414 1413 vulgo
1447 1361 1508 1401 sic
1539 1359 1689 1401 scribi-

98 1433 187 1473 tur:
221 1431 461 1486 Separatim
493 1446 610 1473 nemo
641 1433 821 1474 habessit
853 1433 962 1484 deos,
995 1446 1092 1473 nece
1118 1445 1242 1472 novos
1265 1431 1349 1472 sive
1372 1431 1570 1483 advenas,
1603 1432 1687 1472 nisi

90 1502 256 1556 publice
288 1503 479 1556 adscitos,
505 1505 711 1557 privatim
745 1504 917 1544 colunto.
970 1502 1212 1543 Consti-ueta
1247 1516 1273 1542 α
1290 1501 1489 1555 patribus
1514 1501 1689 1542 delubra

96 1573 141 1613 in
174 1573 345 1615 urbibus
376 1574 563 1615 habento.
612 1574 843 1627 Tanquam
876 1575 960 1615 duo
992 1575 1212 1627 praecepta
1243 1575 1464 1625 ponuntur
1494 1586 1572 1626 per
1596 1586 1691 1613 neve

98 1645 345 1686 coniuncta:
380 1645 619 1700 Separatim
651 1659 768 1686 nemo
800 1645 979 1686 habessit
1011 1644 1107 1684 deos
1139 1645 1200 1684 et:
1242 1656 1364 1683 notos
1395 1644 1478 1684 sire
1507 1643 1691 1683 athenas

97 1716 182 1756 m'sz‘
225 1715 385 1769 publice
433 1717 611 1757 adscitos
649 1716 856 1770 privatim
890 1730 938 1756 ne
977 1716 1149 1756 colunto.
1212 1715 1270 1755 At
1307 1727 1443 1767 genus
1478 1715 1542 1754 est
1574 1726 1690 1766 sepa-

97 1786 225 1826 ratim
257 1786 420 1828 habere
453 1787 577 1836 deos;
611 1790 772 1837 eorum,
807 1787 878 1839 qui
911 1786 1147 1838 separatim
1179 1785 1330 1826 haberi
1362 1786 1558 1837 possunt,
1593 1784 1689 1824 duae

98 1859 198 1898 sunt
244 1857 422 1910 species,
470 1871 680 1899 novorum
729 1859 771 1898 et
818 1856 1099 1898 advenarum.
1170 1856 1279 1908 Ergo
1321 1856 1365 1896 in
1408 1854 1690 1907 explicatione

99 1927 202 1980 legis
236 1931 300 1969 est
332 1941 367 1969 c.
404 1929 470 1978 10,
506 1928 581 1969 25:
626 1941 798 1982 suosque
830 1927 925 1968 deos
959 1932 1031 1968 aut
1063 1940 1185 1968 novos
1219 1931 1291 1967 aut
1324 1927 1583 1980 atiem'yenas
1615 1925 1692 1966 coli

97 1998 377 2051 confusionem
411 1999 531 2039 habet
562 1999 825 2053 reliyiomtm.
888 1998 1051 2039 Deinde
1092 1998 1293 2039 vitiosum
1335 1999 1400 2037 est
1438 1997 1534 2046 sive,
1584 2009 1691 2048 quo-

97 2068 211 2109 niam
247 2069 416 2110 diversa
456 2069 550 2110 haec
588 2071 700 2119 sunt⁷
749 2082 835 2110 non
875 2064 1089 2121 eademfl)
1151 2068 1240 2109 Nec
1278 2068 1338 2108 ita
1378 2068 1587 2120 scriptum
1627 2069 1692 2108 est

98 2139 179 2179 nisi
211 2140 255 2180 in
286 2141 556 2192 paucissimis
589 2140 745 2180 nullius
777 2140 1045 2181 auctoritatis
1077 2139 1295 2180 codicibus
1328 2137 1564 2191 (Maffeiani
1596 2136 1692 2178 libri

98 2209 213 2261 pleni
246 2213 369 2251 erant
402 2208 786 2262 coniecturarum);
821 2210 951 2251 ceteri
973 2222 1123 2251 omnes
1147 2209 1311 2250 habent
1337 2208 1409 2249 secl
1430 2222 1493 2249 oze.
1541 2208 1691 2260 Itaque

99 2279 297 2322 Handius
329 2281 447 2331 vidit,
483 2281 598 2334 quod
627 2282 713 2322 iam
746 2281 938 2322 Manutio
970 2281 1013 2321 in
1046 2282 1236 2320 mentem
1269 2281 1460 2329 venerat⁷
1500 2279 1691 2320 scriben-

100 2350 202 2391 dum
251 2364 365 2393 esse:
413 2366 510 2393 ‘neve
558 2352 754 2393 acleenas.
817 2351 865 2392 Id
911 2364 997 2392 non
1044 2351 1162 2401 vidit,
1211 2363 1236 2391 a
1283 2351 1424 2403 priore
1467 2363 1564 2390 neve
1606 2362 1692 2390 non

136 2560 164 2605 ¹)
191 2563 318 2607 Itaque
344 2563 530 2607 scripturae
556 2562 604 2596 ibi
631 2564 814 2596 annotatae
845 2572 937 2603 „non
969 2561 1066 2595 ultra
1097 2564 1246 2595 centum
1279 2572 1343 2604 per
1377 2561 1550 2612 hosstres
1583 2559 1691 2593 libros

193 2623 272 2656 loca
298 2621 500 2666 attingunt“
530 2621 630 2662 (Mos.
651 2632 683 2665 p.
703 2619 831 2663 XVIII)
858 2623 894 2655 et
916 2620 1152 2663 ⁷‚confirmant
1173 2620 1306 2654 multas
1324 2619 1485 2654 virorum
1504 2620 1692 2654 doctorum

194 2680 438 2715 coniecturas‘
471 2679 556 2722 (ibd.
585 2680 755 2724 Apparet,
783 2690 863 2723 quae
889 2679 935 2713 sit
961 2676 1212 2719 confirmatio).

138 2737 166 2781 ²)
191 2739 351 2774 Moserus
371 2739 514 2780 Rathio,
541 2739 609 2773 hoc
634 2739 764 2772 saltem
790 2739 868 2772 loco
894 2737 1129 2782 prudentiori,
1156 2736 1316 2781 opponit,
1343 2739 1414 2770 sive
1440 2737 1533 2770 hanc
1559 2735 1692 2769 habere

195 2798 430 2832 sententiam:
470 2800 541 2831 sive
572 2799 678 2831 etiam
711 2798 783 2831 sint
815 2798 969 2830 advenoe.
1019 2796 1142 2840 Neque
1176 2795 1358 2839 quomodo
1391 2797 1462 2829 sive
1494 2805 1558 2838 pro
1585 2794 1636 2827 vel
1661 2795 1693 2827 si

196 2860 403 2901 poneretur,
431 2867 549 2900 neque
575 2856 661 2900 quid
687 2855 854 2900 negativa
874 2854 1047 2889 diiunctio
1073 2855 1283 2899 postularet,
1309 2853 1408 2888 vidit.

1710 947 1759 972 134
