1915 3235
123 1523 175 1550 267

949 105 1033 146 216

314 238 435 279 illam
469 239 615 277 autem
654 235 816 276 militiae
856 220 1158 283 vacationem,
1190 246 1321 286 quam
1361 235 1460 273 ante
1499 232 1580 272 hoc
1617 233 1789 284 tempus

196 310 322 362 vulgo
354 309 432 350 hos
467 307 639 348 colonos
672 306 877 347 habuisse
917 306 1020 346 satis
1061 305 1194 357 patet,
1244 301 1479 355 significavi
1517 301 1603 342 iam
1645 314 1789 355 supra,

196 379 301 421 mihi
348 392 435 420 non
483 378 538 419 ad
584 376 824 417 maritimas
875 375 1062 417 colonias
1111 374 1282 428 proprie
1336 372 1594 426 pertinuisse
1641 372 1790 413 videri.

196 452 345 503 Neque
379 449 492 490 enim
527 449 614 489 ulla
646 448 730 489 alia
765 448 854 488 eius
888 446 1001 487 datae
1036 459 1167 486 causa
1201 444 1432 498 excogitari
1464 445 1618 496 potest,
1660 456 1791 496 quam

197 535 294 574 quae
326 520 385 561 ibi
418 533 443 560 a
466 533 536 560 me
561 520 901 560 commemorata
927 519 1010 566 est3
1043 530 1195 557 verum
1221 530 1271 558 ea
1295 515 1469 557 valebat
1493 514 1624 556 nihilo
1649 514 1790 555 minus

195 592 239 633 in
287 590 438 631 ceteris
487 590 674 639 coloniis,
724 603 821 642 quae
861 588 1160 641 antiquissimo
1198 590 1393 640 tempore
1433 585 1622 638 praesidii
1662 598 1791 626 causa

196 662 536 704 deducebantur.
599 661 685 702 Sed
717 673 854 713 usque
889 660 945 700 ad
976 659 1082 700 illud
1112 662 1298 711 tempus,
1340 671 1425 710 quo
1464 657 1582 698 illam
1615 669 1792 697 causam

194 733 362 775 Livium
403 734 544 773 actam
585 735 746 780 narrat,
795 731 837 771 in
886 730 986 772 solis
1026 729 1254 771 maritimis
1302 728 1490 781 praesidii
1537 728 1654 769 notio
1693 740 1791 780 per—

193 805 429 852 manserat,
478 803 521 843 in
555 802 706 843 ceteris
740 802 929 855 antiquis
962 802 1126 855 pridem
1163 801 1348 849 sublata,
1397 799 1597 841 omnibus
1633 799 1791 840 circum

194 876 360 928 pacatis
408 874 734 925 incolarumque
782 872 1027 914 discrimine
1069 872 1292 913 exstincto.
1356 871 1443 911 Nec
1484 869 1791 920 contenderim,

194 946 238 987 in
270 946 318 986 iis
353 944 541 993 coloniis,
590 944 633 985 in
674 957 795 997 quas,
844 944 1143 985 Romanorum
1182 942 1362 996 imperio
1401 942 1487 982 iam
1521 941 1657 994 magis
1691 953 1791 981 con-

193 1017 379 1063 firmato,
428 1016 637 1057 maiorem
687 1016 843 1056 civium
890 1028 1120 1056 numerum
1164 1013 1397 1054 deductum
1443 1011 1791 1061 commemoravi,

194 1088 373 1130 Lavicis.
423 1087 602 1132 Satrico,
652 1086 833 1135 Vitellia,
883 1086 938 1126 ab
986 1085 1106 1127 initio
1153 1085 1343 1137 praesidii
1381 1083 1601 1125 notionem
1641 1082 1792 1125 eodem

194 1172 370 1213 prorsus
404 1158 533 1199 modo
574 1158 760 1198 valuisse
799 1160 929 1209 atque
968 1158 1012 1197 in
1050 1156 1244 1209 reliquis;
1294 1169 1378 1208 quo
1421 1155 1513 1208 ipso
1552 1154 1698 1205 fiebat,
1747 1156 1794 1195 ut

194 1244 319 1284 paene
352 1231 395 1271 in
436 1228 697 1270 oblivionem
735 1228 912 1277 veniret,
963 1227 1151 1269 colonias
1192 1241 1265 1269 eas
1304 1241 1411 1269 esse.
1482 1226 1571 1267 Nec
1610 1227 1792 1275 constat,

196 1315 246 1343 ea
278 1301 461 1347 vacatio,
503 1313 600 1352 quae
633 1302 810 1352 propter
842 1299 941 1340 belli
974 1299 1124 1340 Punici
1157 1299 1461 1339 necessitatem
1494 1298 1538 1338 in
1570 1297 1670 1338 solis
1703 1296 1793 1337 An—

194 1372 373 1414 tiatibus
408 1374 449 1412 et
482 1370 753 1412 Ostiensibus
787 1370 1019 1411 observata
1052 1373 1128 1419 est,
1180 1369 1388 1422 quamdiu
1429 1368 1495 1409 his
1536 1371 1708 1410 servata
1740 1368 1795 1408 sit

195 1446 271 1485 aut
302 1456 406 1484 num
440 1443 613 1495 quando
646 1442 798 1483 ceteris
830 1441 1012 1491 reddita,
1048 1441 1164 1493 quod
1196 1441 1266 1481 rix
1299 1435 1616 1491 crediderimff)

314 1515 474 1555 Verum
514 1513 626 1561 haec,
677 1526 774 1565 quae
817 1513 870 1553 de
909 1526 991 1553 usu
1033 1512 1292 1565 infrequenti
1333 1511 1598 1553 coloniarum
1638 1508 1794 1550 civium

195 1585 395 1634 diximus,
431 1598 482 1625 ex
515 1598 599 1637 quo
624 1584 789 1625 Latinae
822 1583 976 1624 deduci
1010 1585 1163 1636 coeptae
1196 1584 1292 1633 sint,
1328 1585 1369 1623 et
1403 1582 1455 1623 de
1488 1580 1650 1622 Latinis
1682 1594 1794 1634 prae-

196 1657 319 1710 cipue
351 1655 520 1697 ltaliam
553 1655 878 1708 occupantibus,
913 1654 1058 1696 onmia
1090 1655 1286 1695 nituntur
1318 1653 1506 1695 maxime
1531 1652 1624 1694 loco
1651 1652 1795 1704 aliquo

195 1727 315 1769 Livii.
350 1727 403 1768 de
436 1740 520 1779 quo
553 1727 639 1767 iam
673 1726 903 1767 dicendum
937 1728 1014 1767 est.
1078 1726 1115 1766 Is
1150 1725 1263 1766 enim
1297 1724 1480 1778 (XXVII,
1515 1723 1540 1764 9
1575 1726 1618 1765 01
1649 1721 1720 1775 10)
1752 1723 1796 1763 in

195 1798 376 1840 historia
408 1798 508 1838 belli
548 1786 698 1838 Punici
737 1797 914 1838 secundi
954 1796 1026 1850 (ad
1067 1810 1105 1838 a.
1140 1797 1224 1837 209
1258 1795 1308 1846 Q.
1342 1795 1476 1836 Fabio
1509 1794 1621 1836 Max.
1653 1794 1702 1843 V,
1744 1793 1794 1844 Q.

195 1869 345 1910 Fulvio
388 1869 541 1910 Flacco
573 1869 627 1909 IV
661 1867 787 1920 coss.)
836 1869 1010 1921 triginta
1052 1871 1144 1909 tum
1188 1867 1376 1909 colonias
1419 1866 1566 1919 populi
1607 1864 1795 1907 Romani

196 1940 329 1982 fuisse
362 1939 523 1988 scribit,
573 1953 624 1980 ex
666 1940 821 1992 quibus
861 1939 931 1981 illo
964 1953 1078 1981 anno
1112 1938 1353 1987 duodecim,
1402 1950 1586 1990 quarum
1618 1936 1795 1978 nomina

196 2013 330 2064 ponit,
380 2011 535 2052 milites
574 2011 891 2064 pecuniamque
931 2009 1140 2052 Romanis
1181 2022 1226 2050 se
1267 2009 1370 2050 dare
1413 2021 1541 2062 posse
1583 2006 1793 2060 negarint,

293 2176 414 2211 silium
441 2180 476 2210 et
501 2180 656 2220 tempus.
708 2176 755 2210 At
781 2186 854 2209 non
881 2186 1007 2210 omnes
1039 2175 1084 2209 ad
1111 2185 1211 2209 mare
1237 2174 1315 2208 sitae
1341 2173 1532 2207 maritimae
1558 2172 1716 2213 fuerunt,
1755 2175 1794 2206 ut

295 2235 420 2270 Circeii
447 2239 482 2270 et
508 2235 713 2270 Posidonia.
763 2235 898 2269 Verum
925 2246 976 2268 eae
1002 2245 1048 2269 ne
1074 2234 1207 2268 civium
1235 2233 1381 2278 quidem
1409 2236 1522 2267 erant.

235 2291 266 2336 ¹)
291 2294 404 2329 Multa
430 2295 632 2329 necessario
658 2295 695 2328 in
721 2298 797 2328 tam
824 2294 982 2338 antiquis
1008 2294 1116 2328 rebus
1143 2293 1179 2327 in
1198 2293 1318 2328 medio
1336 2292 1575 2336 relinquenda
1592 2293 1687 2331 sunt,
1715 2300 1794 2333 quae

294 2354 339 2387 ad
366 2353 525 2397 singulas
552 2353 704 2388 alicuius
730 2353 885 2387 instituti
911 2355 1033 2398 partes
1059 2352 1253 2397 pertinent,
1287 2352 1387 2386 velut
1412 2351 1479 2385 hoc
1505 2351 1594 2391 loco,
1633 2359 1715 2393 quae
1741 2359 1795 2382 co-

293 2413 386 2446 lonis
424 2413 618 2447 necessitas
656 2412 825 2457 imposita
863 2412 972 2446 fuerit
1010 2411 1233 2446 domicilium
1266 2411 1302 2445 in
1335 2410 1475 2445 colonia
1500 2408 1668 2443 habendi.
1719 2409 1795 2442 Sta-

294 2471 432 2506 tionem
458 2482 571 2516 prope
596 2475 812 2516 perpetuam
838 2472 960 2506 Livius
986 2471 1156 2516 appellat,
1183 2471 1228 2505 de
1253 2470 1445 2504 Minturnis
1470 2470 1624 2513 loquens
1642 2466 1698 2511 (X,
1723 2466 1793 2509 21).

293 2530 458 2565 Fortasse
491 2530 608 2565 simile
640 2530 776 2575 aliquid
810 2534 886 2565 erat
918 2531 1006 2572 eius,
1045 2530 1141 2574 quod
1174 2530 1292 2564 Caesar
1326 2529 1363 2563 in
1397 2528 1546 2563 coloniis
1579 2526 1795 2561 militaribus

293 2589 460 2629 instituit,
499 2601 544 2623 ne
576 2589 656 2634 quis
688 2601 792 2634 agros
824 2590 861 2624 in
888 2590 1029 2624 colonia
1060 2589 1259 2633 assignatos
1291 2588 1387 2622 intra
1418 2587 1631 2622 vicesimum
1657 2596 1794 2620 annum

294 2649 468 2682 venderet
493 2646 661 2692 (Appian.
688 2648 761 2682 Giv.
789 2648 848 2689 ΙΙΙ,
875 2648 896 2681 2
914 2651 949 2682 01
968 2647 1014 2690 7).
1053 2646 1185 2691 [Etiam
1206 2648 1258 2682 Ti.
1285 2647 1436 2682 Gracchi
1461 2650 1497 2681 et
1523 2646 1631 2681 Sullae
1656 2644 1795 2690 legibus

295 2707 440 2742 colonos
467 2707 597 2741 vetitos
629 2717 706 2741 esse
738 2718 842 2751 agros
875 2706 1076 2751 assignatos
1108 2707 1265 2741 vendere
1297 2709 1448 2750 apparet
1480 2717 1523 2740 ex
1549 2705 1641 2750 App.
1668 2704 1742 2739 Giv.
1769 2704 1794 2744 Ι,

295 2766 340 2800 10
373 2770 408 2800 01
440 2764 485 2798 27
519 2769 554 2800 et
586 2777 629 2800 ex
655 2766 836 2800 Ciceronis
863 2777 912 2800 or.
940 2766 972 2800 II
1005 2766 1049 2801 de
1081 2766 1147 2810 leg.
1174 2776 1247 2810 agr.
1274 2764 1330 2806 28,
1370 2765 1436 2799 0151
1469 2767 1588 2799 certus
1621 2762 1795 2807 temporis

294 2825 471 2860 terminus
498 2835 571 2858 non
604 2828 922 2868 commemoratur,
960 2828 996 2859 et
1027 2825 1216 2869 Appianus
1247 2824 1283 2858 id
1315 2827 1424 2868 caput
1454 2823 1542 2867 legis
1573 2821 1795 2865 Semproniae

294 2889 421 2930 postea
457 2884 669 2928 abrogatum
711 2883 806 2924 dicit,
846 2883 968 2918 Cicero
999 2883 1036 2917 in
1069 2883 1234 2918 Cornelia
1266 2886 1347 2927 post
1379 2882 1524 2926 aliquod
1550 2885 1695 2926 tempus
1721 2891 1793 2914 non

295 2940 556 2985 observatum]
