1915 3235
864 138 943 179 171

109 267 292 320 stigatio,
343 266 462 308 cuius
506 267 704 320 princeps
749 267 909 308 exstitit
940 267 987 308 B.
1022 268 1070 309 G.
1103 267 1379 317 Niebuhrius,
1428 268 1583 309 deinde
1626 270 1696 310 alii

109 351 155 379 se
187 338 486 387 adiunxerant,
527 338 683 389 partim
718 338 789 389 qui
829 350 874 378 se
915 338 1152 391 philologos
1193 340 1235 379 et
1266 338 1503 388 historicos,
1538 340 1692 392 partim

108 408 180 460 qui
212 407 533 449 iurisconsultos
559 407 768 460 appellari
791 405 1096 460 maluerunt.¹)
1145 409 1379 450 Niebuhrio
1403 409 1696 450 institutorum

107 479 295 519 maxime
349 479 391 519 et
445 477 680 530 disciplinae
726 477 910 530 publicae
964 478 1187 520 historiam
1237 479 1503 532 propositam
1551 480 1695 530 fuisse,

108 549 250 601 ipsum
283 548 372 589 eius
405 561 513 601 opus
546 547 745 599 loquitur,
791 553 832 589 et
864 548 956 601 ipse
988 549 1069 589 sibi
1101 549 1267 590 initium
1302 550 1523 602 quaerendi
1555 553 1695 591 ortum

108 619 319 672 significat
351 632 403 660 ex
436 618 739 659 animadversa
771 619 1054 671 repugnantia
1090 632 1251 670 eorum,
1286 633 1382 672 quae
1416 620 1697 662 de-institutis

107 689 325 731 veteribus
373 689 667 738 traderentur,
715 689 943 742 studioque
982 690 1170 742 antiquae
1211 690 1270 731 rei
1311 691 1495 743 publicae
1542 692 1697 733 intelli-

107 756 319 813 gendae.²)
382 759 580 809 Omnino,
629 762 676 800 ut
719 759 885 812 singula
916 760 1138 801 Niebuhrii
1171 762 1346 802 inventa
1377 775 1492 802 nunc
1524 762 1697 803 omitta-

106 844 217 881 mus,
251 843 330 871 nec
362 843 621 883 quaeramus,
656 843 751 882 quae
785 843 901 881 vera,
936 844 1032 883 quae
1065 830 1175 872 falsa
1206 831 1446 882 videantur,
1488 832 1580 873 haec
1613 832 1698 873 duo

107 915 277 942 summa
319 901 519 954 praestitit
562 900 829 953 antiquitatis
872 901 1027 951 studio,
1077 903 1123 942 ut
1167 904 1207 942 et
1250 905 1459 953 veterum,
1507 903 1699 956 Dionysii

105 973 292 1013 maxime
326 974 368 1012 et
400 971 517 1021 Livii,
557 971 781 1012 historiam
821 972 1036 1013 scribendi
1068 973 1233 1014 ratione
1266 973 1423 1014 rectius
1456 975 1696 1026 perspecta,

105 1042 350 1083 libertatem
383 1046 422 1083 et
456 1042 759 1083 necessitatem
792 1042 1013 1094 quaerendi
1046 1045 1088 1083 et
1121 1043 1347 1084 dubitandi
1379 1044 1432 1084 de
1456 1044 1585 1084 rebus
1610 1044 1698 1085 Ro-

106 1126 333 1154 manorum
367 1114 554 1165 antiquis
587 1113 847 1163 ostenderet,
890 1115 929 1154 et
962 1113 1226 1166 perspicuas,
1268 1114 1433 1166 plenas,
1481 1128 1559 1155 nec
1593 1114 1698 1155 alias

107 1184 200 1225 aliis
247 1197 326 1224 nec
374 1197 518 1224 rerum
565 1184 875 1236 hominumque
922 1187 1090 1225 naturae
1145 1185 1362 1225 communi
1410 1187 1698 1237 repugnantes

107 1256 381 1307 antiquorum
414 1254 704 1295 institutorum
739 1254 935 1295 notiones
970 1255 1133 1307 concipi
1172 1256 1353 1296 iuberet.
1418 1256 1467 1296 Et
1503 1257 1697 1308 apparet.

106 1325 149 1366 in
196 1325 430 1367 Niebuhrio
477 1328 635 1377 praeter
681 1325 961 1378 multiplicem
1011 1326 1295 1367 eruditionem
1350 1331 1392 1367 et
1440 1326 1699 1378 singularem

107 1397 263 1437 mentis
296 1396 581 1438 mobilitatem
613 1396 656 1436 in
683 1395 826 1446 rebus,
861 1409 958 1448 quae
983 1396 1206 1438 disiuncta}
1230 1397 1476 1450 longissime
1502 1397 1699 1437 videren-

105 1469 187 1516 tur,
222 1467 277 1507 ad
309 1467 535 1508 veritatem
560 1466 861 1507 inveniendam
886 1468 991 1508 scite
1016 1469 1323 1520 componendis
1349 1470 1460 1509 hanc
1483 1468 1700 1521 praecipue

107 1537 237 1578 fuisse
270 1538 520 1578 facultatem
555 1540 596 1578 et
628 1537 817 1578 studium
853 1538 989 1578 claras
1023 1540 1066 1579 et
1099 1539 1318 1580 evidentes
1351 1552 1496 1579 rerum
1530 1539 1699 1579 institu—

106 1610 334 1661 torumque
367 1609 528 1650 formas
555 1611 597 1649 et
628 1609 836 1661 imagines
862 1608 1061 1650 distincte
1086 1612 1127 1650 et
1152 1623 1249 1651 cum
1275 1610 1486 1662 elegantia
1512 1610 1700 1662 quadam

108 1678 352 1720 elaboratas
385 1681 529 1721 animo
570 1679 895 1732 complectendi.
959 1680 1097 1721 Huius
1137 1681 1264 1732 igitur
1302 1681 1378 1721 viri
1420 1693 1564 1733 opera,
1614 1680 1699 1732 qui,

107 1763 238 1801 quum
273 1750 573 1802 antiquissima
604 1751 903 1791 Romanorum
936 1753 1134 1803 tempora
1167 1754 1386 1801 tractaret,
1424 1751 1562 1791 omnis
1597 1751 1699 1792 eius.

107 1833 203 1872 quae
226 1823 377 1873 postea
400 1821 491 1871 fuit,
525 1822 587 1862 rei
609 1821 794 1874 publicae
818 1821 1103 1863 fundamenta
1127 1822 1279 1875 attigit,
1314 1827 1353 1863 et
1381 1822 1561 1863 aliorum
1586 1822 1698 1862 idem

107 1891 339 1943 agentium,
389 1895 434 1933 ut
474 1892 674 1945 Savignii,
725 1893 878 1933 effecta
919 1895 984 1933 est
1021 1905 1258 1945 permagna
1292 1893 1513 1934 conversio
1546 1893 1588 1933 in
1620 1892 1701 1933 hac

107 1961 374 2014 antiquitatis
408 1963 650 2003 studiorum
682 1965 806 2014 parte
846 1963 1115 2015 multumque
1156 1964 1247 2004 sine
1288 1964 1419 2004 dubio
1458 1963 1698 2016 profectum

108 2032 162 2073 ad
195 2046 343 2074 Veram
375 2036 577 2074 naturam
611 2034 669 2074 rei
694 2033 877 2086 publicae
909 2034 1127 2086 totiusque
1158 2034 1390 2086 disciplinae
1414 2034 1625 2075 Romanae
1659 2036 1699 2074 et

107 2102 264 2143 Italicae
296 2104 632 2157 intelligendam.
681 2104 891 2145 Universa
924 2107 1071 2145 tamen
1105 2105 1297 2146 doctrina
1331 2105 1386 2146 ad
1419 2118 1527 2154 eam,
1562 2108 1607 2146 ut
1641 2106 1699 2146 ita

108 2174 270 2223 dicam,
327 2175 658 2216 concinnitatem
714 2175 1025 2227 certioremque
1074 2175 1277 2226 formam,
1334 2189 1464 2227 quam
1512 2175 1699 2216 maxime

111 2244 343 2286 desiderari
379 2246 626 2298 significavi,
661 2246 769 2287 adeo
801 2259 888 2286 non
920 2245 1099 2286 iudicari
1132 2248 1275 2299 potest
1300 2247 1489 2287 adducta
1515 2260 1621 2295 esse,
1656 2249 1701 2287 ut

107 2314 323 2356 interdum
355 2321 514 2369 praeter
547 2316 861 2357 dubitationem
906 2316 959 2357 de
1004 2317 1180 2370 singulis
1224 2317 1354 2358 rebus
1395 2317 1531 2358 maior
1571 2318 1702 2358 etiam

107 2385 298 2427 confusio
331 2389 374 2427 et
406 2387 696 2440 discrepantia
728 2387 962 2428 accessisse
1000 2387 1136 2428 videri
1175 2389 1322 2441 possit,
1373 2388 1464 2429 aliis
1506 2388 1703 2441 partibus

104 2468 217 2497 nova
249 2457 423 2499 inducta
457 2457 609 2507 forma,
659 2457 701 2497 in
741 2458 833 2498 aliis
873 2460 1018 2499 vetere
1051 2458 1111 2500 ita
1143 2459 1305 2508 relicta,
1354 2461 1401 2499 ut
1434 2472 1588 2511 parum
1623 2459 1702 2499 illis

106 2528 373 2577 conveniant,
408 2529 569 2581 ubique
602 2542 687 2570 non
720 2528 869 2581 paucis
902 2529 1091 2581 vestigiis
1124 2530 1276 2582 prioris
1310 2530 1486 2570 rationis
1520 2542 1702 2570 manen-

138 2665 166 2710 ¹)
192 2668 270 2702 Non
303 2680 384 2703 sum
419 2673 495 2704 tam
529 2670 674 2713 iniquus
706 2672 769 2703 aut
804 2672 883 2703 tum
918 2668 1117 2713 imperitus,
1157 2673 1197 2704 ut
1234 2670 1331 2704 intra
1368 2680 1549 2703 annorum
1589 2673 1708 2703 certos

198 2737 370 2761 numeros
397 2728 490 2763 hanc
517 2729 790 2773 prudentiorem
817 2727 1066 2762 institutorum
1093 2729 1198 2763 Rom.
1226 2729 1497 2762 tractandorum
1526 2728 1702 2762 rationem

200 2787 432 2824 concludam
473 2787 573 2821 velut
600 2787 769 2821 Friderici
794 2787 918 2821 Rothii
953 2787 1044 2821 liber
1069 2788 1114 2822 de
1147 2799 1185 2822 re
1217 2787 1428 2831 municipali
1454 2787 1705 2821 Romanorum

204 2846 363 2880 multum
389 2846 425 2880 in
458 2849 535 2880 tota
569 2846 777 2890 quaestionis
808 2846 1038 2880 instituenda}
1071 2846 1210 2881 ratione
1242 2857 1263 2880 a
1294 2846 1443 2880 confusa
1482 2845 1709 2890 superiorum

201 2903 322 2938 forma
348 2904 507 2939 discedit.

143 2959 173 3003 ²)
199 2962 240 2996 V.
277 2974 304 2996 c.
332 2963 422 2997 Hist.
450 2963 555 2997 Rom.
583 2964 613 2996 ΙΙ
639 2975 672 3007 p.
701 2962 769 2996 150
795 2963 849 2997 ed.
876 2962 908 2998 2.

1722 1624 1769 1648 211
