1915 3235
973 129 1059 169 442

219 257 421 297 adiuncta
455 257 793 310 disputationem
826 257 988 308 iuvant,
1023 260 1065 299 et
1096 263 1192 299 sunt
1218 262 1322 299 nota
1344 258 1517 312 syllepsi
1541 271 1591 300 ex
1614 259 1810 311 proximo

219 332 274 367 est
321 330 517 379 repetere
565 328 737 369 difficile
786 329 1026 370 videbatur.
1101 329 1350 382 Interpolati
1398 331 1545 370 autem
1593 331 1728 380 erant,
1777 330 1811 370 si

218 398 400 440 Grutero
432 399 539 440 fides
583 399 734 440 haberi
775 402 931 452 potest,
979 413 1066 441 non
1105 399 1244 440 solum
1286 400 1409 441 codd.
1452 399 1538 440 Erf.
1573 402 1615 441 et
1646 400 1737 441 Pal.
1771 400 1810 449 9,

217 469 292 510 sed
329 469 458 510 etiam
493 469 553 510 St.
586 470 783 511 Victoris.
849 469 1002 522 [Recte
1037 470 1252 523 disputavi
1285 470 1522 525 tollendum
1556 483 1649 511 esse
1683 483 1811 511 voca-

217 540 365 580 bulum
400 540 586 589 [2'berat273
621 541 674 581 de
708 541 800 582 cod.
833 542 931 582 Par.
967 541 1135 594 decepit
1166 554 1236 582 me
1270 541 1470 594 Krarupii
1504 541 1656 594 error.]

333 611 468 652 Paulo
501 614 600 664 post
633 610 724 664 (53)
758 626 835 664 pro
870 613 994 653 ictum
1026 613 1069 653 in
1102 612 1188 653 Erf.
1223 615 1288 653 est
1320 626 1402 653 esse
1441 626 1545 663 cum,
1594 613 1637 653 in
1677 612 1754 654 Ox.
1784 624 1813 659 ψ

216 684 257 722 et
293 682 358 722 ed.
396 683 508 722 1472
542 681 656 735 [AB]
698 688 797 724 esset
839 697 943 733 cum,
992 684 1035 724 in
1076 683 1175 724 Par.
1220 681 1317 735 (nisi
1360 696 1514 724 manus
1558 683 1683 724 amici
1725 684 1811 725 mei

215 751 451 802 aberravit)
486 758 597 794 esset.
661 753 948 795 Scribendum
983 756 1066 795 est:
1108 768 1190 795 esse
1230 755 1366 804 ictum,
1407 754 1533 806 plene
1566 757 1609 795 et
1641 754 1810 796 Cicero-

214 823 355 864 niane.
420 822 580 875 [Etiam
614 825 647 865 P
681 830 781 866 esset
812 824 938 877 eum]

334 895 497 935 Deinde
532 898 725 936 extrema
757 896 884 937 huius
918 895 1069 948 capitis
1104 894 1195 948 (54)
1229 896 1288 936 sic
1313 895 1497 938 Orellius
1532 897 1677 947 edidit,
1710 910 1810 950 pro-

215 965 400 1006 babilius
434 966 640 1018 profecto,
676 980 807 1018 quam
839 967 966 1020 vulgo
1000 969 1111 1007 erat:
1154 967 1224 1007 An
1257 968 1403 1021 linqua
1436 973 1471 1008 et
1502 968 1668 1022 inqendo
1692 973 1812 1022 pate-

211 1037 308 1089 fieri
356 1037 497 1077 aditus·
545 1037 601 1077 ad
648 1038 854 1077 civitatem
885 1039 1036 1092 potuit,
1084 1052 1214 1079 mame
1254 1043 1290 1079 et
1328 1039 1477 1079 virtute
1518 1053 1598 1079 non
1628 1040 1814 1093 poterit?

161 1121 193 1144 47
216 1122 324 1148 (ome
356 1107 405 1148 de
439 1108 552 1150 nobis
584 1109 752 1150 trahere
783 1110 918 1163 spolia*
955 1110 1177 1162 foederatesss
1209 1109 1368 1162 licebat,
1417 1109 1466 1149 de
1508 1109 1691 1150 hostibus
1730 1123 1809 1151 non

216 1179 378 1219 sinebit?
417 1194 485 1231 (w,
527 1180 635 1234 quod
674 1180 854 1234 (adipisci
878 1186 1077 1234 poterant
1108 1180 1295 1233 dicendo,
1337 1180 1380 1220 id
1420 1182 1478 1221 eis
1510 1181 1674 1235 assequi
1697 1194 1805 1235 puy-

217 1250 355 1290 tzamlo
389 1264 467 1290 non
503 1251 668 1291 mehir?
713 1251 798 1292 Sed
838 1253 953 1305 quod
993 1254 1178 1305 optimas
1218 1266 1263 1293 se
1304 1254 1499 1293 secutum
1533 1251 1810 1292 auctoritates

216 1321 328 1371 dicit,
375 1321 526 1374 exigua
559 1335 664 1363 sane
697 1324 796 1363 ante
830 1323 911 1364 hoc
943 1326 1127 1376 tempus,
1177 1323 1257 1364 nisi
1290 1323 1464 1375 quando
1498 1322 1705 1364 Gruterus
1738 1322 1812 1364 ali-

216 1392 317 1444 quid
352 1406 373 1433 e
406 1393 530 1433 bonis
565 1393 687 1434 codd.
721 1394 960 1446 protulerat
1001 1393 1133 1447 (quod
1173 1408 1289 1447 saepe
1326 1394 1418 1447 ipse
1457 1394 1674 1435 erroribus
1718 1407 1811 1435 cor-

214 1462 478 1515 rumpebat),
528 1464 666 1504 omnis
712 1466 804 1505 erat
842 1466 886 1505 in
924 1466 1006 1506 hac
1046 1465 1240 1507 oratione
1283 1465 1530 1515 auctoritas,
1578 1478 1657 1505 nec
1691 1478 1741 1505 ea
1775 1465 1812 1505 ei

216 1532 339 1573 valde
380 1534 570 1575 favebat.
634 1535 757 1576 Nunc
806 1538 987 1585 constat,
1037 1537 1204 1578 codices
1253 1535 1434 1589 (PEAB)
1483 1538 1525 1576 et
1571 1535 1637 1576 bis
1672 1536 1811 1589 potuit

214 1604 378 1645 habere
411 1607 454 1645 et
486 1607 551 1646 ter
584 1606 742 1657 lia-ebat,
782 1609 952 1648 tantum
992 1608 1192 1660 vulgares
1223 1607 1448 1660 paululum
1483 1607 1700 1648 aberrare.
1764 1607 1811 1648 In

215 1674 432 1716 Orelliana
465 1677 677 1730 scriptura
711 1681 988 1731 comparatur
1020 1678 1278 1720 beneficium
1311 1679 1473 1719 Latinis
1506 1679 1598 1731 lege
1631 1678 1811 1719 Servilia

214 1746 328 1795 olim,
379 1760 511 1798 quum
534 1768 536 1770 v
559 1749 752 1789 nondum
802 1743 946 1790 essent
990 1750 1115 1801 cives,
1167 1762 1431 1799 concessum,
1479 1752 1526 1790 ut
1565 1749 1810 1791 accusando

215 1818 432 1858 civitatem
467 1820 670 1871 consequi
702 1822 893 1872 possent,
929 1833 1022 1861 cum
1060 1833 1122 1870 eo,
1164 1821 1293 1874 quod¹
1313 1822 1537 1862 accusator
1568 1833 1683 1861 nunc
1716 1819 1808 1861 aliis

214 1888 436 1930 foederatis
486 1890 652 1942 eripiat,
702 1891 856 1932 bellica
904 1892 1058 1932 saltem
1106 1891 1263 1932 virtute
1304 1894 1347 1932 et
1384 1891 1584 1944 periculis
1624 1891 1680 1931 ad
1713 1903 1809 1931 eam

213 1960 505 2012 perveniendi.
554 1961 842 2002 Perturbatur
863 1962 1056 2003 nonnihil
1078 1963 1330 2004 meritorum
1355 1963 1621 2015 comparatio
1646 1961 1811 2002 adscita

214 2031 255 2070 ln
290 2032 662 2083 comparationem
694 2034 902 2085 temporis
943 2034 1166 2083 varietate,
1217 2047 1313 2086 quae
1353 2046 1402 2074 eo
1442 2033 1577 2086 magis
1618 2032 1808 2079 offendit,

214 2114 346 2153 quum
380 2103 524 2143 omnia
558 2103 802 2145 referantur
834 2104 890 2145 ad
922 2118 1056 2145 unum
1089 2104 1303 2146 maiorum
1336 2104 1554 2145 iudicium.
1604 2103 1810 2145 Codicum

214 2172 436 2225 scripturae
470 2175 564 2215 haec
597 2179 662 2216 est
700 2175 926 2216 verissima
964 2176 1199 2216 sententia:
1255 2175 1346 2225 „An
1386 2176 1467 2216 hoc
1506 2175 1643 2216 dicitis
1686 2173 1809 2228 (tum,

214 2255 346 2294 quum
382 2244 520 2285 Latini
554 2246 624 2287 illo
660 2246 867 2287 beneficio
900 2246 1004 2299 legis
1030 2246 1219 2287 Serviliae
1253 2244 1506 2299 utebantur)
1538 2246 1683 2299 lingua
1716 2246 1809 2298 qui-

214 2313 312 2354 dem
347 2316 388 2354 et
420 2314 590 2367 ingenio
625 2317 841 2358 civitatem
883 2318 1086 2370 consequi
1129 2331 1200 2358 eos
1240 2319 1445 2370 potuisse,
1494 2330 1580 2358 non
1618 2316 1810 2369 potuisse

212 2386 315 2426 item
340 2385 511 2438 (eodem
535 2386 747 2440 tempore)
772 2388 932 2429 armis?
965 2391 1045 2429 cet.
1094 2388 1243 2439 Immo,
1279 2389 1350 2442 qui
1372 2389 1454 2430 hoc
1477 2388 1536 2429 eis
1566 2387 1810 2428 tribuerunt

214 2456 397 2497 maiores
430 2459 579 2507 nostri,
628 2461 676 2499 ut
718 2460 961 2500 accusando
996 2460 1108 2501 cives
1141 2460 1233 2501 fieri
1264 2461 1454 2512 possent,
1504 2459 1639 2500 multo
1672 2459 1808 2511 magis

212 2527 377 2568 bellicae
410 2528 721 2570 foederatorum
756 2530 902 2570 virtuti
946 2543 1044 2571 eum
1088 2531 1297 2571 honorem
1342 2544 1367 2571 a
1412 2543 1457 2571 se
1498 2529 1650 2571 haberi
1681 2529 1808 2570 licere

212 2599 488 2650 putaverunt.
537 2599 664 2641 Patet
696 2600 836 2653 igitur,
870 2601 1057 2642 maiores
1091 2601 1185 2653 ipsa
1217 2601 1289 2641 illa
1322 2601 1414 2654 lege
1447 2601 1639 2650 Servilia,
1674 2613 1806 2652 quum

213 2670 327 2709 esset
375 2668 427 2709 de
477 2669 559 2710 alio
607 2671 736 2711 modo
777 2671 959 2712 civitatis
1000 2671 1169 2721 dandae,
1218 2674 1368 2712 tamen
1415 2672 1467 2712 de
1514 2673 1604 2712 toto
1652 2683 1807 2723 genere

212 2736 515 2791 iudicasse“.¹)
564 2740 616 2781 Et
648 2741 704 2781 ad
736 2742 961 2794 superiora
992 2745 1190 2795 tempora
1223 2755 1396 2783 omnem
1429 2741 1580 2783 referri
1612 2741 1807 2794 disputa-

248 2878 278 2921 ¹)
304 2880 344 2913 In
363 2880 572 2923 vulgaribus
596 2880 675 2914 edd.
695 2881 854 2924 primum
880 2886 977 2917 recte
1003 2883 1206 2918 retinentur
1227 2884 1299 2917 duo
1318 2883 1516 2927 praeterita;
1545 2882 1675 2917 deinde
1694 2885 1807 2916 trans-

306 2938 377 2973 itur
404 2939 523 2973 subito
550 2939 595 2973 ad
630 2940 805 2982 futurum,
832 2952 898 2975 nec
924 2942 1042 2976 solum
1068 2942 1105 2976 in
1139 2942 1252 2977 altero
1278 2942 1455 2983 membro,
1488 2943 1551 2976 sed
1576 2942 1613 2976 in
1641 2945 1806 2986 utroque,

306 2997 407 3040 quasi
435 2998 543 3031 etiam
571 3009 668 3032 nunc
694 2999 763 3033 ista
788 3000 833 3034 sit
859 3000 1071 3035 Latinorum
1099 3001 1271 3035 condicio.
1294 3003 1300 3011 “
