1915 3235
843 129 926 170 621

209 259 254 301 C.
288 259 328 308 3,
372 259 396 300 8
442 259 485 299 in
525 258 826 300 Themistoclis
859 271 1079 312 responso,
1129 259 1245 312 quod
1286 260 1345 300 sic
1388 260 1680 301 scribebatur:

92 329 178 371 Nee
209 329 387 382 hercule,
419 329 457 370 si
489 342 559 383 eqo
592 328 811 383 Seriphius
844 344 982 383 essem,
1015 330 1177 383 nobilis,
1210 344 1283 371 6666
1305 335 1362 383 tu,
1395 331 1433 371 si
1458 330 1682 371 Athenien-

89 402 148 442 sis
179 414 294 450 esses,
338 400 480 440 clarus
511 413 696 454 uuquam
725 400 892 453 fuisses,
940 400 1086 442 notavi
1117 413 1267 442 vocem
1299 400 1462 450 nobilis,
1510 414 1561 441 ac
1592 401 1681 442 vel-

89 471 174 512 lem
222 470 452 520 delevisse,
507 470 693 522 probata
748 471 888 512 Caroli
935 470 1084 524 Langii
1140 472 1379 512 certissima
1425 471 1680 524 suspicione.

89 541 270 582 Prorsus
303 541 418 581 enim
449 553 653 593 perverse
686 541 771 582 duo
804 541 1016 582 adiectiva
1049 541 1105 582 ad
1128 554 1251 582 suam
1273 544 1507 595 utrumque
1536 542 1681 583 condi-

91 612 256 653 cionem
288 611 546 661 referuntur,
580 613 791 664 tanquam
823 612 907 653 alia
939 612 995 652 sit
1025 612 1241 662 nobilitas,
1283 611 1367 653 alia
1400 613 1586 661 claritas,
1627 613 1683 654 ad

88 682 206 723 illam
239 682 474 734 Seriphius,
510 682 565 722 ad
596 683 710 723 hanc
741 683 872 723 homo
904 682 1018 723 iners
1050 685 1240 734 nequeat
1270 683 1510 735 pervenire,
1549 696 1681 736 quum

87 753 181 794 haec
212 753 267 794 sit
297 753 524 803 sententia,
559 753 699 794 eidem
732 753 793 794 rei
825 755 1057 806 utrumque
1090 753 1276 803 obstare,
1317 753 1470 806 patriae
1503 754 1681 795 nimiam

87 824 347 877 parvitatem
381 826 424 864 et
454 823 612 876 ingenii
643 824 848 877 inopiam.
910 824 1061 877 Itaque
1103 836 1231 865 nemo
1271 837 1323 864 ex
1355 823 1514 865 Graecis
1547 825 1681 876 scrip-

88 895 276 944 toribus,
333 894 405 947 qui
451 895 533 936 hoc
579 908 836 948 responsum
884 894 1177 944 tradiderunt,
1232 908 1319 936 non
1373 908 1462 935 una
1508 894 1682 936 notione

88 965 328 1017 eodemque
359 966 493 1006 verbo
532 965 575 1006 id
607 965 947 1018 comprehendit,
996 965 1112 1017 quod
1150 978 1291 1018 neque
1325 965 1523 1018 Seriphio
1556 965 1681 1006 indu-

87 1036 190 1077 strio
228 1049 369 1088 neque
410 1035 663 1077 Atheniensi
709 1036 833 1077 inerti
876 1038 1022 1088 posset
1062 1036 1306 1089 contingere
1354 1035 1534 1089 (Herod.
1575 1035 1680 1085 VIII,

89 1106 173 1147 125
210 1109 403 1155 ἐτιμήθην,
437 1106 547 1147 Plat.
582 1107 647 1148 Re
679 1121 721 1159 p.
754 1107 771 1147 I
810 1121 852 1159 p.
886 1107 970 1147 329
1004 1108 1197 1156 ὀνομαστὸς
1230 1110 1376 1155 ἐγένετο,
1418 1106 1530 1147 Plut.
1565 1106 1681 1146 The-

88 1177 202 1218 mist.
239 1177 290 1218 18
325 1180 367 1218 et
399 1178 444 1217 in
475 1179 784 1230 apophthegm.
818 1180 996 1227 ἐγενόμην
1021 1176 1194 1229 ἔνδοξος).
1257 1177 1486 1218 Manifesta
1526 1190 1604 1230 per
1636 1190 1681 1218 se

87 1260 156 1289 res
189 1247 344 1289 indicio
377 1261 464 1288 non
496 1250 633 1297 caret3
680 1261 783 1289 nam
823 1250 867 1289 in
908 1249 1030 1290 codd.
1064 1248 1165 1297 Erf.,
1210 1248 1457 1289 Trevirensi
1505 1248 1680 1290 ceteris-

87 1331 169 1371 que
217 1318 306 1359 fere
353 1318 602 1359 melioribus
647 1318 710 1371 (C.
744 1319 905 1372 Langii,
954 1320 1182 1361 Pithoeano
1223 1318 1322 1372 cet.)
1369 1319 1564 1373 iynobilis
1603 1320 1679 1368 est,

85 1401 269 1441 pravum
302 1389 527 1441 glossema,
561 1402 648 1429 non
679 1389 841 1439 nobilis,
876 1390 989 1442 quod
1025 1390 1275 1443 corrigendo
1309 1390 1510 1430 effectum
1544 1391 1620 1430 est.

205 1459 250 1501 C.
286 1460 324 1509 7,
359 1460 414 1500 23
447 1459 582 1500 edidi:
632 1459 745 1500 Num
795 1461 924 1514 iyitur
969 1460 1090 1514 hune,
1138 1474 1238 1501 uum
1286 1460 1532 1512 Homerum,
1582 1474 1682 1500 uum
1701 1473 1751 1497 272

88 1529 334 1581 Hesiodum,
367 1529 635 1580 Simonidem,
671 1530 948 1571 Stesichorum
987 1554 1042 1559 —
1080 1533 1207 1586 eoeyit
1237 1532 1283 1571 in
1314 1531 1402 1572 suis
1432 1530 1584 1571 studiis
1615 1530 1680 1571 ob-

86 1605 307 1642 mutescere
338 1601 549 1642 senectus?
592 1601 728 1654 Vulgo
767 1616 865 1642 uum
907 1607 1007 1643 ante
1048 1603 1132 1644 duo
1173 1605 1367 1643 extrema
1405 1601 1581 1642 nomina
1613 1614 1680 1641 re-

86 1671 247 1724 petitur
279 1675 429 1713 contra
462 1671 629 1713 codices
653 1673 784 1725 paulo
810 1673 1008 1714 meliores
1033 1686 1204 1722 omnes3
1237 1686 1324 1714 non
1349 1675 1464 1713 recte
1491 1672 1680 1713 Klotzius

87 1742 218 1782 etiam
252 1744 351 1782 ante
375 1742 604 1783 Hesiodum
638 1743 895 1796 particulam
920 1743 1104 1784 sustulit.
1153 1744 1200 1784 In
1231 1743 1478 1784 huiusmodi
1509 1756 1680 1784 coacer-

85 1813 258 1853 vatione
290 1813 501 1865 particula
535 1814 672 1855 aliave
705 1828 788 1855 vox
822 1814 1060 1855 communis
1100 1814 1143 1854 in
1183 1814 1331 1867 primis
1372 1814 1579 1855 membris
1613 1826 1680 1854 re-

85 1883 258 1936 petitur,
292 1883 335 1923 in
368 1885 570 1925 extremis
603 1885 814 1925 omittitur
847 1898 943 1925 cum
967 1885 1157 1938 quadam
1181 1884 1392 1926 eiusmodi
1417 1884 1678 1937 aequalitate,

87 1953 225 2006 qualis
257 1953 325 1994 hic
358 1954 542 1996 efficitur
574 1956 617 1996 in
650 1955 845 1997 codicum
879 1956 1111 2008 scriptura;
1147 1955 1374 1996 cfr.-Verr.
1409 1955 1456 2004 V,
1491 1955 1560 2004 51,
1598 1954 1680 1995 133

87 2022 474 2078 (quemadmodum
518 2039 544 2066 a
585 2039 654 2067 me
698 2028 741 2067 et
783 2027 982 2079 Zumptio
1026 2039 1049 2066 e
1094 2025 1217 2066 codd.
1260 2025 1379 2066 locus
1425 2026 1679 2066 emendatus

87 2093 188 2147 est):
233 2095 324 2136 Hoc
356 2095 647 2149 Amestratini,
688 2097 761 2137 hoe
800 2097 1080 2148 Herbitenses,
1121 2095 1418 2150 Ayyriiieizses,
1467 2095 1679 2150 Tyndari-

86 2166 177 2206 tam'
201 2165 365 2220 publice
397 2167 560 2217 stiezmt3
600 2181 679 2220 pro
712 2167 812 2209 Cael.
850 2168 915 2217 14,
951 2168 1026 2208 34:
1068 2181 1149 2207 non
1173 2172 1394 2221 patruum,
1427 2181 1510 2207 uon
1542 2180 1677 2215 cirum,

80 2250 310 2290 proavum,
360 2243 530 2279 atavum
573 2238 774 2279 audieras
816 2239 1020 2279 consulem
1060 2238 1223 2291 fuisse?
1267 2251 1345 2290 pro
1391 2238 1476 2278 Mil.
1512 2238 1557 2285 7,
1603 2238 1678 2278 20:

86 2308 157 2362 qui
189 2308 392 2361 Drusum,
426 2310 497 2363 qui
528 2308 800 2361 Africanum,
844 2309 1098 2362 Pompeium,
1130 2313 1286 2348 uosmet
1316 2309 1426 2362 ipsos
1459 2310 1538 2348 cet.
1582 2306 1679 2360 [pro

48 2434 52 2437 ῃ
89 2378 256 2420 Cluent.
281 2379 349 2427 30,
384 2379 459 2420 83:
493 2381 529 2420 si
560 2380 682 2420 istinc
701 2412 709 2419 .
731 2412 738 2419 .
760 2411 783 2431 .,
816 2380 853 2419 si
874 2369 995 2419 istinc
1014 2412 1022 2419 .
1043 2411 1052 2419 .
1073 2411 1096 2430 .,
1129 2379 1251 2419 istinc
1271 2411 1279 2419 .
1301 2411 1308 2419 .
1330 2411 1354 2431 .,
1387 2379 1509 2419 istinc
1532 2377 1631 2431 cet.]
1646 2375 1679 2430 ¹)

205 2450 250 2491 C.
285 2451 324 2499 8,
358 2450 412 2491 26
447 2450 658 2491 edebatur
690 2450 745 2490 ab
779 2449 999 2490 omnibus:
1043 2454 1087 2489 ut
1118 2448 1305 2489 Solonem
1338 2449 1523 2490 versibus
1551 2450 1679 2503 9Ζονὶ-

87 2524 224 2560 antem
255 2520 454 2573 videmus,
503 2521 574 2575 qui
611 2534 652 2560 se
690 2519 870 2574 quotidie
903 2519 1066 2574 aliquid
1098 2519 1377 2560 addiscentem
1412 2520 1513 2560 dicit
1544 2534 1679 2560 senem

84 2589 204 2643 fieri;
250 2596 295 2632 ut
333 2605 402 2646 690
438 2590 534 2644 feei,
583 2591 654 2646 qui
694 2593 773 2632 cet.
844 2591 929 2631 Sed
969 2590 1119 2643 optimi
1158 2590 1325 2631 codices
1365 2590 1486 2643 (reg.,
1536 2591 1677 2639 Trev.,

123 2775 152 2820 ¹)
177 2777 289 2812 Paulo
316 2782 399 2812 ante
426 2778 458 2820 6,
491 2778 536 2811 20
562 2778 620 2822 qui
655 2779 700 2812 ad
732 2779 871 2812 codices
903 2778 1108 2820 attenderit,
1147 2789 1220 2812 non
1252 2779 1421 2822 requiret,
1463 2788 1526 2810 cur
1558 2776 1680 2810 mendi

182 2839 306 2870 notam
338 2837 585 2881 apposuerim
626 2837 724 2870 aliud
762 2837 859 2870 enim
894 2836 982 2870 latet
1013 2837 1191 2880 poematis
1223 2848 1374 2874 nomem
1417 2840 1450 2870 et
1484 2839 1606 2869 tamen
1643 2836 1679 2868 in

181 2895 388 2929 huiusmodi
415 2896 572 2930 editione
598 2897 750 2929 fortasse
776 2895 862 2929 satis
889 2898 965 2929 erat
990 2895 1079 2929 illud
1105 2895 1248 2939 signum
1275 2896 1316 2929 iis
1350 2895 1565 2935 adscribere,
1600 2904 1679 2937 quae

182 2954 370 2988 sententia}
396 2958 458 2989 aut
484 2954 656 2988 orationis
681 2954 860 2998 pravitate
887 2954 1086 2988 offendunt.
