1915 3235
149 630 198 655 146

159 2548 211 2574 147

974 118 1056 159 118

334 257 382 298 ln
414 255 607 297 oratione
640 249 831 292 secunda
868 248 911 289 in
954 246 1183 288 Catilinam
1227 246 1527 287 additamenta
1568 246 1809 288 scribarum

219 328 463 371 coniectura
496 324 650 366 ductus
682 321 726 362 in
756 319 895 361 tribus
928 317 1030 359 locis
1062 317 1222 367 notavi,
1257 330 1441 370 quorum
1469 318 1654 371 exempli
1681 331 1812 360 causa

219 401 271 441 de
304 412 353 439 eo
387 397 541 445 dicam,
586 393 658 447 qui
691 393 756 433 est
788 403 823 431 c.
857 388 896 438 5,
941 388 1013 437 1ος
1062 388 1096 429 is
1136 387 1196 428 ita
1235 387 1525 429 scribebatur:
1574 387 1671 429 Non
1702 389 1811 429 enini

220 473 305 511 loni
344 472 439 509 sunt
480 464 706 506 medioeres
747 460 961 501 hominnm
1003 458 1210 508 libidines,
1258 472 1341 499 non
1381 458 1577 500 liu-mance
1620 459 1813 501 audaciae

220 556 267 582 ae
300 536 541 589 tolerandae,
582 533 754 576 sublata
787 530 1074 572 concinnitate
1114 529 1409 571 membrorum
1453 528 1552 583 (non
1588 529 1813 571 mediocres

219 611 427 661 libidines,
472 621 552 647 non
583 605 780 645 hnmance
813 598 1022 653 andacice)
1063 602 1106 641 et
1137 600 1275 641 fracta
1307 601 1450 654 aliquo
1482 601 1612 642 modo
1644 602 1685 642 vi
1717 614 1814 643 ora-

219 680 367 727 tionis;
415 678 512 731 plus
553 678 617 717 est
655 674 769 715 enim
808 685 892 713 non
928 671 1138 711 humanus
1169 684 1246 724 per
1287 684 1345 721 se,
1389 685 1527 728 quam
1560 673 1594 712 si
1628 671 1815 713 addatur

221 765 301 792 non
333 747 589 790 tolerandus.
652 745 700 786 In
748 742 966 785 codicibus
1014 745 1160 783 autem
1208 742 1396 795 primum
1436 743 1580 784 varius
1614 745 1678 784 est
1710 743 1814 785 ordo

220 822 467 868 verborum,
516 816 672 859 deinde
716 814 847 856 etiam
891 814 1126 866 scriptura;
1173 826 1276 854 nam
1318 814 1361 854 in
1402 827 1488 855 uno
1528 814 1683 855 Graevii
1723 814 1815 856 cod.

222 895 287 934 est
319 892 514 932 numam
555 902 603 929 ae
634 884 876 934 tolerandae,
925 885 968 924 in
1006 883 1144 925 tribus
1185 883 1501 926 Oxoniensibus
1541 885 1737 926 hnmanae
1769 899 1818 926 ac

224 960 511 1010 intolerandae,
552 960 596 1000 in
635 971 721 999 uno
754 956 894 997 Oxon.
927 954 1204 995 intolerandae
1243 960 1413 996 servato
1451 956 1616 1009 Vulgari
1654 956 1843 997 ordine..

222 1034 348 1086 Quod
380 1034 467 1074 iam
499 1031 600 1072 hine
640 1028 920 1077 concluditur,
968 1025 1243 1079 participium
1283 1027 1683 1079 interpretationem
1724 1039 1817 1068 esse

224 1104 422 1148 adiectivi
454 1102 584 1156 paulo
616 1098 869 1141 insolentius
902 1097 955 1138 de
990 1096 1175 1137 andacia
1206 1097 1346 1150 positi,
1368 1098 1508 1150 ,plane
1542 1097 1821 1139 confirmatur

225 1191 287 1227 eo,
323 1175 439 1229 quod
470 1174 513 1214 in
545 1186 631 1214 uno
664 1170 757 1212 cod.
792 1169 944 1218 Oxon„
978 1168 1147 1209 omissis
1179 1168 1400 1209 vocabulis
1429 1183 1478 1209 ae
1501 1169 1583 1219 tol„
1617 1169 1819 1210 scribitur

223 1249 420 1288 linnzcmce
453 1244 646 1285 andacise
673 1236 1003 1297 perferendoe.²)
1066 1239 1270 1281 Eiusdem
1303 1240 1469 1293 generis
1503 1240 1818 1290 emendatione,

225 1319 301 1361 sed
344 1317 480 1358 multo
528 1313 771 1367 insigniore,
820 1311 1030 1352 utendum
1078 1311 1227 1363 putavi
1274 1311 1317 1351 in
1365 1312 1558 1352 oratione
1605 1311 1733 1352 tertia
1779 1310 1822 1351 in

226 1390 455 1432 Catilinam
489 1399 524 1427 c.
561 1386 628 1435 10,
662 1383 731 1433 25,
766 1396 849 1435 quo
884 1382 975 1423 loco
1009 1382 1169 1432 Cicero,
1210 1386 1258 1423 ut
1291 1382 1504 1432 ostendat,
1546 1395 1676 1435 quam
1708 1394 1821 1434 prae-

226 1462 342 1502 clara
382 1459 479 1508 sint,
530 1470 625 1510 quae
665 1452 863 1507 gesserit,
912 1452 1131 1494 recordari
1169 1453 1378 1505 populum
1417 1453 1537 1494 iubet
1576 1453 1820 1506 superiores

227 1530 517 1573 dissensiones
567 1526 731 1574 civiles3
792 1537 977 1577 quarum
1025 1525 1141 1564 exitu
1189 1526 1527 1565 commemorato
1583 1523 1722 1573 addit,
1778 1524 1825 1563 ut

228 1602 402 1656 quidem
450 1599 576 1651 vulgo
622 1598 691 1638 hic
736 1597 855 1637 locus
899 1594 1189 1636 scribebatur:
1238 1595 1373 1649 Atque
1422 1596 1504 1636 ilice
1551 1594 1825 1635 dissensiones

229 1678 348 1715 erant
375 1669 627 1722 huiusmodi,
665 1668 859 1719 Quirites,
894 1679 984 1721 quse
1016 1679 1099 1706 non
1123 1665 1180 1706 ad
1203 1666 1437 1719 delendam,
1471 1665 1542 1707 sed
1568 1665 1625 1705 dd
1647 1678 1824 1705 comnin-

228 1744 402 1786 candanz
425 1740 741 1794 rempublicam
759 1738 1040 1792 pertinerent:
1072 1750 1154 1777 non
1185 1737 1250 1777 ilii
1281 1737 1442 1777 nnllam
1475 1751 1557 1777 esse
1584 1749 1671 1776 reni
1686 1734 1825 1789 publi-

228 1829 333 1868 cum,
367 1813 437 1854 sed
473 1814 515 1852 in
549 1825 610 1861 eci,
656 1823 746 1865 (lnce
780 1812 891 1860 esset,
925 1822 966 1848 se
999 1821 1082 1848 esse
1106 1807 1335 1861 principes,
1384 1822 1511 1863 neque
1543 1807 1650 1848 hcine
1682 1805 1825 1847 urbem

229 1886 508 1940 conflagrare,
557 1881 628 1923 sed
667 1894 707 1921 se
742 1881 790 1920 *in
830 1879 909 1920 hae
947 1878 1048 1919 urbe
1085 1878 1235 1931 florere
1276 1880 1501 1920 voluerunt.
1565 1878 1700 1933 Atque
1740 1877 1824 1918 illoe

229 1964 366 1999 tamen
413 1968 550 1996 omnes
597 1951 890 2003 dissensiones,
939 1963 1117 2004 quamne
1168 1950 1286 1990 nulla
1335 1951 1506 1990 exitium
1552 1950 1615 1990 rei
1646 1948 1827 2003 publicae

228 2028 431 2086 qnoesicit,
466 2023 670 2066 eiusmodi
699 2022 888 2075 fuerunt,
922 2025 966 2061 nt
998 2033 1080 2060 non
1112 2021 1444 2061 reconciliatione
1476 2020 1718 2071 concordiae,
1752 2019 1824 2060 sed

228 2099 504 2141 interneeione
537 2095 689 2136 eivimn
721 2092 967 2133 diiudicatae
999 2092 1094 2132 sint.
1158 2091 1363 2133 Codicum
1404 2093 1578 2145 quidem
1610 2093 1727 2134 nulla
1760 2095 1826 2134 est

228 2168 523 2214 memorabilis
554 2167 757 2215 varietas,
806 2163 887 2204 nisi
927 2163 1043 2215 quod
1082 2163 1125 2203 in
1163 2162 1326 2215 aliquot
1365 2164 1582 2206 codicibus
1616 2166 1748 2205 etiam
1779 2165 1823 2205 in

229 2243 382 2297 prioris
406 2237 571 2293 periodi
594 2236 715 2277 initio
738 2234 912 2287 legitur:
947 2232 1082 2288 Atque
1099 2233 1184 2273 ilice
1201 2238 1340 2274 tamen
1356 2248 1506 2276 omnes.
1555 2236 1640 2276 Sed
1661 2236 1825 2288 primus

229 2312 452 2356 Ernestius
486 2312 638 2362 aperta
670 2305 962 2348 redundantia
994 2306 1036 2345 et
1068 2304 1303 2345 eorundem
1344 2306 1587 2357 verborum,
1631 2306 1824 2347 eiusdem

230 2386 382 2427 formae
415 2379 639 2422 sententiae
670 2375 926 2430 repetitione
958 2374 1148 2416 offensus
1174 2388 1304 2418 unam
1330 2389 1382 2417 ex
1407 2377 1576 2419 duabus
1599 2377 1824 2430 periodum

231 2456 400 2498 efficere
435 2452 613 2494 conatus
648 2450 725 2497 est,
758 2448 819 2487 ita
850 2448 910 2495 ut,
945 2445 1095 2486 deletis
1128 2446 1271 2487 verbis
1305 2452 1424 2488 erant
1455 2448 1707 2499 huiusmodi,
1739 2448 1819 2489 illis

232 2529 377 2568 autem
410 2536 493 2563 non
523 2521 588 2561 illi
619 2518 780 2559 nnllam
828 2539 883 2544 —
930 2517 1147 2557 voluerunt
1185 2529 1263 2569 per
1299 2520 1580 2570 parenthesin
1618 2520 1819 2573 acceptis,

231 2594 446 2639 sententia
478 2592 676 2633 instituta
717 2588 1015 2629 absolveretur
1054 2587 1125 2628 illa
1166 2587 1341 2629 demum
1381 2593 1525 2642 parte:
1574 2595 1706 2646 atque,
1740 2590 1826 2631 ilice

231 2674 370 2710 tamen
417 2676 554 2704 omnes
601 2660 888 2707 dissensiones,
938 2671 1116 2712 quarum
1165 2661 1259 2709 cet.,
1310 2673 1495 2714 eumque
1542 2662 1677 2704 secuti
1723 2663 1825 2703 sunt

231 2738 478 2782 Matthiaeus
497 2736 540 2775 et
556 2730 759 2779 Orellius3
793 2741 977 2781 quorum
994 2728 1201 2770 iudicium
1225 2731 1361 2772 multa
1385 2735 1603 2782 evertunt3
1636 2732 1823 2786 primum

270 2903 298 2948 ¹)
325 2903 470 2948 [Postea
496 2897 590 2935 edidi
608 2893 819 2931 melioribus
845 2892 1120 2928 auctoritatibus
1146 2894 1355 2934 obsecutus:
1382 2901 1550 2933 humanm
1572 2909 1614 2932 ac
1631 2897 1825 2932 tolerandae

328 2956 517 3002 audoene]
