1915 3235
834 116 921 158 405

83 262 290 303 sponsum
340 248 524 289 deesset.
602 246 765 287 Eadem
813 247 959 286 autem
1007 244 1185 297 vestigia
1232 245 1275 285 in
1327 243 1522 297 pluribus
1569 243 1671 285 locis

83 319 347 361 recurrentia
392 320 531 359 totum
579 317 660 357 hoc
708 316 1010 369 disputationis
1058 328 1192 368 genus
1231 314 1358 355 valde
1401 314 1670 355 confirmant.

84 389 239 442 [Aliter
269 389 412 430 locum
445 387 677 429 emendare
709 388 889 428 conatus
922 399 1017 427 sum
1049 386 1159 426 Adv.
1184 385 1285 427 Crit.
1308 385 1363 425 ΠΙ
1383 399 1426 438 p.
1452 385 1534 426 143
1558 384 1671 438 sqq.]

201 459 246 501 C.
283 459 348 508 14,
382 459 451 508 33,
484 457 558 499 ubi
591 457 750 499 editur:
799 471 890 497 cum
929 457 1176 497 clarissimis
1213 456 1318 496 viris
1355 469 1525 496 causam
1557 460 1672 495 tuam

84 544 166 572 esse
198 531 471 579 coniunctam,
506 541 639 581 quum
673 527 807 569 codex
838 527 1091 568 Parisiensis
1114 526 1299 567 habeat:
1333 539 1425 566 cum
1448 526 1674 565 clarissimi

85 602 166 642 viri
197 613 369 641 causam
401 605 530 648 tuam,
576 612 706 640 nemo
750 598 873 640 facile
916 597 1145 646 dubitabit,
1195 596 1297 649 quin
1335 595 1463 636 scribi
1495 595 1671 636 debeat:

83 685 175 712 eum
206 671 434 711 clarissimi
473 670 556 710 viri
594 683 722 709 causa
754 674 867 710 tuam
902 682 984 709 esse
1015 669 1289 709 coniunctam.
1350 666 1495 707 Unum
1529 665 1674 707 Caesa-

82 755 174 782 rem
221 740 443 794 significat‚
493 739 711 781 consulem
756 753 781 780 a
823 739 992 781 Vatinio
1034 738 1206 779 tribuno
1254 737 1464 778 adiutum.
1527 736 1674 787 Quan-
1694 748 1745 772 522

74 812 215 864 ‘quam
264 810 467 864 loquendi
514 823 647 863 genus
695 811 879 852 alterum
926 809 1184 863 reprehendi
1221 821 1309 849 non
1340 809 1495 860 potest,
1545 808 1672 860 quod.

84 881 219 923 eiecto
252 881 465 934 frequenti
499 881 654 922 codicis
688 881 774 922 Erf.
817 884 871 930 et,
920 884 967 921 ut
1010 894 1061 921 ex
1105 878 1331 921 Cratandri
1375 891 1545 931 quoque
1590 869 1675 919 edi-

82 952 198 994 tione
231 955 425 1005 apparet,
459 952 641 993 aliorum
665 952 861 992 codicum
882 950 1054 1000 mendo⁷
1089 950 1405 991 restituendum
1429 951 1505 999 est,
1540 949 1675 990 Gara—

82 1023 199 1064 tonio
243 1035 414 1075 quoque
447 1024 634 1071 auctore,
685 1024 878 1063 extrema
921 1022 1115 1063 oratione
1158 1020 1347 1073 (cau-semi
1380 1020 1553 1061 Milonis
1585 1034 1676 1060 eum

83 1094 156 1134 hoc
188 1094 447 1134 coniunctam
481 1092 747 1145 eoeistimaii),
795 1093 899 1134 satis
940 1092 1167 1133 defensum
1201 1104 1264 1137 eo.
1315 1092 1430 1143 quod
1463 1091 1674 1144 sequitur:

84 1165 248 1219 quicum
282 1165 370 1205 eius
402 1178 573 1204 causam
605 1164 833 1217 coniunyis.
898 1161 1037 1215 [Verr.
1071 1164 1125 1204 ΠΙ
1158 1162 1180 1215 ξ
1217 1162 1334 1215 153]

203 1235 405 1287 Sequitur
435 1235 566 1287 paulo
598 1237 714 1287 post:
745 1234 962 1287 fecerisne,
997 1234 1104 1288 quod
1135 1235 1181 1273 ‘in
1212 1233 1291 1273 hac
1324 1246 1368 1272 re
1392 1232 1563 1286 publica
1597 1246 1675 1272 mm

83 1305 203 1347 modo
233 1306 397 1359 factum
431 1311 525 1346 conte
556 1319 772 1360 uunquam
805 1309 873 1357 est,
907 1304 978 1345 secl
1012 1305 1055 1344 in
1077 1305 1190 1344 omni
1215 1305 1414 1344 memoria
1438 1304 1491 1344 sit
1514 1304 1678 1343 omnino

86 1376 337 1426 immditum,
372 1376 597 1429 dupliciter
624 1376 800 1423 soloece;
833 1389 936 1416 nam
960 1388 1101 1427 neque
1133 1388 1210 1427 per
1242 1387 1286 1415 se
1320 1374 1363 1414 in
1396 1374 1575 1414 relativa
1606 1373 1677 1414 illa

85 1447 299 1488 sententia
331 1447 563 1500 pertinenti
595 1447 651 1488 ad
684 1447 927 1487 subiectum
960 1446 1231 1487 indefinitum
1272 1447 1314 1486 et
1352 1447 1522 1486 tantum
1565 1444 1676 1497 cogi-

84 1521 223 1559 tatum
256 1517 513 1558 indicativus
554 1517 655 1570 poni
694 1520 865 1570 poterat
905 1516 1077 1570 (quaerit
1117 1518 1231 1557 enim
1265 1516 1424 1564 Cicero.¹
1474 1516 1677 1556 feceritne

84 1589 142 1638 id,-
175 1589 227 1629 de
261 1602 345 1641 quo
377 1588 481 1629 illud
514 1588 595 1629 dici
627 1587 794 1641 possit),
828 1601 968 1640 neque
1002 1588 1220 1640 coniungi:
1255 1601 1334 1627 non
1369 1586 1486 1626 modo
1517 1586 1676 1639 factem(

86 1664 169 1712 est,
203 1659 275 1700 sed
306 1660 372 1699 sit
406 1659 657 1699 inauditmn.
707 1659 963 1712 Quanquam
1000 1659 1157 1699 Orellio
1190 1660 1305 1699 recte
1328 1657 1497 1698 videtur
1520 1658 1678 1710 opponi

85 1742 153 1771 res
186 1732 305 1771 certa
338 1729 522 1783 (factum
555 1728 628 1782 est)
661 1730 836 1770 incertae
877 1728 947 1783 (sit
981 1727 1250 1781 inauditnm).
1314 1729 1389 1769 Est
1426 1728 1506 1769 hoc
1545 1741 1677 1768 unum

87 1814 138 1842 ex
170 1801 344 1841 infinitis
378 1801 458 1841 illis
490 1800 692 1853 peccatis,
742 1814 839 1853 quae
878 1800 1073 1841 oriuntur
1111 1799 1331 1841 translatis
1371 1799 1427 1840 ad
1459 1812 1678 1851 gramma-

88 1873 216 1913 ticam
264 1872 487 1924 categoriis
536 1871 601 1924 (ut
647 1872 805 1912 usitato
852 1871 976 1912 nobis
1016 1871 1227 1912 vocabulo
1271 1883 1364 1911 rem
1412 1868 1677 1921 significem).

87 1956 183 1995 quae
217 1943 272 1983 ad
304 1944 632 1995 grammaticam
672 1942 777 1982 nihil
815 1942 1045 1994 pertinent.
1107 1942 1218 1982 Nam
1259 1943 1422 1981 certum
1463 1943 1505 1980 et
1541 1940 1679 1980 incer-

86 2016 179 2054 tum
211 2013 351 2055 modis
383 2026 470 2054 non
505 2012 770 2065 exprimitur.
835 2012 920 2052 Sed
959 2012 1011 2052 de
1050 2013 1131 2053 hoc
1163 2014 1253 2053 toto
1286 2024 1442 2064 genere
1474 2011 1583 2051 alius
1617 2013 1681 2051 est

87 2084 331 2136 propositus
364 2084 533 2125 dicendi
564 2084 696 2124 locus.
760 2083 853 2124 Hoc
886 2083 978 2123 loco
1011 2082 1054 2122 id
1087 2082 1193 2126 dico.
1234 2081 1351 2134 quod
1395 2081 1476 2122 dici
1509 2093 1680 2133 semper

87 2157 231 2207 potest
263 2155 307 2195 in
338 2154 586 2195 huiusmodi
619 2153 886 2202 commentis7
921 2153 1089 2194 etiamsi
1122 2166 1273 2193 verum
1305 2152 1409 2192 illud
1433 2152 1498 2201 sit,
1532 2154 1680 2192 tamen

88 2226 144 2266 ad
190 2226 331 2267 locum
378 2226 647 2278 propositum
694 2238 781 2265 non
829 2223 1070 2265 convenire.
1134 2223 1246 2273 Quid
1294 2222 1436 2263 enim?
1488 2222 1681 2274 Magisne

89 2298 253 2337 certum
304 2296 452 2337 Cicero
498 2296 685 2348 putabat
731 2295 919 2336 Viderive
977 2294 1151 2336 volebat
1205 2308 1287 2334 esse
1341 2293 1387 2333 id
1443 2292 1680 2333 inauditum

89 2379 217 2419 quam
251 2380 333 2407 non
366 2380 448 2407 esse
478 2367 667 2419 factum?
722 2366 902 2414 Scilicet,
936 2367 984 2406 ut
1014 2366 1062 2406 fit
1093 2365 1137 2405 in
1168 2364 1251 2405 ista
1283 2365 1462 2412 ratione,
1496 2364 1560 2403 vir
1593 2363 1678 2403 cla-

88 2436 283 2478 rissimus
318 2437 511 2478 confudit
544 2437 732 2477 auditum
769 2450 850 2476 esse
883 2438 925 2476 et
957 2449 1042 2475 rem
1077 2435 1281 2484 auditam,
1330 2435 1373 2474 in
1413 2447 1498 2486 qua
1530 2434 1679 2474 incerti

89 2507 252 2559 aliquid
284 2508 393 2549 solet
425 2520 531 2548 esse.
595 2507 741 2549 Codex
772 2506 1023 2547 Parisiensis
1056 2505 1210 2546 habet:
1258 2518 1338 2545 mm
1369 2505 1489 2545 modo
1518 2505 1677 2557 factum

91 2582 184 2618 ante
226 2591 441 2632 nimquam
484 2583 552 2631 est,
593 2579 639 2618 in
680 2578 792 2618 cinni
823 2578 1025 2617 memoria
1055 2577 1109 2617 sit
1141 2578 1234 2625 cet„
1277 2589 1328 2616 ex
1361 2589 1444 2628 quo
1479 2575 1678 2616 efficitur:

89 2661 171 2688 non
203 2648 321 2688 modo
351 2649 512 2701 faetmn
551 2662 778 2703 nunquam,
826 2652 897 2687 set
938 2648 983 2687 in
1025 2648 1137 2687 omni
1179 2647 1381 2687 memoria
1421 2647 1475 2687 sit
1516 2646 1680 2686 omnino

92 2718 342 2759 inauditmn.
428 2718 509 2772 [De
556 2718 788 2760 Parisiensi
834 2717 963 2770 paulo
1012 2717 1135 2759 aliter
1181 2717 1381 2758 Halmius
1430 2715 1680 2757 correctioni

91 2789 365 2842 assentiens]

208 2859 255 2900 In
288 2860 439 2901 eodem
473 2860 612 2913 capite
645 2859 668 2911 ἓ
701 2860 757 2900 34
790 2847 923 2900 codex
955 2859 1201 2909 Vaticanus,
1240 2860 1532 2911 praeterquam
1565 2857 1680 2909 quod
1699 2872 1751 2897 523

91 2941 168 2980 pro
202 2929 465 2972 adscenderit
495 2931 629 2972 habet
662 2930 872 2979 exciderit,
907 2943 959 2970 ex
991 2943 1075 2983 quo
1099 2932 1214 2971 recte
1246 2929 1384 2970 Maius
1417 2928 1518 2969 fecit
1550 2941 1679 2968 escen-
