1915 3235
134 1180 183 1203 131·

962 107 1044 147 112

205 242 291 281 koee
321 241 454 281 omnis
486 240 632 291 oratio,
656 243 716 287 ‚ut
750 238 836 277 iam
869 241 963 277 ante
1002 235 1107 287 dixi,
1147 249 1240 275 mea
1279 240 1348 288 est,
1391 249 1474 290 qua
1513 249 1576 276 me
1614 236 1676 276 uti
1716 244 1799 276 res-

201 311 369 365 publica
409 315 444 351 et
483 310 602 350 dolor
639 322 753 348 meus
792 312 827 347 et
865 308 1040 348 istorum
1079 307 1244 346 iniuria
1283 307 1422 360 coeyit.
1500 306 1581 347 Sed
1624 306 1801 348 Roscius

204 382 352 422 lterum
390 381 497 421 nihil
535 379 756 433 iudiynum
779 383 932 432 putat:
972 378 1175 418 neminem
1208 381 1375 417 accusat
1413 379 1510 426 cet.,
1551 390 1629 430 ego
1663 377 1799 418 edidi:

204 454 358 507 (toeqit;
391 452 484 493 Sex.
511 451 684 492 Roscius
716 449 920 490 facillima
953 447 1269 497 emendatione,
1303 449 1551 489 necessaria
1576 448 1630 489 de
1655 461 1799 497 causa,

205 525 283 565 etsi
331 524 472 564 minus
521 522 705 562 fortasse
745 522 910 573 aperta.
974 518 1124 571 Neque
1171 518 1284 559 enim
1332 519 1414 561 hoc
1462 519 1555 561 1000
1602 519 1803 560 obiicitur

205 594 367 647 aliquid
413 593 709 646 superioribus
757 590 1032 632 adversativo
1079 589 1222 639 modO,
1272 590 1645 642 quemadmodum
1693 590 1802 632 obii·

205 668 385 714 ceretur,
420 665 455 705 si
479 663 684 716 scriptum
711 664 844 703 esset:
878 661 965 702 hoee
989 660 1126 701 dicere
1151 661 1274 713 volui,
1307 660 1379 701 sed
1395 660 1589 715 prohibet
1614 661 1801 711 Roscius,

204 734 280 775 sed
314 734 601 787 distinguitur,
636 734 739 787 quid
764 733 980 775 Ciceronis
1006 733 1072 782 sit,
1107 732 1210 784 quid
1240 732 1386 773 Roscii
1419 731 1542 773 aliter
1565 731 1801 781 sentientis,

205 807 246 846 in
279 819 364 857 qua
397 805 602 846 orationis
635 805 776 846 forma
808 817 895 845 non
938 803 1075 856 magis
1118 796 1190 843 sed
1234 804 1408 856 ponitur
1451 816 1582 855 quam
1624 802 1668 843 in
1710 802 1802 843 illa:

203 876 277 917 hoe
319 876 529 917 Ciceronis
568 881 637 929 est,
685 890 766 916 uou
807 875 961 916 Roscii.
1025 874 1111 915 Sed
1148 875 1183 915 si
1225 874 1291 915 cui
1329 874 1410 915 hoc
1451 873 1594 914 minus
1635 873 1803 926 perspi-

204 961 328 988 cuum
366 948 547 998 videtur,
588 947 755 989 accedit
788 960 839 988 ea
872 959 1017 996 causa,
1058 945 1173 998 quod
1207 944 1355 987 Cicero
1388 940 1612 997 nunquam
1645 944 1687 984 in
1723 944 1805 985 hac

204 1019 411 1069 oratione,
454 1019 526 1060 ubi
559 1019 616 1060 ad
649 1032 761 1068 eum,
802 1031 931 1070 quem
965 1017 1172 1066 defendit,
1211 1016 1323 1057 redit
1355 1017 1506 1066 oratio,
1555 1015 1806 1068 simpliciter

204 1089 409 1131 Roscium
464 1090 676 1143 appellat,
732 1089 808 1130 sed
862 1089 959 1130 Sex.
1007 1088 1215 1129 Roscium
1271 1086 1459 1128 vitandae
1509 1086 1804 1139 ambiguitatis

204 1158 396 1213 causa.¹)
458 1161 631 1214 Reliqui
672 1160 753 1202 loci
793 1159 1093 1201 additamenta
1125 1158 1362 1207 habebant,
1414 1158 1467 1198 de
1515 1171 1600 1210 quo
1648 1169 1804 1210 genere

206 1233 459 1285 corruptelae
508 1245 585 1286 per
631 1232 745 1273 hanc
792 1231 1030 1272 orationem
1079 1233 1315 1283 pervagato
1363 1228 1449 1269 dixi
1489 1229 1575 1269 iam
1615 1228 1659 1268 in
1690 1241 1805 1280 prae-

206 1303 379 1344 fatione.
436 1303 541 1356 Cap.
567 1304 636 1353 28,
673 1303 726 1343 7ss
760 1302 992 1344 edebatur:
1027 1301 1255 1341 Arcessivit
1287 1300 1481 1355 aliquem.
1530 1299 1588 1339 At
1612 1297 1808 1354 quaudo?

209 1374 413 1415 Nuntium
445 1376 571 1415 misit.
623 1375 751 1426 Quem
784 1378 856 1414 aut
890 1372 947 1413 ad
979 1372 1128 1427 quem?
1172 1372 1267 1413 Non
1301 1372 1512 1413 fefellerat
1544 1369 1805 1411 Lambinum

205 1448 247 1486 et
287 1446 584 1494 Garatonium,
633 1445 892 1498 particulam
942 1449 985 1484 at
1032 1457 1164 1496 quum
1204 1456 1282 1496 per
1314 1456 1360 1484 se
1400 1442 1588 1484 alienam
1622 1453 1716 1482 esse
1750 1440 1805 1480 ab

205 1517 287 1557 hac
319 1517 579 1558 refutatione
618 1529 695 1569 per
733 1516 972 1557 subiectam
1008 1516 1403 1567 interrogationem,
1454 1518 1546 1554 tum
1587 1512 1699 1566 quod
1741 1525 1806 1552 50-

206 1591 411 1640 queretur
443 1602 574 1643 quem,
614 1601 702 1629 non
735 1592 779 1628 at
810 1601 942 1642 quem.
1007 1586 1266 1627 Garatonius
1299 1587 1381 1627 hoc
1413 1586 1626 1638 praeterea
1659 1582 1804 1632 sensit,

206 1672 339 1712 quum
373 1659 416 1700 id
449 1659 762 1708 ostenderetur,
811 1658 909 1700 SeX.
942 1658 1148 1699 Roscium
1188 1657 1354 1697 nullum
1387 1655 1559 1697 sceleris
1593 1653 1807 1696 efficiendi

206 1731 450 1771 ministrum
483 1730 646 1771 habere
678 1730 883 1783 potuisse,
918 1742 1004 1770 non
1036 1730 1152 1769 recte
1185 1728 1238 1768 de
1263 1730 1459 1780 tempore
1485 1727 1622 1768 solum
1650 1726 1805 1778 quaeri;

206 1800 259 1841 de
291 1801 466 1842 homine
498 1802 716 1854 praecipue
751 1801 882 1841 fuisse
906 1799 1211 1853 quaerendum
1245 1799 1392 1851 itaque
1424 1798 1655 1851 probabat,
1691 1796 1807 1849 quod

206 1872 323 1924 apud
365 1872 634 1913 Priscianum
690 1874 901 1924 tanquam
949 1884 1001 1911 ex
1048 1870 1130 1911 hoc
1184 1870 1277 1911 1000
1333 1870 1512 1910 citatum
1566 1867 1804 1920 legebatur,

207 1956 325 1996 quem
359 1948 431 1984 aut
463 1943 644 1998 quaudo,
708 1943 794 1984 Sed
842 1955 915 1984 eas
964 1955 1091 1983 voces
1140 1941 1256 1994 apud
1293 1941 1564 1982 priscianum
1605 1938 1804 1980 Krehlius

207 2014 382 2054 omnino
416 2014 586 2065 delevit,
637 2014 805 2056 codices
844 2016 1031 2055 secutus.
1095 2012 1306 2065 Equidem
1338 2013 1386 2052 ut
1418 2012 1460 2052 in
1493 2011 1575 2052 hoc
1606 2010 1806 2050 membro

208 2086 416 2137 temporis
440 2087 718 2135 mentionem,
752 2086 813 2126 ita
831 2085 873 2126 in
890 2085 1087 2137 proximo
1105 2084 1233 2137 plane
1250 2095 1622 2135 supervacaneum
1641 2083 1746 2134 puto
1763 2081 1807 2121 in

210 2156 382 2208 vulgata
430 2157 644 2210 scriptura
680 2156 786 2198 illud
824 2169 962 2211 quem3
1010 2167 1152 2207 neque
1200 2155 1313 2195 enim
1362 2153 1419 2194 ad
1466 2165 1557 2193 rem
1606 2152 1805 2204 pertinet,

248 2353 277 2398 ¹)
303 2357 449 2396 Eadem,
476 2360 516 2391 ut
542 2357 679 2401 opinor,
714 2357 888 2391 correctio
915 2355 1122 2390 adhibenda
1148 2357 1201 2388 est
1227 2354 1327 2388 Brut.
1354 2352 1410 2394 25,
1444 2352 1499 2393 97,
1533 2352 1595 2386 ubi
1621 2351 1807 2386 scribitur:

308 2417 376 2450 Sed
403 2418 564 2460 Pompeii
588 2421 672 2449 sunt
698 2417 835 2459 scripta
861 2427 922 2449 nee
956 2416 1064 2448 nimis
1095 2419 1286 2448 extenuata
1318 2412 1541 2457 (quanquam
1573 2417 1728 2445 veterum
1759 2415 1809 2444 est

305 2474 448 2517 similis)
482 2480 512 2508 et
538 2477 649 2519 plena
674 2477 891 2519 prudentiae.
942 2474 1095 2508 Reditus
1128 2473 1187 2507 ille
1219 2471 1392 2506 orationis
1430 2471 1475 2505 ad
1507 2470 1548 2514 Q.
1581 2469 1808 2514 Pompeium,

306 2546 416 2578 quem
442 2534 593 2578 fingunt,
621 2535 760 2568 nullam
786 2534 897 2568 habet
922 2533 1103 2567 rationem
1128 2532 1165 2565 in
1191 2531 1311 2565 media
1337 2530 1628 2567 enumeratione;
1656 2540 1723 2563 nec
1748 2528 1810 2562 illa

312 2594 397 2628 Tum
438 2595 479 2627 L.
519 2595 668 2628 Cassius
700 2597 765 2627 cet.
805 2593 855 2627 sic
894 2592 1016 2626 Cicero
1054 2590 1286 2635 interposuit,
1333 2593 1508 2632 tanquam
1547 2588 1667 2622 minus
1705 2587 1810 2621 claris

308 2653 602 2687 commemoratis
637 2653 682 2686 ad
715 2653 818 2686 illum
850 2652 1033 2685 rediturus
1066 2653 1171 2684 esset.
1221 2649 1387 2683 Aliorum
1426 2651 1550 2681 autem
1588 2646 1809 2681 mutationes

308 2713 475 2747 violentae
501 2716 596 2751 sunt,
631 2722 697 2745 nec
723 2712 810 2745 satis
837 2714 921 2755 apta
946 2710 1134 2755 particula,
1168 2720 1278 2753 quam
1305 2708 1526 2751 relinquunt.
1577 2707 1668 2740 Tota
1693 2706 1810 2740 forma

308 2772 415 2806 huius
441 2771 682 2815 percursionis
715 2774 900 2804 oratorum
928 2781 1057 2815 parum
1096 2768 1272 2803 nobilium
1311 2767 1482 2811 postulat,
1521 2769 1561 2800 ut
1599 2765 1657 2799 hic
1694 2775 1810 2798 novus

307 2834 428 2865 orator
460 2830 684 2866 nominetur:
724 2830 917 2873 legendum
953 2832 1007 2863 est
1040 2829 1179 2872 itaque:
1221 2828 1300 2861 Sex.
1329 2827 1500 2869 Pompeii.
1551 2823 1810 2867 Intelligendus

310 2890 452 2923 videtur
483 2889 545 2923 Cn.
579 2888 769 2922 Strabonis
807 2892 840 2922 et
875 2887 955 2922 Sex.
989 2887 1162 2931 Pompeii,
1201 2884 1445 2920 iurisconsulti
1481 2887 1516 2917 et
1550 2883 1669 2924 Stoici,
1708 2885 1811 2926 pater

310 2948 395 2989 (vid.
422 2948 522 2982 Brut.
549 2947 604 2982 47.
634 2946 725 2990 175).
