1915 3235
868 88 953 129 363

118 219 344 260 strativum
375 218 558 271 Philipp.
589 218 684 259 XIII
716 216 738 269 ἓ
767 217 836 258 44.
899 217 1099 259 Relativo
1131 232 1288 260 nomen
1321 222 1543 273 proprium
1578 223 1704 264 simili

117 289 246 331 modo
278 288 581 341 superadditur
613 288 666 328 de
698 288 790 329 Div.
815 288 850 328 II
882 286 904 339 ἓ
932 288 1035 329 135:
1069 290 1152 342 qui,
1187 303 1308 343 quum
1339 323 1528 332 ......
1533 325 1543 343 ,
1578 293 1703 333 Alex-

117 360 250 400 ander
282 358 382 412 cet.]
396 356 429 411 ¹)
491 358 646 399 Statim
688 361 786 411 post
826 358 978 399 melius
1021 359 1118 399 Par.
1163 362 1205 400 et
1245 360 1395 412 reliqui
1440 362 1562 403 codd.
1603 363 1701 412 lure,

114 430 189 471 ubi
221 430 403 471 Orellius
437 442 489 470 ex
521 429 676 470 Bernn.
712 429 844 470 edidit
875 429 968 478 Ιῑοος
1015 442 1102 470 non
1135 430 1188 470 de
1219 443 1307 471 una
1339 444 1385 472 re
1418 432 1578 479 Cicero,
1628 434 1704 475 sed

115 501 168 542 de
199 501 399 541 universo
430 512 572 540 rerum
607 501 722 540 statu
754 500 954 552 loquitur.
1018 498 1100 551 [De
1142 500 1359 542 codicibus
1398 502 1533 543 falsus
1571 503 1702 556 sum]

232 571 277 613 C.
311 571 379 620 33,
404 562 465 610 ‘71
502 582 625 622 paene
657 570 814 610 invitus
854 570 972 623 (nam
1012 583 1184 611 omnem
1224 572 1512 614 temeritatem
1548 576 1590 614 et
1622 574 1702 615 fin-

113 641 252 694 gendi,
287 654 382 693 quae
415 641 598 682 fortasse
629 640 721 681 fieri
753 641 982 693 potuerint,
1017 640 1230 681 licentiam
1265 641 1411 695 fugio),
1445 644 1522 684 sed
1554 647 1702 685 tamen

112 724 198 752 non
236 724 431 764 possum,
481 711 582 762 quin
620 713 735 751 recte
774 711 1043 752 Schuetzium
1092 712 1275 752 sensisse
1323 716 1492 765 putem,
1542 716 1613 767 qui
1660 716 1702 756 in

112 781 275 823 verbis:
325 781 550 836 Inyredior
596 782 683 821 iam
720 782 766 822 in
805 781 927 822 Sesti&
965 781 1224 822 trihumztzmc
1263 783 1449 834 haeserit,
1499 786 1617 837 quod
1664 786 1702 826 ei

113 852 268 893 accidit
300 852 537 904 aliquoties,
571 854 618 892 ut
650 852 705 892 ad
731 852 1028 893 difficultatem
1052 855 1168 893 recto
1194 854 1382 905 quodam
1407 867 1536 896 sensu
1561 856 1697 896 offen·

113 923 245 972 deret,
285 924 326 963 in
366 923 540 975 reliquis
578 923 707 964 rebus
754 923 1008 964 temerarius
1057 926 1099 964 et
1145 924 1291 964 infelix
1339 925 1522 966 criticus.
1586 927 1698 968 Nam

111 993 295 1046 primum
331 993 486 1034 falsam
518 994 681 1035 habent
715 993 993 1041 sententiam;
1041 993 1158 1034 aliud
1191 998 1255 1035 est
1288 996 1414 1045 enim,
1455 997 1489 1037 si
1523 997 1579 1037 ad
1610 997 1699 1038 Ro-

112 1077 339 1105 manorum
372 1077 548 1105 sensum
581 1077 671 1105 rem
707 1064 986 1111 aestimamus,
1020 1064 1279 1114 tribunatus,
1314 1066 1429 1106 aliud
1463 1067 1701 1120 designatio

111 1134 292 1183 tribuni3
333 1135 487 1175 deinde
520 1136 793 1176 incommodo
826 1135 918 1176 loco
950 1135 1090 1187 posita
1123 1138 1243 1183 sunt;
1291 1149 1392 1177 nam
1428 1138 1482 1178 ad
1514 1139 1699 1190 primam

111 1207 256 1246 statim
290 1206 596 1259 designationis
629 1206 893 1247 mentionem
925 1205 1124 1258 ponenda
1152 1208 1293 1254 erant;
1327 1209 1432 1257 tum,
1468 1222 1551 1260 quo
1578 1223 1700 1249 max-

109 1276 194 1315 ime
226 1289 413 1325 moveor‚
454 1277 657 1318 orationis
690 1276 994 1318 cohaerentiam
1028 1276 1359 1329 interrumpunt.
1423 1279 1531 1319 Nam
1567 1293 1700 1332 quum

110 1345 306 1387 dixisset:
354 1347 614 1388 sedulitatem.
648 1352 767 1401 sitque
798 1348 1077 1400 inteqritatem
1109 1347 1288 1388 hominis
1321 1349 1480 1398 videtis,
1530 1351 1700 1392 subiicit

111 1416 166 1457 ad
198 1417 241 1457 id
274 1418 639 1460 confirmandum:
688 1432 784 1459 vnam
826 1417 898 1458 hoc
924 1418 1113 1471 primum
1144 1419 1224 1458 iter
1257 1418 1499 1472 desifflectz‘us
1532 1422 1594 1461 ree?
1619 1435 1699 1474 pu-

110 1486 224 1528 blicoe
266 1502 395 1529 causa
439 1491 615 1543 suscepit
653 1488 713 1541 (id
753 1491 836 1530 est:
885 1501 986 1529 nam
1034 1489 1114 1529 hoc
1162 1490 1350 1541 primum
1399 1492 1573 1532 omnino
1620 1492 1701 1533 iter

109 1560 317 1611 suscepit,
366 1560 494 1612 idque
532 1560 593 1601 rei
633 1574 674 1613 p.
717 1573 845 1600 causa
894 1558 1119 1611 suscepit);
1168 1559 1323 1600 deinde
1366 1574 1496 1601 causa
1538 1562 1700 1603 itineris

108 1629 383 1682 significatur.
431 1632 580 1683 Itaque
614 1630 817 1678 adducor,
852 1632 896 1670 ut
931 1630 1118 1678 credam,
1152 1631 1488 1672 vetustissimam
1516 1635 1699 1674 annota-

107 1700 267 1741 tionem
308 1702 611 1754 marginalem:
660 1701 907 1755 Iam-editur
956 1701 1041 1740 iam
1088 1701 1129 1740 in
1180 1700 1304 1742 Sestii
1350 1702 1608 1743 tribu-natum
1657 1705 1699 1744 in

107 1773 345 1813 orationem
389 1775 608 1825 receptam
648 1767 762 1821 esse,
811 1773 978 1811 mutata
1020 1771 1141 1812 verbi
1185 1785 1383 1824 persona.
1458 1773 1509 1814 Et
1551 1777 1698 1815 tamen

106 1842 244 1891 video,
279 1843 488 1884 audacem
521 1844 633 1883 hanc
666 1855 758 1883 esse
791 1841 1091 1893 suspicionem,
1127 1843 1241 1894 quod
1273 1856 1359 1884 non
1391 1844 1529 1884 solum
1563 1858 1698 1886 anno-

106 1914 314 1954 tationem
347 1914 390 1954 in
423 1916 671 1955 contextum
704 1915 924 1965 receptam
968 1912 1075 1961 dico,
1125 1914 1244 1954 cuius
1287 1914 1347 1954 rei
1391 1917 1433 1954 et
1477 1914 1561 1955 alia
1600 1918 1698 1956 sunt

107 1980 353 2036 exempla²)
387 1987 429 2025 et
460 1986 503 2025 in
545 1985 627 2025 hac
666 1985 759 2036 ipsa
799 1983 991 2024 oratione
1031 1995 1166 2023 unum
1206 1983 1317 2024 infra
1358 1987 1572 2037 arguetur.
1622 1986 1698 2027 sed

106 2055 233 2095 simul
265 2056 549 2096 mutationem
584 2054 742 2095 factam
777 2066 885 2094 esse.

223 2125 358 2167 Paulo
390 2128 489 2178 post
521 2125 674 2166 iterum
709 2125 894 2177 probare
928 2136 1054 2176 cogor
1086 2126 1276 2165 veterem
1319 2125 1606 2177 suspicionem
1641 2128 1696 2167 ab

106 2195 263 2237 Orellio
295 2196 600 2248 improbatam,
636 2209 661 2236 a
692 2195 866 2248 reliquis
898 2195 1152 2247 neglectam,
1187 2194 1398 2245 Lambini,
1439 2196 1511 2248 qui
1544 2197 1696 2238 edidit:

106 2267 336 2319 respirasse
367 2267 552 2307 homines
592 2266 853 2318 mssdebcmtur,
902 2264 1083 2305 ¹nondum
1128 2279 1185 2317 re,
1234 2265 1306 2305 sed
1347 2279 1417 2319 spe
1455 2281 1500 2308 re
1525 2267 1695 2321 publica

108 2341 368 2390 recuperata,
402 2351 480 2390 pro
514 2351 576 2387 eo,
622 2338 735 2390 quod
770 2339 834 2377 est
866 2337 909 2376 in
941 2335 1082 2376 libris:
1127 2335 1200 2376 sed
1231 2350 1300 2389 spe
1332 2337 1395 2377 rei
1419 2337 1602 2391 publicae
1634 2352 1697 2378 re-

105 2406 369 2459 cupercmdse.
433 2408 563 2449 Cuius
596 2408 846 2449 mutationis
887 2419 1063 2447 causam
1095 2405 1278 2447 Orellius
1320 2420 1406 2448 non
1449 2409 1553 2449 satis
1599 2421 1697 2461 per-

104 2477 257 2528 spexit,
299 2478 383 2530 qui,
425 2492 558 2531 quum
592 2479 850 2520 Lambinum
883 2479 927 2519 in
959 2491 1009 2518 eo
1041 2479 1211 2517 tanturn
1245 2478 1475 2519 offendisse
1509 2482 1695 2532 putaret,

106 2548 221 2599 quod
253 2562 298 2588 re
331 2562 427 2590 cum
461 2550 524 2590 rei
548 2549 729 2603 melicce¹
761 2547 1059 2602 recuperande&
1093 2547 1292 2600 coniungi
1324 2561 1411 2590 non
1435 2552 1595 2602 posset,
1629 2564 1697 2604 spe

141 2732 170 2775 ¹)
195 2735 329 2768 Similis
361 2736 584 2779 pronominis
617 2735 891 2770 demonstrativi
929 2738 1010 2779 post
1048 2735 1317 2769 substantivum
1356 2736 1607 2769 redundantiae
1639 2747 1696 2769 ex-

198 2794 329 2837 empla,
356 2795 531 2829 nonnulla
557 2799 679 2829 tamen
707 2796 820 2839 magis
847 2795 892 2829 ad
919 2794 1127 2829 anacoluthi
1145 2798 1315 2828 naturam
1335 2794 1553 2834 accedentia,
1581 2805 1696 2828 unum

197 2855 233 2885 et
258 2853 415 2886 alterum
441 2854 604 2895 dubium,
632 2854 854 2897 collegerunt
880 2853 1094 2898 interpretes
1121 2854 1165 2887 ad
1193 2853 1268 2887 Liv.
1295 2853 1400 2893 XXV,
1428 2852 1483 2893 27,
1512 2853 1542 2885 1.

141 2908 168 2949 ²)
195 2911 273 2945 Vid.
299 2923 409 2956 supra
435 2924 468 2956 p.
497 2912 564 2945 148
590 2916 624 2946 et
650 2912 729 2946 341.

1720 1221 1771 1245 462)
