<?xml version="1.0" encoding="UTF-8"?>
<!DOCTYPE html PUBLIC "-//W3C//DTD XHTML 1.0 Transitional//EN"
    "http://www.w3.org/TR/xhtml1/DTD/xhtml1-transitional.dtd">
<html xmlns="http://www.w3.org/1999/xhtml" xml:lang="en" lang="en">
 <head>
  <title>
</title>
<meta http-equiv="Content-Type" content="text/html;charset=utf-8" />
  <meta name='ocr-system' content='tesseract 3.04.00' />
  <meta name='ocr-capabilities' content='ocr_page ocr_carea ocr_par ocr_line ocrx_word'/>
</head>
<body>
  <div class='ocr_page' id='page_1' title='image "./ionicolaimadvigi00madvuoft_0742.png"; bbox 0 0 1915 3235; ppageno 0'>
   <div class='ocr_carea' id='block_1_1' title="bbox 940 131 1023 172">
    <p class='ocr_par' dir='ltr' id='par_1_1' title="bbox 940 131 1023 172">
     <span class='ocr_line' id='line_1_1' title="bbox 940 131 1023 172; baseline 0 0"><span class='ocrx_word' id='word_1_1' title='bbox 940 131 1023 172; x_wconf 79' lang='lat'>716</span> 
     </span>
    </p>
   </div>
   <div class='ocr_carea' id='block_1_2' title="bbox 182 258 1798 3007">
    <p class='ocr_par' dir='ltr' id='par_1_2' title="bbox 182 258 1794 2158">
     <span class='ocr_line' id='line_1_2' title="bbox 182 258 1785 316; baseline 0 -17"><span class='ocrx_word' id='word_1_2' title='bbox 182 259 263 299; x_wconf 85' lang='lat' dir='ltr'>bus</span> <span class='ocrx_word' id='word_1_3' title='bbox 297 258 474 300; x_wconf 83' lang='lat' dir='ltr'>vidisset</span> <span class='ocrx_word' id='word_1_4' title='bbox 506 259 550 300; x_wconf 90' lang='lat' dir='ltr'>in</span> <span class='ocrx_word' id='word_1_5' title='bbox 582 259 665 301; x_wconf 89' lang='lat' dir='ltr'>hac</span> <span class='ocrx_word' id='word_1_6' title='bbox 697 261 932 313; x_wconf 86' lang='lat' dir='ltr'>scriptura:</span> <span class='ocrx_word' id='word_1_7' title='bbox 974 261 1271 316; x_wconf 68' lang='lat' dir='ltr'>mayistratitm</span> <span class='ocrx_word' id='word_1_8' title='bbox 1307 259 1464 314; x_wconf 74' lang='lat' dir='ltr'>Capuce</span> <span class='ocrx_word' id='word_1_9' title='bbox 1496 264 1531 300; x_wconf 87' lang='lat' dir='ltr'>et</span> <span class='ocrx_word' id='word_1_10' title='bbox 1564 259 1785 300; x_wconf 79' lang='lat' dir='ltr'>leocrecmti</span> 
     </span>
     <span class='ocr_line' id='line_1_3' title="bbox 182 330 1786 385; baseline 0.001 -15"><span class='ocrx_word' id='word_1_11' title='bbox 182 335 377 383; x_wconf 71' lang='lat' dir='ltr'>ceperunt</span> <span class='ocrx_word' id='word_1_12' title='bbox 408 330 513 371; x_wconf 88' lang='lat' dir='ltr'>nihil</span> <span class='ocrx_word' id='word_1_13' title='bbox 547 330 664 371; x_wconf 90' lang='lat' dir='ltr'>aliud</span> <span class='ocrx_word' id='word_1_14' title='bbox 697 332 876 373; x_wconf 76' lang='lat' dir='ltr'>subesse</span> <span class='ocrx_word' id='word_1_15' title='bbox 909 331 1004 382; x_wconf 89' lang='lat' dir='ltr'>nisi,</span> <span class='ocrx_word' id='word_1_16' title='bbox 1055 332 1168 384; x_wconf 85' lang='lat' dir='ltr'>quod</span> <span class='ocrx_word' id='word_1_17' title='bbox 1213 330 1428 372; x_wconf 86' lang='lat' dir='ltr'>sententia</span> <span class='ocrx_word' id='word_1_18' title='bbox 1461 330 1665 383; x_wconf 79' lang='lat' dir='ltr'>postulat,</span> <span class='ocrx_word' id='word_1_19' title='bbox 1714 330 1786 385; x_wconf 72' lang='lat' dir='ltr'>ilio</span> 
     </span>
     <span class='ocr_line' id='line_1_4' title="bbox 182 398 1787 455; baseline 0.001 -16"><span class='ocrx_word' id='word_1_20' title='bbox 182 405 347 441; x_wconf 75' lang='lat' dir='ltr'>erecmte</span> <span class='ocrx_word' id='word_1_21' title='bbox 387 398 507 453; x_wconf 90' lang='lat' dir='ltr'>(nam</span> <span class='ocrx_word' id='word_1_22' title='bbox 542 414 687 442; x_wconf 86' lang='lat' dir='ltr'>creare</span> <span class='ocrx_word' id='word_1_23' title='bbox 720 402 999 455; x_wconf 75' lang='lat' dir='ltr'>magistratus</span> <span class='ocrx_word' id='word_1_24' title='bbox 1033 402 1150 455; x_wconf 87' lang='lat' dir='ltr'>apud</span> <span class='ocrx_word' id='word_1_25' title='bbox 1182 401 1405 442; x_wconf 88' lang='lat' dir='ltr'>Romanos</span> <span class='ocrx_word' id='word_1_26' title='bbox 1437 400 1472 441; x_wconf 90' lang='lat' dir='ltr'>is</span> <span class='ocrx_word' id='word_1_27' title='bbox 1505 401 1672 451; x_wconf 85' lang='lat' dir='ltr'>dicitur,</span> <span class='ocrx_word' id='word_1_28' title='bbox 1714 400 1787 453; x_wconf 87' lang='lat' dir='ltr'>qui</span> 
     </span>
     <span class='ocr_line' id='line_1_5' title="bbox 182 470 1786 524; baseline 0.001 -13"><span class='ocrx_word' id='word_1_29' title='bbox 182 471 380 512; x_wconf 78' lang='lat' dir='ltr'>creandis</span> <span class='ocrx_word' id='word_1_30' title='bbox 412 470 602 524; x_wconf 82' lang='lat' dir='ltr'>praeest),</span> <span class='ocrx_word' id='word_1_31' title='bbox 651 475 799 513; x_wconf 87' lang='lat' dir='ltr'>tamen</span> <span class='ocrx_word' id='word_1_32' title='bbox 839 473 924 514; x_wconf 91' lang='lat' dir='ltr'>alia</span> <span class='ocrx_word' id='word_1_33' title='bbox 955 475 1125 514; x_wconf 90' lang='lat' dir='ltr'>tentata</span> <span class='ocrx_word' id='word_1_34' title='bbox 1157 475 1270 514; x_wconf 89' lang='lat' dir='ltr'>sunt.</span> <span class='ocrx_word' id='word_1_35' title='bbox 1335 471 1420 513; x_wconf 86' lang='lat' dir='ltr'>Sed</span> <span class='ocrx_word' id='word_1_36' title='bbox 1453 472 1656 513; x_wconf 69' lang='lat' dir='ltr'>secundae</span> <span class='ocrx_word' id='word_1_37' title='bbox 1688 485 1786 513; x_wconf 91' lang='lat' dir='ltr'>ora-</span> 
     </span>
     <span class='ocr_line' id='line_1_6' title="bbox 182 541 1787 596; baseline 0.001 -14"><span class='ocrx_word' id='word_1_38' title='bbox 182 541 308 582; x_wconf 86' lang='lat' dir='ltr'>tionis</span> <span class='ocrx_word' id='word_1_39' title='bbox 355 544 515 594; x_wconf 83' lang='lat' dir='ltr'>praeter</span> <span class='ocrx_word' id='word_1_40' title='bbox 563 546 706 584; x_wconf 85' lang='lat' dir='ltr'>cetera</span> <span class='ocrx_word' id='word_1_41' title='bbox 755 545 936 585; x_wconf 75' lang='lat' dir='ltr'>extremi</span> <span class='ocrx_word' id='word_1_42' title='bbox 985 544 1136 596; x_wconf 89' lang='lat' dir='ltr'>capitis</span> <span class='ocrx_word' id='word_1_43' title='bbox 1186 542 1278 596; x_wconf 80' lang='lat'>(37)</span> <span class='ocrx_word' id='word_1_44' title='bbox 1326 543 1537 596; x_wconf 84' lang='lat' dir='ltr'>posterior</span> <span class='ocrx_word' id='word_1_45' title='bbox 1579 556 1680 595; x_wconf 86' lang='lat' dir='ltr'>pars</span> <span class='ocrx_word' id='word_1_46' title='bbox 1727 542 1787 584; x_wconf 89' lang='lat' dir='ltr'>ita</span> 
     </span>
     <span class='ocr_line' id='line_1_7' title="bbox 182 612 1785 667; baseline 0.001 -14"><span class='ocrx_word' id='word_1_47' title='bbox 182 612 370 665; x_wconf 83' lang='lat' dir='ltr'>graviter</span> <span class='ocrx_word' id='word_1_48' title='bbox 402 612 445 653; x_wconf 91' lang='lat' dir='ltr'>in</span> <span class='ocrx_word' id='word_1_49' title='bbox 477 613 548 654; x_wconf 94' lang='grc'>1110</span> <span class='ocrx_word' id='word_1_50' title='bbox 582 614 728 655; x_wconf 84' lang='lat' dir='ltr'>codice</span> <span class='ocrx_word' id='word_1_51' title='bbox 761 615 1001 667; x_wconf 82' lang='lat' dir='ltr'>depravata.</span> <span class='ocrx_word' id='word_1_52' title='bbox 1034 617 1140 665; x_wconf 87' lang='lat' dir='ltr'>erat,</span> <span class='ocrx_word' id='word_1_53' title='bbox 1174 618 1223 656; x_wconf 89' lang='lat' dir='ltr'>ut</span> <span class='ocrx_word' id='word_1_54' title='bbox 1255 615 1419 667; x_wconf 79' lang='lat' dir='ltr'>aliquot</span> <span class='ocrx_word' id='word_1_55' title='bbox 1451 613 1554 655; x_wconf 91' lang='lat' dir='ltr'>locis</span> <span class='ocrx_word' id='word_1_56' title='bbox 1587 613 1658 654; x_wconf 81' lang='lat' dir='ltr'>Vix</span> <span class='ocrx_word' id='word_1_57' title='bbox 1688 627 1785 654; x_wconf 89' lang='lat' dir='ltr'>um-</span> 
     </span>
     <span class='ocr_line' id='line_1_8' title="bbox 183 684 1788 739; baseline 0.001 -16"><span class='ocrx_word' id='word_1_58' title='bbox 183 684 262 724; x_wconf 88' lang='lat' dir='ltr'>bra</span> <span class='ocrx_word' id='word_1_59' title='bbox 294 696 408 724; x_wconf 70' lang='lat' dir='ltr'>verae</span> <span class='ocrx_word' id='word_1_60' title='bbox 449 685 653 725; x_wconf 88' lang='lat' dir='ltr'>orationis</span> <span class='ocrx_word' id='word_1_61' title='bbox 688 687 730 726; x_wconf 94' lang='lat' dir='ltr'>et</span> <span class='ocrx_word' id='word_1_62' title='bbox 762 687 988 727; x_wconf 67' lang='lat' dir='ltr'>sententiae</span> <span class='ocrx_word' id='word_1_63' title='bbox 1021 699 1248 739; x_wconf 84' lang='lat' dir='ltr'>superesse</span> <span class='ocrx_word' id='word_1_64' title='bbox 1280 685 1493 726; x_wconf 84' lang='lat' dir='ltr'>videatur.</span> <span class='ocrx_word' id='word_1_65' title='bbox 1557 685 1706 737; x_wconf 83' lang='lat' dir='ltr'>ltaque</span> <span class='ocrx_word' id='word_1_66' title='bbox 1739 686 1788 725; x_wconf 89' lang='lat' dir='ltr'>ut</span> 
     </span>
     <span class='ocr_line' id='line_1_9' title="bbox 183 755 1786 809; baseline 0.001 -14"><span class='ocrx_word' id='word_1_67' title='bbox 183 757 309 805; x_wconf 63' lang='lat' dir='ltr'>esset,</span> <span class='ocrx_word' id='word_1_68' title='bbox 352 755 468 807; x_wconf 84' lang='lat' dir='ltr'>quod</span> <span class='ocrx_word' id='word_1_69' title='bbox 511 755 593 807; x_wconf 85' lang='lat' dir='ltr'>legi</span> <span class='ocrx_word' id='word_1_70' title='bbox 626 757 669 796; x_wconf 87' lang='lat' dir='ltr'>et</span> <span class='ocrx_word' id='word_1_71' title='bbox 700 755 877 809; x_wconf 80' lang='lat' dir='ltr'>intelligi</span> <span class='ocrx_word' id='word_1_72' title='bbox 910 757 1098 809; x_wconf 84' lang='lat' dir='ltr'>quodam</span> <span class='ocrx_word' id='word_1_73' title='bbox 1132 757 1262 798; x_wconf 78' lang='lat' dir='ltr'>niodo</span> <span class='ocrx_word' id='word_1_74' title='bbox 1295 758 1454 809; x_wconf 87' lang='lat' dir='ltr'>posset,</span> <span class='ocrx_word' id='word_1_75' title='bbox 1496 758 1663 797; x_wconf 81' lang='lat' dir='ltr'>veteres</span> <span class='ocrx_word' id='word_1_76' title='bbox 1696 755 1786 796; x_wconf 90' lang='lat' dir='ltr'>edi-</span> 
     </span>
     <span class='ocr_line' id='line_1_10' title="bbox 182 825 1784 879; baseline 0.001 -13"><span class='ocrx_word' id='word_1_77' title='bbox 182 828 297 866; x_wconf 85' lang='lat' dir='ltr'>tores</span> <span class='ocrx_word' id='word_1_78' title='bbox 330 825 662 879; x_wconf 82' lang='lat' dir='ltr'>interpolatione</span> <span class='ocrx_word' id='word_1_79' title='bbox 695 827 800 867; x_wconf 88' lang='lat' dir='ltr'>satis</span> <span class='ocrx_word' id='word_1_80' title='bbox 839 827 1018 868; x_wconf 86' lang='lat' dir='ltr'>licenter</span> <span class='ocrx_word' id='word_1_81' title='bbox 1057 828 1123 869; x_wconf 91' lang='lat' dir='ltr'>usi</span> <span class='ocrx_word' id='word_1_82' title='bbox 1163 830 1276 877; x_wconf 87' lang='lat' dir='ltr'>sunt,</span> <span class='ocrx_word' id='word_1_83' title='bbox 1327 827 1446 868; x_wconf 86' lang='lat' dir='ltr'>cuius</span> <span class='ocrx_word' id='word_1_84' title='bbox 1490 827 1600 868; x_wconf 88' lang='lat' dir='ltr'>falsa</span> <span class='ocrx_word' id='word_1_85' title='bbox 1642 826 1784 879; x_wconf 87' lang='lat' dir='ltr'>specie</span> 
     </span>
     <span class='ocr_line' id='line_1_11' title="bbox 183 896 1786 951; baseline 0.001 -15"><span class='ocrx_word' id='word_1_86' title='bbox 183 896 359 937; x_wconf 86' lang='lat' dir='ltr'>omnino</span> <span class='ocrx_word' id='word_1_87' title='bbox 394 896 576 949; x_wconf 90' lang='lat' dir='ltr'>depulsa</span> <span class='ocrx_word' id='word_1_88' title='bbox 608 897 643 938; x_wconf 91' lang='lat' dir='ltr'>si</span> <span class='ocrx_word' id='word_1_89' title='bbox 677 897 732 938; x_wconf 92' lang='lat' dir='ltr'>ad</span> <span class='ocrx_word' id='word_1_90' title='bbox 764 897 859 951; x_wconf 89' lang='lat' dir='ltr'>ipsa</span> <span class='ocrx_word' id='word_1_91' title='bbox 893 898 1089 940; x_wconf 89' lang='lat' dir='ltr'>codicum</span> <span class='ocrx_word' id='word_1_92' title='bbox 1121 899 1280 940; x_wconf 88' lang='lat' dir='ltr'>indicia</span> <span class='ocrx_word' id='word_1_93' title='bbox 1314 898 1579 951; x_wconf 78' lang='lat' dir='ltr'>exquirenda</span> <span class='ocrx_word' id='word_1_94' title='bbox 1611 897 1786 939; x_wconf 90' lang='lat' dir='ltr'>redieri-</span> 
     </span>
     <span class='ocr_line' id='line_1_12' title="bbox 183 967 1789 1021; baseline 0.001 -14"><span class='ocrx_word' id='word_1_95' title='bbox 183 980 293 1017; x_wconf 82' lang='lat' dir='ltr'>mus,</span> <span class='ocrx_word' id='word_1_96' title='bbox 341 967 500 1020; x_wconf 87' lang='lat' dir='ltr'>partim</span> <span class='ocrx_word' id='word_1_97' title='bbox 541 980 690 1008; x_wconf 84' lang='lat' dir='ltr'>Veram</span> <span class='ocrx_word' id='word_1_98' title='bbox 730 970 1043 1011; x_wconf 90' lang='lat' dir='ltr'>sententiarum</span> <span class='ocrx_word' id='word_1_99' title='bbox 1086 970 1272 1012; x_wconf 86' lang='lat' dir='ltr'>formam</span> <span class='ocrx_word' id='word_1_100' title='bbox 1306 969 1580 1019; x_wconf 77' lang='lat' dir='ltr'>constituere,</span> <span class='ocrx_word' id='word_1_101' title='bbox 1630 968 1789 1021; x_wconf 88' lang='lat' dir='ltr'>partim</span> 
     </span>
     <span class='ocr_line' id='line_1_13' title="bbox 185 1038 1789 1094; baseline 0.001 -15"><span class='ocrx_word' id='word_1_102' title='bbox 185 1039 316 1079; x_wconf 83' lang='lat' dir='ltr'>etiam</span> <span class='ocrx_word' id='word_1_103' title='bbox 349 1039 445 1091; x_wconf 89' lang='lat' dir='ltr'>ipsa</span> <span class='ocrx_word' id='word_1_104' title='bbox 478 1039 613 1080; x_wconf 81' lang='lat' dir='ltr'>verba</span> <span class='ocrx_word' id='word_1_105' title='bbox 645 1041 849 1092; x_wconf 85' lang='lat' dir='ltr'>reperire,</span> <span class='ocrx_word' id='word_1_106' title='bbox 883 1043 929 1081; x_wconf 90' lang='lat' dir='ltr'>ut</span> <span class='ocrx_word' id='word_1_107' title='bbox 963 1041 1006 1081; x_wconf 90' lang='lat' dir='ltr'>in</span> <span class='ocrx_word' id='word_1_108' title='bbox 1040 1054 1089 1082; x_wconf 91' lang='lat' dir='ltr'>eo</span> <span class='ocrx_word' id='word_1_109' title='bbox 1122 1041 1229 1092; x_wconf 87' lang='lat' dir='ltr'>loco,</span> <span class='ocrx_word' id='word_1_110' title='bbox 1267 1054 1397 1094; x_wconf 84' lang='lat' dir='ltr'>quem</span> <span class='ocrx_word' id='word_1_111' title='bbox 1429 1052 1544 1081; x_wconf 92' lang='lat' dir='ltr'>nunc</span> <span class='ocrx_word' id='word_1_112' title='bbox 1575 1038 1789 1089; x_wconf 81' lang='lat' dir='ltr'>tractabo,</span> 
     </span>
     <span class='ocr_line' id='line_1_14' title="bbox 185 1108 1791 1164; baseline 0 -15"><span class='ocrx_word' id='word_1_113' title='bbox 185 1110 342 1150; x_wconf 56' lang='lat' dir='ltr'>licebit,</span> <span class='ocrx_word' id='word_1_114' title='bbox 413 1109 526 1150; x_wconf 90' lang='lat' dir='ltr'>Nam</span> <span class='ocrx_word' id='word_1_115' title='bbox 566 1110 710 1151; x_wconf 89' lang='lat' dir='ltr'>medio</span> <span class='ocrx_word' id='word_1_116' title='bbox 752 1111 891 1163; x_wconf 79' lang='lat' dir='ltr'>capite</span> <span class='ocrx_word' id='word_1_117' title='bbox 933 1110 973 1164; x_wconf 68' lang='grc' dir='ltr'>(ξ</span> <span class='ocrx_word' id='word_1_118' title='bbox 1010 1111 1110 1164; x_wconf 75' lang='grc'>102)</span> <span class='ocrx_word' id='word_1_119' title='bbox 1150 1113 1245 1154; x_wconf 83' lang='lat' dir='ltr'>haec</span> <span class='ocrx_word' id='word_1_120' title='bbox 1283 1124 1398 1153; x_wconf 86' lang='lat' dir='ltr'>nunc</span> <span class='ocrx_word' id='word_1_121' title='bbox 1439 1111 1644 1152; x_wconf 87' lang='lat' dir='ltr'>eduntur:</span> <span class='ocrx_word' id='word_1_122' title='bbox 1695 1108 1791 1150; x_wconf 78' lang='lat' dir='ltr'>Non</span> 
     </span>
     <span class='ocr_line' id='line_1_15' title="bbox 187 1180 1792 1236; baseline 0 -16"><span class='ocrx_word' id='word_1_123' title='bbox 187 1180 304 1221; x_wconf 82' lang='lat' dir='ltr'>modo</span> <span class='ocrx_word' id='word_1_124' title='bbox 336 1194 405 1221; x_wconf 70' lang='lat' dir='ltr'>vos</span> <span class='ocrx_word' id='word_1_125' title='bbox 438 1181 555 1221; x_wconf 83' lang='lat' dir='ltr'>eritis</span> <span class='ocrx_word' id='word_1_126' title='bbox 589 1182 632 1221; x_wconf 76' lang='lat' dir='ltr'>in</span> <span class='ocrx_word' id='word_1_127' title='bbox 664 1182 758 1232; x_wconf 85' lang='lat' dir='ltr'>otio,</span> <span class='ocrx_word' id='word_1_128' title='bbox 800 1183 871 1236; x_wconf 63' lang='lat' dir='ltr'>(siti</span> <span class='ocrx_word' id='word_1_129' title='bbox 909 1196 1069 1236; x_wconf 70' lang='lat' dir='ltr'>semper</span> <span class='ocrx_word' id='word_1_130' title='bbox 1102 1197 1184 1224; x_wconf 88' lang='lat' dir='ltr'>esse</span> <span class='ocrx_word' id='word_1_131' title='bbox 1216 1183 1442 1235; x_wconf 64' lang='lat' dir='ltr'>volueritis,</span> <span class='ocrx_word' id='word_1_132' title='bbox 1490 1194 1633 1222; x_wconf 73' lang='lat' dir='ltr'>veru-m</span> <span class='ocrx_word' id='word_1_133' title='bbox 1665 1181 1792 1221; x_wconf 87' lang='lat' dir='ltr'>etiam</span> 
     </span>
     <span class='ocr_line' id='line_1_16' title="bbox 186 1251 1789 1307; baseline 0 -16"><span class='ocrx_word' id='word_1_134' title='bbox 186 1254 303 1304; x_wconf 75' lang='lat' dir='ltr'>istos,</span> <span class='ocrx_word' id='word_1_135' title='bbox 353 1251 499 1306; x_wconf 66' lang='lat' dir='ltr'>quibus</span> <span class='ocrx_word' id='word_1_136' title='bbox 546 1252 666 1292; x_wconf 87' lang='lat' dir='ltr'>otiosi</span> <span class='ocrx_word' id='word_1_137' title='bbox 712 1254 921 1307; x_wconf 69' lang='lat' dir='ltr'>izeyotiiim</span> <span class='ocrx_word' id='word_1_138' title='bbox 966 1254 1236 1306; x_wconf 68' lang='lat' dir='ltr'>sucessimus,</span> <span class='ocrx_word' id='word_1_139' title='bbox 1285 1254 1550 1294; x_wconf 71' lang='lat' dir='ltr'>otiosissimos</span> <span class='ocrx_word' id='word_1_140' title='bbox 1596 1251 1789 1292; x_wconf 73' lang='lat' dir='ltr'>reddam.</span> 
     </span>
     <span class='ocr_line' id='line_1_17' title="bbox 186 1322 1790 1377; baseline 0.001 -14"><span class='ocrx_word' id='word_1_141' title='bbox 186 1324 280 1364; x_wconf 78' lang='lat' dir='ltr'>Non</span> <span class='ocrx_word' id='word_1_142' title='bbox 315 1336 549 1375; x_wconf 79' lang='lat' dir='ltr'>coarguam</span> <span class='ocrx_word' id='word_1_143' title='bbox 574 1323 656 1364; x_wconf 91' lang='lat' dir='ltr'>hoc</span> <span class='ocrx_word' id='word_1_144' title='bbox 682 1323 959 1376; x_wconf 86' lang='lat' dir='ltr'>disputando,</span> <span class='ocrx_word' id='word_1_145' title='bbox 995 1325 1087 1374; x_wconf 87' lang='lat' dir='ltr'>etsi,</span> <span class='ocrx_word' id='word_1_146' title='bbox 1122 1339 1253 1377; x_wconf 83' lang='lat' dir='ltr'>quam</span> <span class='ocrx_word' id='word_1_147' title='bbox 1287 1325 1476 1366; x_wconf 91' lang='lat' dir='ltr'>alienum</span> <span class='ocrx_word' id='word_1_148' title='bbox 1511 1323 1566 1364; x_wconf 88' lang='lat' dir='ltr'>ab</span> <span class='ocrx_word' id='word_1_149' title='bbox 1590 1324 1672 1364; x_wconf 87' lang='lat' dir='ltr'>hoc</span> <span class='ocrx_word' id='word_1_150' title='bbox 1696 1322 1790 1364; x_wconf 87' lang='grc'>1000</span> 
     </span>
     <span class='ocr_line' id='line_1_18' title="bbox 186 1393 1792 1448; baseline -0.001 -13"><span class='ocrx_word' id='word_1_151' title='bbox 186 1396 300 1435; x_wconf 82' lang='grc' dir='ltr'>055οῒ</span> <span class='ocrx_word' id='word_1_152' title='bbox 332 1394 539 1448; x_wconf 65' lang='lat' dir='ltr'>nessotium</span> <span class='ocrx_word' id='word_1_153' title='bbox 578 1393 800 1446; x_wconf 73' lang='lat' dir='ltr'>facessere,</span> <span class='ocrx_word' id='word_1_154' title='bbox 849 1395 934 1436; x_wconf 88' lang='lat' dir='ltr'>iam</span> <span class='ocrx_word' id='word_1_155' title='bbox 980 1395 1148 1448; x_wconf 80' lang='lat' dir='ltr'>pridem</span> <span class='ocrx_word' id='word_1_156' title='bbox 1192 1396 1457 1437; x_wconf 87' lang='lat' dir='ltr'>intellectum</span> <span class='ocrx_word' id='word_1_157' title='bbox 1497 1396 1581 1444; x_wconf 85' lang='lat' dir='ltr'>est;</span> <span class='ocrx_word' id='word_1_158' title='bbox 1629 1406 1792 1447; x_wconf 89' lang='lat' dir='ltr'>ponam</span> 
     </span>
     <span class='ocr_line' id='line_1_19' title="bbox 188 1463 1791 1519; baseline -0.001 -14"><span class='ocrx_word' id='word_1_159' title='bbox 188 1465 383 1507; x_wconf 80' lang='lat' dir='ltr'>codicum</span> <span class='ocrx_word' id='word_1_160' title='bbox 417 1465 676 1518; x_wconf 85' lang='lat' dir='ltr'>scripturam</span> <span class='ocrx_word' id='word_1_161' title='bbox 709 1467 903 1507; x_wconf 87' lang='lat' dir='ltr'>omnium</span> <span class='ocrx_word' id='word_1_162' title='bbox 944 1465 1123 1519; x_wconf 85' lang='lat' dir='ltr'>(utimur</span> <span class='ocrx_word' id='word_1_163' title='bbox 1163 1469 1310 1508; x_wconf 86' lang='lat' dir='ltr'>autem</span> <span class='ocrx_word' id='word_1_164' title='bbox 1342 1464 1599 1508; x_wconf 83' lang='lat' dir='ltr'>testimoniis</span> <span class='ocrx_word' id='word_1_165' title='bbox 1631 1463 1791 1505; x_wconf 88' lang='lat' dir='ltr'>Palati-</span> 
     </span>
     <span class='ocr_line' id='line_1_20' title="bbox 187 1535 1792 1590; baseline -0.002 -12"><span class='ocrx_word' id='word_1_166' title='bbox 187 1550 341 1578; x_wconf 86' lang='lat' dir='ltr'>norum</span> <span class='ocrx_word' id='word_1_167' title='bbox 368 1536 551 1585; x_wconf 86' lang='lat' dir='ltr'>Gruteri,</span> <span class='ocrx_word' id='word_1_168' title='bbox 586 1535 911 1587; x_wconf 82' lang='lat' dir='ltr'>Oxoniensium,</span> <span class='ocrx_word' id='word_1_169' title='bbox 946 1536 1240 1590; x_wconf 86' lang='lat' dir='ltr'>Erfurtensis),</span> <span class='ocrx_word' id='word_1_170' title='bbox 1275 1550 1372 1590; x_wconf 79' lang='lat' dir='ltr'>quae</span> <span class='ocrx_word' id='word_1_171' title='bbox 1404 1537 1498 1577; x_wconf 84' lang='lat' dir='ltr'>haec</span> <span class='ocrx_word' id='word_1_172' title='bbox 1532 1538 1615 1576; x_wconf 87' lang='lat' dir='ltr'>est:</span> <span class='ocrx_word' id='word_1_173' title='bbox 1648 1548 1792 1575; x_wconf 78' lang='lat' dir='ltr'>verum</span> 
     </span>
     <span class='ocr_line' id='line_1_21' title="bbox 188 1604 1790 1662; baseline -0.001 -15"><span class='ocrx_word' id='word_1_174' title='bbox 188 1609 312 1648; x_wconf 76' lang='lat' dir='ltr'>etiam</span> <span class='ocrx_word' id='word_1_175' title='bbox 344 1608 456 1659; x_wconf 80' lang='lat' dir='ltr'>istos,</span> <span class='ocrx_word' id='word_1_176' title='bbox 490 1606 637 1661; x_wconf 69' lang='lat' dir='ltr'>quibus</span> <span class='ocrx_word' id='word_1_177' title='bbox 669 1608 787 1648; x_wconf 84' lang='lat' dir='ltr'>otiosi</span> <span class='ocrx_word' id='word_1_178' title='bbox 819 1609 946 1649; x_wconf 67' lang='lat' dir='ltr'>otium</span> <span class='ocrx_word' id='word_1_179' title='bbox 977 1607 1219 1661; x_wconf 73' lang='lat' dir='ltr'>fecissemus</span> <span class='ocrx_word' id='word_1_180' title='bbox 1252 1612 1372 1662; x_wconf 70' lang='lat' dir='ltr'>atque</span> <span class='ocrx_word' id='word_1_181' title='bbox 1396 1606 1662 1647; x_wconf 71' lang='lat' dir='ltr'>otiosissimos</span> <span class='ocrx_word' id='word_1_182' title='bbox 1685 1604 1790 1657; x_wconf 84' lang='lat' dir='ltr'>(Erf.</span> 
     </span>
     <span class='ocr_line' id='line_1_22' title="bbox 188 1675 1793 1731; baseline -0.001 -13"><span class='ocrx_word' id='word_1_183' title='bbox 188 1677 350 1730; x_wconf 81' lang='lat' dir='ltr'>otiosos)</span> <span class='ocrx_word' id='word_1_184' title='bbox 385 1678 575 1718; x_wconf 79' lang='lat' dir='ltr'>reddam.</span> <span class='ocrx_word' id='word_1_185' title='bbox 638 1678 745 1719; x_wconf 82' lang='lat' dir='ltr'>Haec</span> <span class='ocrx_word' id='word_1_186' title='bbox 786 1679 858 1731; x_wconf 86' lang='lat' dir='ltr'>qui</span> <span class='ocrx_word' id='word_1_187' title='bbox 892 1681 1056 1720; x_wconf 84' lang='lat' dir='ltr'>attente</span> <span class='ocrx_word' id='word_1_188' title='bbox 1091 1678 1440 1727; x_wconf 81' lang='lat' dir='ltr'>consideraverit,</span> <span class='ocrx_word' id='word_1_189' title='bbox 1480 1676 1700 1729; x_wconf 83' lang='lat' dir='ltr'>intelliget,</span> <span class='ocrx_word' id='word_1_190' title='bbox 1748 1675 1793 1716; x_wconf 93' lang='lat' dir='ltr'>in</span> 
     </span>
     <span class='ocr_line' id='line_1_23' title="bbox 185 1748 1792 1803; baseline -0.002 -13"><span class='ocrx_word' id='word_1_191' title='bbox 185 1750 427 1803; x_wconf 77' lang='lat' dir='ltr'>feeissemus</span> <span class='ocrx_word' id='word_1_192' title='bbox 459 1749 593 1790; x_wconf 84' lang='lat' dir='ltr'>latere</span> <span class='ocrx_word' id='word_1_193' title='bbox 626 1750 954 1802; x_wconf 85' lang='lat' dir='ltr'>superlativum,</span> <span class='ocrx_word' id='word_1_194' title='bbox 989 1752 1037 1790; x_wconf 92' lang='lat' dir='ltr'>ut</span> <span class='ocrx_word' id='word_1_195' title='bbox 1067 1749 1160 1790; x_wconf 76' lang='lat' dir='ltr'>haec</span> <span class='ocrx_word' id='word_1_196' title='bbox 1195 1749 1533 1802; x_wconf 81' lang='lat' dir='ltr'>coniungantur:</span> <span class='ocrx_word' id='word_1_197' title='bbox 1574 1748 1699 1789; x_wconf 87' lang='lat' dir='ltr'>simos</span> <span class='ocrx_word' id='word_1_198' title='bbox 1731 1751 1792 1788; x_wconf 83' lang='lat' dir='ltr'>at-</span> 
     </span>
     <span class='ocr_line' id='line_1_24' title="bbox 188 1818 1791 1876; baseline -0.002 -15"><span class='ocrx_word' id='word_1_199' title='bbox 188 1835 264 1876; x_wconf 56' lang='lat' dir='ltr'>oue</span> <span class='ocrx_word' id='word_1_200' title='bbox 296 1821 562 1861; x_wconf 68' lang='lat' dir='ltr'>otiosissimos</span> <span class='ocrx_word' id='word_1_201' title='bbox 596 1820 785 1862; x_wconf 76' lang='lat' dir='ltr'>reddam.</span> <span class='ocrx_word' id='word_1_202' title='bbox 851 1820 929 1873; x_wconf 92' lang='lat' dir='ltr'>(De</span> <span class='ocrx_word' id='word_1_203' title='bbox 971 1821 1114 1874; x_wconf 89' lang='lat' dir='ltr'>priore</span> <span class='ocrx_word' id='word_1_204' title='bbox 1154 1820 1418 1873; x_wconf 84' lang='lat' dir='ltr'>superlativo</span> <span class='ocrx_word' id='word_1_205' title='bbox 1461 1819 1566 1860; x_wconf 90' lang='lat' dir='ltr'>nihil</span> <span class='ocrx_word' id='word_1_206' title='bbox 1599 1818 1791 1867; x_wconf 79' lang='lat' dir='ltr'>affirn103</span> 
     </span>
     <span class='ocr_line' id='line_1_25' title="bbox 189 1888 1793 1947; baseline -0.002 -14"><span class='ocrx_word' id='word_1_207' title='bbox 189 1891 329 1945; x_wconf 89' lang='lat' dir='ltr'>potuit</span> <span class='ocrx_word' id='word_1_208' title='bbox 369 1904 482 1932; x_wconf 88' lang='lat' dir='ltr'>esse:</span> <span class='ocrx_word' id='word_1_209' title='bbox 532 1892 807 1946; x_wconf 72' lang='lat' dir='ltr'>quietissimos</span> <span class='ocrx_word' id='word_1_210' title='bbox 847 1897 968 1947; x_wconf 71' lang='lat' dir='ltr'>atque</span> <span class='ocrx_word' id='word_1_211' title='bbox 1007 1889 1305 1943; x_wconf 87' lang='lat' dir='ltr'>otiosissimos.)</span> <span class='ocrx_word' id='word_1_212' title='bbox 1367 1890 1643 1942; x_wconf 86' lang='lat' dir='ltr'>Relinquitur</span> <span class='ocrx_word' id='word_1_213' title='bbox 1680 1888 1793 1930; x_wconf 83' lang='lat' dir='ltr'>rela-</span> 
     </span>
     <span class='ocr_line' id='line_1_26' title="bbox 188 1960 1794 2016; baseline -0.003 -12"><span class='ocrx_word' id='word_1_214' title='bbox 188 1964 277 2004; x_wconf 77' lang='lat' dir='ltr'>tiva</span> <span class='ocrx_word' id='word_1_215' title='bbox 325 1961 553 2012; x_wconf 87' lang='lat' dir='ltr'>sententia,</span> <span class='ocrx_word' id='word_1_216' title='bbox 603 1975 701 2015; x_wconf 80' lang='lat' dir='ltr'>quae</span> <span class='ocrx_word' id='word_1_217' title='bbox 749 1963 809 2004; x_wconf 91' lang='lat' dir='ltr'>sic</span> <span class='ocrx_word' id='word_1_218' title='bbox 851 1976 904 2004; x_wconf 84' lang='lat' dir='ltr'>ex</span> <span class='ocrx_word' id='word_1_219' title='bbox 946 1963 1012 2004; x_wconf 89' lang='lat' dir='ltr'>his</span> <span class='ocrx_word' id='word_1_220' title='bbox 1057 1961 1267 2015; x_wconf 82' lang='lat' dir='ltr'>vestigiis:</span> <span class='ocrx_word' id='word_1_221' title='bbox 1315 1960 1463 2016; x_wconf 73' lang='lat' dir='ltr'>quibus</span> <span class='ocrx_word' id='word_1_222' title='bbox 1504 1961 1623 2001; x_wconf 87' lang='lat' dir='ltr'>otiosi</span> <span class='ocrx_word' id='word_1_223' title='bbox 1665 1960 1794 2000; x_wconf 75' lang='lat' dir='ltr'>otium</span> 
     </span>
     <span class='ocr_line' id='line_1_27' title="bbox 191 2030 1793 2086; baseline -0.002 -12"><span class='ocrx_word' id='word_1_224' title='bbox 191 2033 417 2074; x_wconf 86' lang='lat' dir='ltr'>efficienda</span> <span class='ocrx_word' id='word_1_225' title='bbox 459 2037 536 2082; x_wconf 75' lang='lat' dir='ltr'>est,</span> <span class='ocrx_word' id='word_1_226' title='bbox 585 2035 633 2073; x_wconf 91' lang='lat' dir='ltr'>ut</span> <span class='ocrx_word' id='word_1_227' title='bbox 677 2034 941 2075; x_wconf 86' lang='lat' dir='ltr'>contrarium</span> <span class='ocrx_word' id='word_1_228' title='bbox 984 2046 1119 2086; x_wconf 87' lang='lat' dir='ltr'>genus</span> <span class='ocrx_word' id='word_1_229' title='bbox 1161 2032 1387 2074; x_wconf 87' lang='lat' dir='ltr'>hominum</span> <span class='ocrx_word' id='word_1_230' title='bbox 1429 2031 1691 2084; x_wconf 84' lang='lat' dir='ltr'>significetur</span> <span class='ocrx_word' id='word_1_231' title='bbox 1729 2030 1793 2081; x_wconf 91' lang='lat' dir='ltr'>iis,</span> 
     </span>
     <span class='ocr_line' id='line_1_28' title="bbox 191 2103 783 2158; baseline -0.002 -13"><span class='ocrx_word' id='word_1_232' title='bbox 191 2106 260 2158; x_wconf 83' lang='lat' dir='ltr'>qui</span> <span class='ocrx_word' id='word_1_233' title='bbox 295 2104 429 2146; x_wconf 88' lang='lat' dir='ltr'>otium</span> <span class='ocrx_word' id='word_1_234' title='bbox 464 2103 783 2156; x_wconf 81' lang='lat' dir='ltr'>amplexantur.</span> 
     </span>
    </p>

    <p class='ocr_par' dir='ltr' id='par_1_3' title="bbox 185 2172 1798 3007">
     <span class='ocr_line' id='line_1_29' title="bbox 309 2172 1795 2228; baseline -0.003 -12"><span class='ocrx_word' id='word_1_235' title='bbox 309 2174 346 2227; x_wconf 86' lang='lat' dir='ltr'>c)</span> <span class='ocrx_word' id='word_1_236' title='bbox 379 2175 441 2216; x_wconf 90' lang='lat' dir='ltr'>De</span> <span class='ocrx_word' id='word_1_237' title='bbox 462 2175 543 2227; x_wconf 87' lang='lat' dir='ltr'>leg.</span> <span class='ocrx_word' id='word_1_238' title='bbox 562 2187 651 2227; x_wconf 88' lang='lat' dir='ltr'>agr.</span> <span class='ocrx_word' id='word_1_239' title='bbox 670 2174 718 2224; x_wconf 90' lang='lat' dir='ltr'>Il,</span> <span class='ocrx_word' id='word_1_240' title='bbox 754 2175 823 2225; x_wconf 79' lang='lat'>37,</span> <span class='ocrx_word' id='word_1_241' title='bbox 861 2175 963 2216; x_wconf 86' lang='lat'>103:</span> <span class='ocrx_word' id='word_1_242' title='bbox 999 2173 1113 2214; x_wconf 73' lang='lat' dir='ltr'>Nam</span> <span class='ocrx_word' id='word_1_243' title='bbox 1137 2175 1174 2214; x_wconf 90' lang='lat' dir='ltr'>si</span> <span class='ocrx_word' id='word_1_244' title='bbox 1198 2175 1265 2227; x_wconf 75' lang='lat' dir='ltr'>iis,</span> <span class='ocrx_word' id='word_1_245' title='bbox 1299 2174 1371 2228; x_wconf 74' lang='lat' dir='ltr'>qui</span> <span class='ocrx_word' id='word_1_246' title='bbox 1386 2178 1563 2227; x_wconf 74' lang='lat' dir='ltr'>propter</span> <span class='ocrx_word' id='word_1_247' title='bbox 1587 2172 1795 2213; x_wconf 78' lang='lat' dir='ltr'>desidiam</span> 
     </span>
     <span class='ocr_line' id='line_1_30' title="bbox 193 2244 1794 2298; baseline -0.002 -12"><span class='ocrx_word' id='word_1_248' title='bbox 193 2247 234 2286; x_wconf 70' lang='grc' dir='ltr'>ἱη</span> <span class='ocrx_word' id='word_1_249' title='bbox 268 2247 347 2286; x_wconf 83' lang='lat' dir='ltr'>otio</span> <span class='ocrx_word' id='word_1_250' title='bbox 383 2247 535 2298; x_wconf 68' lang='lat' dir='ltr'>virzmt,</span> <span class='ocrx_word' id='word_1_251' title='bbox 584 2250 723 2285; x_wconf 70' lang='lat' dir='ltr'>tamen</span> <span class='ocrx_word' id='word_1_252' title='bbox 760 2247 806 2286; x_wconf 69' lang='lat' dir='ltr'>in</span> <span class='ocrx_word' id='word_1_253' title='bbox 846 2259 925 2286; x_wconf 74' lang='lat' dir='ltr'>suci</span> <span class='ocrx_word' id='word_1_254' title='bbox 963 2245 1079 2298; x_wconf 73' lang='lat' dir='ltr'>turpi</span> <span class='ocrx_word' id='word_1_255' title='bbox 1116 2245 1275 2285; x_wconf 73' lang='lat' dir='ltr'>inertia</span> <span class='ocrx_word' id='word_1_256' title='bbox 1313 2245 1484 2298; x_wconf 70' lang='lat' dir='ltr'>capiunt</span> <span class='ocrx_word' id='word_1_257' title='bbox 1523 2244 1794 2297; x_wconf 69' lang='lat' dir='ltr'>voluptatem:</span> 
     </span>
     <span class='ocr_line' id='line_1_31' title="bbox 191 2314 1797 2371; baseline -0.002 -14"><span class='ocrx_word' id='word_1_258' title='bbox 191 2316 265 2357; x_wconf 72' lang='lat' dir='ltr'>sid)</span> <span class='ocrx_word' id='word_1_259' title='bbox 297 2317 385 2369; x_wconf 73' lang='lat' dir='ltr'>ipso</span> <span class='ocrx_word' id='word_1_260' title='bbox 425 2317 517 2369; x_wconf 78' lang='lat' dir='ltr'>otio,</span> <span class='ocrx_word' id='word_1_261' title='bbox 567 2330 645 2371; x_wconf 70' lang='lat' dir='ltr'>quo</span> <span class='ocrx_word' id='word_1_262' title='bbox 686 2330 754 2357; x_wconf 73' lang='lat' dir='ltr'>vos</span> <span class='ocrx_word' id='word_1_263' title='bbox 789 2316 1011 2369; x_wconf 76' lang='lat' dir='ltr'>fortunam</span> <span class='ocrx_word' id='word_1_264' title='bbox 1048 2316 1207 2370; x_wconf 68' lang='lat' dir='ltr'>reyitis,</span> <span class='ocrx_word' id='word_1_265' title='bbox 1254 2316 1292 2356; x_wconf 86' lang='lat' dir='ltr'>si</span> <span class='ocrx_word' id='word_1_266' title='bbox 1322 2314 1431 2355; x_wconf 70' lang='lat' dir='ltr'>himo</span> <span class='ocrx_word' id='word_1_267' title='bbox 1462 2319 1629 2367; x_wconf 73' lang='lat' dir='ltr'>statum,</span> <span class='ocrx_word' id='word_1_268' title='bbox 1678 2327 1797 2368; x_wconf 75' lang='lat' dir='ltr'>quem</span> 
     </span>
     <span class='ocr_line' id='line_1_32' title="bbox 193 2384 1796 2442; baseline -0.002 -15"><span class='ocrx_word' id='word_1_269' title='bbox 193 2387 366 2439; x_wconf 64' lang='lat' dir='ltr'>habetis,</span> <span class='ocrx_word' id='word_1_270' title='bbox 409 2400 491 2427; x_wconf 86' lang='lat' dir='ltr'>esse</span> <span class='ocrx_word' id='word_1_271' title='bbox 522 2388 734 2428; x_wconf 78' lang='lat' dir='ltr'>meliorem</span> <span class='ocrx_word' id='word_1_272' title='bbox 768 2401 851 2428; x_wconf 72' lang='lat' dir='ltr'>non</span> <span class='ocrx_word' id='word_1_273' title='bbox 882 2387 1102 2442; x_wconf 66' lang='lat' dir='ltr'>iquoratis,</span> <span class='ocrx_word' id='word_1_274' title='bbox 1144 2399 1226 2427; x_wconf 70' lang='lat' dir='ltr'>nou</span> <span class='ocrx_word' id='word_1_275' title='bbox 1257 2390 1302 2427; x_wconf 79' lang='lat' dir='ltr'>ut</span> <span class='ocrx_word' id='word_1_276' title='bbox 1334 2387 1566 2441; x_wconf 73' lang='lat' dir='ltr'>quaesitum,</span> <span class='ocrx_word' id='word_1_277' title='bbox 1606 2384 1678 2426; x_wconf 87' lang='lat' dir='ltr'>sed</span> <span class='ocrx_word' id='word_1_278' title='bbox 1708 2385 1796 2425; x_wconf 70' lang='lat' dir='ltr'>vita</span> 
     </span>
     <span class='ocr_line' id='line_1_33' title="bbox 185 2456 1795 2512; baseline -0.001 -14"><span class='ocrx_word' id='word_1_279' title='bbox 185 2462 362 2512; x_wconf 68' lang='lat' dir='ltr'>partum</span> <span class='ocrx_word' id='word_1_280' title='bbox 395 2458 522 2498; x_wconf 75' lang='lat' dir='ltr'>otium</span> <span class='ocrx_word' id='word_1_281' title='bbox 557 2458 786 2498; x_wconf 68' lang='lat' dir='ltr'>tenueritis.</span> <span class='ocrx_word' id='word_1_282' title='bbox 851 2458 1009 2510; x_wconf 86' lang='lat' dir='ltr'>Magna</span> <span class='ocrx_word' id='word_1_283' title='bbox 1051 2456 1094 2497; x_wconf 91' lang='lat' dir='ltr'>in</span> <span class='ocrx_word' id='word_1_284' title='bbox 1132 2456 1198 2497; x_wconf 90' lang='lat' dir='ltr'>his</span> <span class='ocrx_word' id='word_1_285' title='bbox 1239 2469 1332 2497; x_wconf 89' lang='lat' dir='ltr'>esse</span> <span class='ocrx_word' id='word_1_286' title='bbox 1371 2456 1576 2498; x_wconf 87' lang='lat' dir='ltr'>orationis</span> <span class='ocrx_word' id='word_1_287' title='bbox 1616 2458 1658 2497; x_wconf 91' lang='lat' dir='ltr'>et</span> <span class='ocrx_word' id='word_1_288' title='bbox 1696 2468 1795 2496; x_wconf 88' lang='grc'>500-</span> 
     </span>
     <span class='ocr_line' id='line_1_34' title="bbox 192 2524 1796 2570; baseline -0.002 -1"><span class='ocrx_word' id='word_1_289' title='bbox 192 2528 339 2570; x_wconf 83' lang='lat' dir='ltr'>tentiae</span> <span class='ocrx_word' id='word_1_290' title='bbox 371 2528 475 2569; x_wconf 83' lang='lat' dir='ltr'>vitia</span> <span class='ocrx_word' id='word_1_291' title='bbox 516 2530 558 2569; x_wconf 93' lang='lat' dir='ltr'>et</span> <span class='ocrx_word' id='word_1_292' title='bbox 597 2529 744 2569; x_wconf 83' lang='lat' dir='ltr'>vident</span> <span class='ocrx_word' id='word_1_293' title='bbox 784 2541 934 2569; x_wconf 91' lang='lat' dir='ltr'>omnes</span> <span class='ocrx_word' id='word_1_294' title='bbox 978 2530 1021 2568; x_wconf 91' lang='lat' dir='ltr'>et</span> <span class='ocrx_word' id='word_1_295' title='bbox 1057 2528 1169 2568; x_wconf 86' lang='lat' dir='ltr'>inter</span> <span class='ocrx_word' id='word_1_296' title='bbox 1209 2528 1394 2569; x_wconf 88' lang='lat' dir='ltr'>editores</span> <span class='ocrx_word' id='word_1_297' title='bbox 1435 2525 1647 2568; x_wconf 82' lang='lat' dir='ltr'>convenit.</span> <span class='ocrx_word' id='word_1_298' title='bbox 1710 2524 1796 2566; x_wconf 88' lang='lat' dir='ltr'>Sed</span> 
     </span>
     <span class='ocr_line' id='line_1_35' title="bbox 193 2596 1796 2652; baseline -0.002 -12"><span class='ocrx_word' id='word_1_299' title='bbox 193 2599 458 2641; x_wconf 85' lang='lat' dir='ltr'>removenda</span> <span class='ocrx_word' id='word_1_300' title='bbox 490 2599 679 2651; x_wconf 87' lang='lat' dir='ltr'>primum</span> <span class='ocrx_word' id='word_1_301' title='bbox 722 2599 1011 2652; x_wconf 82' lang='lat' dir='ltr'>interpolatio,</span> <span class='ocrx_word' id='word_1_302' title='bbox 1060 2598 1202 2651; x_wconf 84' lang='lat' dir='ltr'>posita</span> <span class='ocrx_word' id='word_1_303' title='bbox 1242 2598 1437 2639; x_wconf 89' lang='lat' dir='ltr'>codicum</span> <span class='ocrx_word' id='word_1_304' title='bbox 1478 2597 1704 2649; x_wconf 87' lang='lat' dir='ltr'>scriptura,</span> <span class='ocrx_word' id='word_1_305' title='bbox 1752 2596 1796 2637; x_wconf 93' lang='lat' dir='ltr'>in</span> 
     </span>
     <span class='ocr_line' id='line_1_36' title="bbox 195 2667 1794 2722; baseline -0.003 -11"><span class='ocrx_word' id='word_1_306' title='bbox 195 2683 280 2722; x_wconf 79' lang='lat' dir='ltr'>qua</span> <span class='ocrx_word' id='word_1_307' title='bbox 311 2672 460 2710; x_wconf 90' lang='lat' dir='ltr'>tamen</span> <span class='ocrx_word' id='word_1_308' title='bbox 498 2669 687 2710; x_wconf 91' lang='lat' dir='ltr'>minores</span> <span class='ocrx_word' id='word_1_309' title='bbox 727 2669 1039 2722; x_wconf 87' lang='lat' dir='ltr'>discrepantias</span> <span class='ocrx_word' id='word_1_310' title='bbox 1081 2668 1346 2721; x_wconf 89' lang='lat' dir='ltr'>singulorum</span> <span class='ocrx_word' id='word_1_311' title='bbox 1387 2667 1583 2709; x_wconf 88' lang='lat' dir='ltr'>codicum</span> <span class='ocrx_word' id='word_1_312' title='bbox 1622 2667 1794 2708; x_wconf 85' lang='lat' dir='ltr'>omitto:</span> 
     </span>
     <span class='ocr_line' id='line_1_37' title="bbox 200 2738 1798 2795; baseline -0.003 -14"><span class='ocrx_word' id='word_1_313' title='bbox 200 2741 385 2781; x_wconf 73' lang='lat' dir='ltr'>Tametsi</span> <span class='ocrx_word' id='word_1_314' title='bbox 417 2738 627 2793; x_wconf 75' lang='lat' dir='ltr'>(nametsi)</span> <span class='ocrx_word' id='word_1_315' title='bbox 663 2741 706 2792; x_wconf 83' lang='lat' dir='ltr'>ii,</span> <span class='ocrx_word' id='word_1_316' title='bbox 740 2741 811 2795; x_wconf 72' lang='lat' dir='ltr'>(siti</span> <span class='ocrx_word' id='word_1_317' title='bbox 834 2744 1011 2794; x_wconf 70' lang='lat' dir='ltr'>propter</span> <span class='ocrx_word' id='word_1_318' title='bbox 1042 2739 1251 2780; x_wconf 79' lang='lat' dir='ltr'>desidiam</span> <span class='ocrx_word' id='word_1_319' title='bbox 1282 2740 1328 2779; x_wconf 74' lang='lat' dir='ltr'>in</span> <span class='ocrx_word' id='word_1_320' title='bbox 1359 2739 1439 2779; x_wconf 85' lang='lat' dir='ltr'>otio</span> <span class='ocrx_word' id='word_1_321' title='bbox 1470 2739 1625 2790; x_wconf 72' lang='lat' dir='ltr'>vivunt,</span> <span class='ocrx_word' id='word_1_322' title='bbox 1658 2742 1798 2778; x_wconf 73' lang='lat' dir='ltr'>tamen</span> 
     </span>
     <span class='ocr_line' id='line_1_38' title="bbox 197 2808 1796 2864; baseline -0.003 -12"><span class='ocrx_word' id='word_1_323' title='bbox 197 2813 236 2852; x_wconf 73' lang='lat' dir='ltr'>in</span> <span class='ocrx_word' id='word_1_324' title='bbox 271 2826 350 2852; x_wconf 78' lang='lat' dir='ltr'>sua</span> <span class='ocrx_word' id='word_1_325' title='bbox 382 2811 497 2864; x_wconf 71' lang='lat' dir='ltr'>turpi</span> <span class='ocrx_word' id='word_1_326' title='bbox 530 2811 684 2851; x_wconf 76' lang='lat' dir='ltr'>inertia</span> <span class='ocrx_word' id='word_1_327' title='bbox 717 2812 889 2864; x_wconf 71' lang='lat' dir='ltr'>capiunt</span> <span class='ocrx_word' id='word_1_328' title='bbox 921 2811 1169 2864; x_wconf 71' lang='lat' dir='ltr'>voluptatem</span> <span class='ocrx_word' id='word_1_329' title='bbox 1208 2809 1282 2851; x_wconf 80' lang='lat' dir='ltr'>sub</span> <span class='ocrx_word' id='word_1_330' title='bbox 1323 2809 1427 2863; x_wconf 84' lang='lat' dir='ltr'>(Erf.</span> <span class='ocrx_word' id='word_1_331' title='bbox 1460 2808 1549 2861; x_wconf 87' lang='lat' dir='ltr'>sed)</span> <span class='ocrx_word' id='word_1_332' title='bbox 1591 2809 1678 2862; x_wconf 72' lang='lat' dir='ltr'>ipso</span> <span class='ocrx_word' id='word_1_333' title='bbox 1716 2808 1796 2848; x_wconf 86' lang='lat' dir='ltr'>otio</span> 
     </span>
     <span class='ocr_line' id='line_1_39' title="bbox 197 2879 1797 2937; baseline -0.002 -15"><span class='ocrx_word' id='word_1_334' title='bbox 197 2896 273 2937; x_wconf 63' lang='lat' dir='ltr'>qno</span> <span class='ocrx_word' id='word_1_335' title='bbox 305 2895 374 2922; x_wconf 64' lang='lat'>&#39;2508</span> <span class='ocrx_word' id='word_1_336' title='bbox 403 2881 622 2934; x_wconf 73' lang='lat' dir='ltr'>fortunam</span> <span class='ocrx_word' id='word_1_337' title='bbox 659 2882 815 2935; x_wconf 71' lang='lat' dir='ltr'>reyitis,</span> <span class='ocrx_word' id='word_1_338' title='bbox 849 2883 886 2922; x_wconf 87' lang='lat' dir='ltr'>si</span> <span class='ocrx_word' id='word_1_339' title='bbox 917 2881 1026 2921; x_wconf 73' lang='lat' dir='ltr'>hunc</span> <span class='ocrx_word' id='word_1_340' title='bbox 1057 2885 1225 2934; x_wconf 73' lang='lat' dir='ltr'>statum,</span> <span class='ocrx_word' id='word_1_341' title='bbox 1259 2894 1375 2935; x_wconf 76' lang='lat' dir='ltr'>quem</span> <span class='ocrx_word' id='word_1_342' title='bbox 1409 2879 1683 2920; x_wconf 79' lang='lat' dir='ltr'>habetis-esse</span> <span class='ocrx_word' id='word_1_343' title='bbox 1713 2891 1797 2919; x_wconf 71' lang='lat' dir='ltr'>non</span> 
     </span>
     <span class='ocr_line' id='line_1_40' title="bbox 199 2951 1794 3007; baseline -0.003 -14"><span class='ocrx_word' id='word_1_344' title='bbox 199 2954 391 3007; x_wconf 64' lang='lat' dir='ltr'>ifltioravi</span> <span class='ocrx_word' id='word_1_345' title='bbox 423 2966 505 2993; x_wconf 74' lang='lat' dir='ltr'>mm</span> <span class='ocrx_word' id='word_1_346' title='bbox 537 2952 755 3007; x_wconf 63' lang='lat' dir='ltr'>‹sucesitimi</span> <span class='ocrx_word' id='word_1_347' title='bbox 789 2951 917 3004; x_wconf 91' lang='lat' dir='ltr'>(unus</span> <span class='ocrx_word' id='word_1_348' title='bbox 947 2951 1026 2992; x_wconf 81' lang='lat' dir='ltr'>Ox.</span> <span class='ocrx_word' id='word_1_349' title='bbox 1060 2965 1141 2992; x_wconf 77' lang='lat' dir='ltr'>non</span> <span class='ocrx_word' id='word_1_350' title='bbox 1176 2952 1368 3005; x_wconf 67' lang='lat' dir='ltr'>iynorcwi</span> <span class='ocrx_word' id='word_1_351' title='bbox 1399 2951 1630 3005; x_wconf 65' lang='lat' dir='ltr'>quaesitum,</span> <span class='ocrx_word' id='word_1_352' title='bbox 1664 2961 1794 2990; x_wconf 90' lang='lat' dir='ltr'>unus:</span> 
     </span>
    </p>
   </div>
  </div>
 </body>
</html>
