1915 3235
949 110 1034 151 372

195 251 359 288 versus,
395 238 466 291 qui
499 239 558 279 sic
592 239 753 280 editur:
801 239 904 280 Tum
941 253 1005 280 res
1038 239 1093 279 ari
1126 252 1378 279 eommwlem
1410 238 1644 289 utilitatem,
1684 250 1788 290 (suas

124 319 177 345 480
188 308 383 363 publicas
416 309 688 363 appellamus,
721 314 808 350 tum
840 310 1121 350 conventicula
1151 309 1376 361 hominum,
1411 322 1501 363 quse
1517 312 1663 361 postea
1687 308 1787 347 civi-

141 2239 190 2264 481

196 384 299 420 tates
326 381 550 420 nominata
573 385 681 433 sunt,
714 385 800 421 tum
824 380 1037 421 domicilia
1062 381 1293 433 coniuncta,
1327 393 1431 434 quas
1457 378 1575 419 urbes
1599 378 1789 431 dicimus,

198 451 358 491 ini-ento
391 455 427 491 et
458 450 599 491 divino
633 452 723 491 iure
756 456 791 492 et
828 451 1024 504 humano,
1064 450 1265 491 moenibus
1303 454 1545 504 scepserunt.
1607 449 1675 489 Ab
1708 450 1791 489 hac

197 522 410 574 scriptura
442 521 568 562 Bern.
603 525 645 563 et
677 522 737 563 St.
772 523 880 563 Vict.
912 536 999 563 non
1031 522 1291 574 discrepant,
1335 521 1413 562 sed
1451 522 1494 561 in
1527 520 1619 561 cod.
1653 519 1790 561 Paris.

198 591 361 644 (Hervn,
395 591 551 645 Naug.)
585 595 670 634 est:
705 607 769 633 res
802 594 859 633 ad
880 607 1133 634 communem
1156 593 1377 633 utilitatem
1400 593 1660 633 continentes.
1695 605 1792 643 quae

199 663 411 715 scriptura
445 676 494 705 eo
527 665 663 716 magis
695 677 774 705 nos
799 665 1024 705 advertere
1049 664 1192 713 debet,
1227 663 1343 715 quod
1368 676 1434 703 res
1459 662 1515 703 ad
1539 675 1793 702 communem

202 734 419 774 utilitatem
453 747 593 787 neque
625 735 777 776 Latine
810 738 852 777 et
884 735 1165 788 grammatice
1206 730 1406 785 diciturl)
1446 747 1586 786 neque
1619 735 1793 774 senten-

199 804 304 845 tiam
338 805 441 846 satis
475 806 697 846 definitam
729 806 882 855 habet,
923 818 1195 847 communem
1238 804 1349 846 enim
1384 805 1613 845 utilitatem
1646 804 1794 845 multae

200 876 376 929 singulae
416 889 484 917 res
525 877 673 918 iuvare
712 880 906 930 possunt.
976 877 1125 929 Itaque
1173 876 1376 925 adducor,
1425 878 1473 916 ut
1519 876 1795 917 scribendum

200 949 371 999 putem:
435 947 541 988 Tum
588 961 654 988 res
701 961 954 989 communem
1000 949 1221 989 utilitatem
1270 948 1537 995 continentes,
1586 947 1796 999 quemad-

202 1017 381 1058 modum
413 1018 564 1069 Aldus,
599 1019 848 1069 Lambinus,
883 1019 953 1060 alii
986 1019 1225 1068 ediderunt,
1260 1021 1450 1059 veterem
1484 1017 1671 1070 aliquam
1707 1017 1796 1058 edi—

201 1089 363 1129 tionem
396 1089 543 1138 secuti,
578 1090 620 1130 in
654 1103 785 1142 quam
818 1091 911 1131 haec
943 1090 1157 1143 scriptura
1191 1103 1242 1130 ex
1276 1089 1418 1142 aliquo
1447 1090 1599 1141 primae
1624 1088 1797 1130 familiae

204 1159 363 1209 codice,
411 1162 455 1201 ut
487 1160 592 1201 alias
625 1161 837 1214 quasdam
870 1161 1068 1211 vidimus,
1117 1161 1313 1214 pervenit
1345 1162 1388 1201 et
1420 1160 1575 1201 deinde
1607 1162 1799 1201 correcta

203 1233 280 1271 est.
295 1226 329 1282 2)
391 1230 479 1272 Nec
512 1234 706 1285 apparet,
748 1233 821 1285 qui
854 1232 954 1273 addi
987 1233 1236 1273 continentes
1267 1232 1468 1285 potuerit,
1517 1231 1591 1283 ubi
1624 1231 1681 1271 ad
1712 1231 1799 1271 iam

203 1301 379 1342 adesset
411 1300 474 1355 (ut
508 1305 573 1344 est
604 1303 647 1344 in
679 1302 848 1356 Paris).
912 1303 1071 1345 Contra
1105 1316 1237 1356 quum
1272 1303 1329 1344 ad
1361 1302 1514 1356 aliquis
1548 1301 1798 1351 addidisset,

203 1373 275 1424 qui
309 1374 557 1415 continentes
588 1388 666 1427 pro
700 1387 762 1424 eO,
797 1375 913 1427 quod
946 1377 1011 1416 est
1034 1376 1304 1429 pertinentes,
1346 1374 1612 1426 intelligeret,
1662 1372 1801 1413 omitti

203 1443 479 1496 participium
512 1446 664 1498 potuit.
713 1446 877 1487 Deinde
909 1448 1054 1487 autem
1088 1446 1180 1487 haec
1213 1446 1359 1487 omnia
1390 1445 1582 1498 pendent
1614 1444 1669 1485 ab
1703 1443 1798 1493 illis,

205 1527 302 1567 quae
337 1517 532 1557 extrema
564 1518 779 1558 sententia
810 1518 951 1570 posita
985 1519 1097 1567 sunt,
1143 1517 1344 1558 moenibus
1375 1520 1616 1571 scepserunt,
1661 1515 1800 1556 duris-

206 1586 316 1627 simo
349 1590 586 1640 zeugmate,
621 1601 706 1640 qua
738 1588 875 1641 figura
907 1587 967 1641 (id
991 1591 1067 1637 est,
1102 1601 1186 1640 quo
1208 1588 1350 1629 minus
1375 1589 1575 1628 accurate
1596 1586 1801 1639 loquendi

206 1656 379 1709 genere)
413 1657 560 1700 Cicero
592 1659 844 1711 parcissime
876 1659 1023 1709 utitur,
1056 1672 1135 1700 nec
1168 1660 1397 1712 quisquam
1420 1658 1595 1699 omnino
1624 1657 1705 1698 nisi
1727 1656 1800 1706 ita,

207 1729 255 1768 ut
286 1741 364 1780 pro
398 1729 616 1770 communi
648 1730 780 1771 verbo
813 1732 990 1783 propter
1021 1732 1290 1783 postremum
1323 1729 1643 1771 substantivum
1670 1732 1803 1780 ponat

207 1798 393 1851 speciale
429 1803 622 1853 cognatae
660 1800 994 1854 significationis,
1044 1814 1095 1842 ex
1144 1815 1227 1854 quo
1275 1800 1379 1841 illud
1427 1800 1549 1841 facile
1590 1799 1803 1849 eliciatur3

209 1869 325 1922 quod
357 1870 438 1912 hoc
470 1872 562 1913 loco
595 1872 665 1912 vix
704 1872 795 1913 fieri
827 1874 983 1925 potest.
1047 1871 1275 1922 Quodnam
1320 1872 1434 1912 enim
1478 1884 1530 1912 ex
1571 1870 1642 1911 illo
1687 1883 1804 1911 com-

209 1953 340 1981 mune
375 1943 556 1984 verbum
590 1946 820 1997 cognatum
855 1943 947 1984 elici
979 1945 1134 1996 potest,
1169 1945 1319 1995 aptum
1355 1942 1411 1983 ad
1447 1956 1511 1983 res
1537 1941 1729 1996 publicas
1763 1943 1806 1982 et

210 2012 408 2061 civitates,
458 2027 591 2066 quum
637 2016 879 2068 praesertim
928 2027 1001 2055 eas
1048 2013 1139 2067 ipse
1174 2013 1321 2055 Cicero
1371 2013 1425 2054 ab
1474 2013 1593 2054 urbis
1631 2012 1806 2053 notione

211 2081 434 2135 seiungat?
481 2085 630 2138 Itaque
678 2099 790 2139 aegre
838 2086 942 2135 fero,
992 2084 1189 2138 ignorare
1236 2098 1328 2135 nos,
1378 2084 1481 2137 quid
1518 2085 1599 2125 hoc
1638 2083 1730 2124 loco
1763 2083 1807 2123 in

212 2152 507 2196 Gulielmianis
540 2159 582 2198 et
614 2156 880 2198 Gruterianis
915 2156 1132 2197 codicibus
1166 2155 1314 2204 fuerit;
1363 2169 1463 2213 nam
1506 2156 1541 2196 si
1574 2155 1804 2203 constaret,

213 2224 405 2266 codicem
445 2226 486 2268 S.
526 2228 632 2269 Vict.
672 2241 750 2280 pro
789 2228 1014 2268 nominatae
1061 2231 1167 2276 sunt,
1217 2226 1332 2278 quod
1380 2229 1445 2267 est
1491 2227 1535 2267 in
1580 2225 1715 2267 Paris.
1765 2227 1807 2266 et

214 2294 370 2336 Bernn.
405 2296 464 2349 (et
497 2299 552 2339 ab
586 2299 802 2351 Hervagio
835 2301 877 2339 et
909 2299 1044 2351 Naug.
1078 2299 1121 2338 in
1153 2295 1444 2349 editionibus),
1493 2297 1696 2337 habuisse
1737 2309 1807 2336 no-

217 2366 492 2419 minaverunt,
541 2370 657 2422 quod
703 2370 746 2410 in
794 2369 994 2411 omnibus
1037 2368 1204 2410 Oxonn.
1247 2368 1551 2421 veteribusque
1590 2368 1686 2408 edd.
1729 2369 1806 2416 est,

215 2435 327 2477 hanc
374 2439 513 2491 ipsam
562 2440 895 2494 discrepantiam
946 2453 997 2480 ex
1045 2452 1094 2480 eo
1134 2441 1273 2480 ortam
1306 2438 1555 2488 iudicarem,
1604 2438 1718 2491 quod
1766 2438 1809 2478 in

218 2507 362 2550 codice
411 2511 645 2564 archetypo
693 2513 971 2564 superessent
1025 2510 1204 2562 vestigia
1252 2510 1392 2551 extriti
1440 2511 1539 2562 post
1585 2509 1810 2549 nominatoe

216 2584 310 2619 sunt
344 2582 462 2623 verbi
495 2582 713 2635 praeterito
746 2585 941 2635 tempore
975 2582 1127 2622 activae
1161 2580 1311 2622 formae
1344 2580 1485 2633 positi,
1530 2579 1643 2632 quod
1677 2592 1809 2631 quam

218 2653 341 2695 facile
374 2653 433 2694 ibi
465 2654 520 2694 ob
555 2665 653 2694 eum
686 2654 827 2706 ipsum
861 2665 1114 2694 concursum
1156 2651 1353 2692 excidere
1393 2651 1593 2703 potuerit,
1642 2639 1808 2702 perspi-

257 2829 285 2873 ²)
310 2830 419 2864 Aliud
445 2832 500 2863 est
524 2840 596 2862 esse
623 2830 680 2869 ad,
707 2828 808 2862 cuius
835 2828 1024 2862 locutionis
1051 2827 1224 2872 exemplis
1252 2826 1470 2861 Garatonius
1496 2827 1620 2861 utitur.

259 2887 287 2932 ²)
313 2889 460 2924 Codices
486 2887 647 2922 lacunosi
674 2887 799 2931 corrigi
827 2887 931 2930 coepti
958 2890 1053 2928 sunt,
1080 2887 1197 2920 deleto
1225 2887 1281 2927 ad,
1316 2886 1378 2920 sed
1405 2887 1618 2920 continentes
1645 2884 1809 2918 additum

315 2959 388 2983 non
414 2951 479 2982 est.
