1915 3235
86 1135 136 1160 119

919 71 974 112 96

156 205 401 258 praepositio
430 205 472 244 et
503 203 545 243 in
568 201 737 242 Gruteri
770 202 813 241 et
834 201 876 240 in
905 199 1222 240 Oxoniensibus
1249 198 1465 240 codicibus
1489 198 1613 240 abest
1637 201 1679 240 et
1701 200 1745 240 in

157 275 253 316 edd.
297 276 414 324 vett.,
463 275 511 313 ut
552 273 595 312 in
635 270 761 312 nullis
801 270 933 311 fuisse
966 270 1255 311 certissimum
1287 269 1362 319 sit;
1410 269 1486 311 sed
1518 270 1562 310 in
1592 269 1744 310 iisdem

158 345 358 387 omnibus
391 344 515 385 abest
546 341 682 390 haud3
730 343 822 382 tum
867 341 1082 381 remissius
1124 340 1167 380 in
1208 340 1326 382 nullo
1366 334 1431 381 est
1463 339 1621 390 codice,
1670 340 1745 381 sed

157 416 389 465 demissius,
430 413 656 461 dimissius,
698 411 872 459 similia;
922 413 1104 463 apparet
1142 411 1416 464 interpolatio
1448 411 1594 451 nescio
1627 410 1745 452 cuius

157 486 344 535 editoris,
379 497 508 537 quam
543 483 672 524 ceteri
705 482 1010 534 elegantiorem
1036 480 1217 522 reddere
1245 481 1440 530 student3
1475 481 1577 533 quid
1601 483 1747 522 autem

157 556 307 605 subsit,
342 551 545 606 nescioff)
594 553 766 601 Gellius,
800 554 849 593 ut
880 553 961 593 hoc
994 551 1167 601 addam,
1201 551 1315 592 hunc
1346 552 1487 593 locum
1520 565 1606 593 non
1631 553 1746 593 citat.

156 626 388 668 Probabile
421 624 574 666 deinde
608 626 684 674 est,
718 623 864 664 multis
896 623 1000 664 locis
1024 622 1084 663 ita
1109 622 1368 674 scripturam
1391 625 1581 664 veterem
1606 622 1748 664 occul-

157 698 295 738 tatam
343 708 450 745 esse,
501 697 549 735 ut
596 694 639 735 id
684 706 799 735 nunc
845 694 914 734 vix
963 693 1124 743 sentiri,
1174 693 1293 745 argui
1336 694 1450 734 certe
1482 707 1569 735 non
1600 694 1748 746 possit.

158 767 271 807 Tum
303 766 564 819 glossemata
598 778 683 806 non
715 777 856 818 pauca
888 765 1025 806 oratio
1064 764 1210 813 habet,
1259 763 1461 816 quaedam
1500 766 1647 805 tamen
1679 764 1749 805 illo

157 837 315 886 codice,
350 837 421 889 qui
455 838 696 877 ceterorum
729 835 824 877 fons
858 835 950 884 fuit,
991 834 1231 876 recentiora
1262 847 1342 875 nec
1373 847 1451 887 per
1481 848 1651 885 omnes,
1678 836 1750 888 qui

156 909 401 960 supersunt,
450 908 699 959 pervagata.
762 906 912 958 Itaque
955 907 1178 958 scripturae
1222 905 1466 946 coniectura
1509 906 1750 947 emendatae

157 980 198 1019 et
224 977 618 1019 additamentorum
644 977 922 1030 expulsorum
947 990 998 1018 ex
1022 977 1104 1018 hac
1129 977 1321 1018 oratione
1347 977 1591 1030 exemplum
1616 990 1750 1018 unum

157 1051 199 1090 et
229 1049 416 1090 alterum
449 1061 687 1089 sumamus.

275 1119 320 1160 C.
355 1120 404 1169 3,
461 1121 506 1170 8,
562 1120 637 1160 ubi
685 1119 914 1160 edebatur:
970 1132 1112 1159 verum
1167 1119 1291 1159 ‘eiiam
1345 1123 1389 1159 ut
1442 1119 1585 1172 spoliis
1638 1118 1753 1159 Sexti

159 1190 300 1231 Roscii
332 1190 405 1230 hoc
436 1190 594 1231 iudicio
626 1191 767 1230 ornati
799 1191 990 1245 aniciique
1027 1189 1257 1242 discedant,
1306 1190 1526 1230 Ernestius
1566 1203 1614 1230 ex
1652 1192 1751 1231 ante

157 1261 231 1302 hoc
264 1261 364 1302 addi
397 1262 590 1310 volebat;
640 1264 682 1302 et
714 1263 778 1302 est
809 1261 890 1302 hoc
922 1262 1093 1310 rectius,
1135 1260 1333 1313 coniungi
1365 1260 1458 1301 haec
1491 1273 1588 1301 cum
1620 1260 1753 1301 verbo

158 1332 386 1382 discedant,
436 1346 565 1385 quam
608 1335 840 1385 utrumque
873 1331 1111 1373 ablativum
1144 1331 1416 1372 incommode
1449 1344 1547 1372 cum
1578 1331 1753 1384 partici-

158 1403 238 1455 piis
270 1403 400 1455 iungi.
463 1403 624 1444 Verum
663 1404 706 1444 in
744 1403 952 1444 Palatinis
993 1402 1211 1449 codicibus
1252 1404 1294 1443 et
1326 1402 1368 1443 S.
1401 1402 1581 1443 Victoris
1614 1402 1755 1443 Roscii

158 1487 245 1515 non
278 1476 356 1516 est.
404 1475 494 1516 Iam
529 1488 662 1527 quum
694 1474 788 1514 haec
820 1474 875 1515 sit
908 1473 1103 1515 codicum
1136 1474 1350 1526 scriptura
1383 1473 1503 1526 (nam
1537 1473 1641 1514 alios
1674 1473 1754 1514 illis

160 1545 400 1586 consentire
432 1557 518 1587 non
551 1547 617 1586 est
650 1545 843 1594 dubium,
878 1558 1011 1597 quum
1044 1546 1086 1585 in
1114 1544 1417 1585 omissionibus
1445 1544 1754 1585 vocabulorum

160 1616 360 1657 notandis
418 1629 590 1658 summa
647 1615 776 1656 fuerit
831 1616 1089 1669 negligentia
1135 1614 1424 1668 superiorum)
1472 1615 1615 1669 spoliis
1661 1614 1754 1656 Sem.

161 1687 246 1737 hoc,
281 1690 476 1740 apparet,
510 1700 596 1728 non
629 1700 788 1728 nomen
820 1686 1083 1736 addendum,
1124 1686 1200 1727 sed
1234 1700 1367 1727 unam
1400 1686 1602 1736 litteram,
1642 1686 1755 1727 male

161 1759 404 1811 repetitam,
439 1758 767 1808 detrahendam,
802 1760 850 1798 ut
881 1758 936 1798 sit
966 1758 1109 1811 spoliis
1141 1772 1190 1798 ex
1221 1757 1313 1807 Ῑιοσς
1354 1758 1495 1810 aptius
1530 1759 1595 1798 est
1626 1758 1756 1799 etiam

160 1832 338 1882 propter
387 1830 599 1870 contrarie
647 1829 784 1869 relata
830 1829 912 1870 hoc
959 1829 1197 1881 generatim
1253 1828 1333 1869 dici
1389 1827 1488 1881 (non
1541 1828 1660 1869 modo
1714 1833 1758 1870 ut

161 1901 369 1954 supplicia
402 1901 538 1950 vitent,
582 1924 628 1927 —
676 1913 817 1940 verum
858 1900 982 1939 eiiam
1015 1904 1059 1940 ui
1096 1900 1239 1953 spoliis
1271 1900 1411 1940 ornati
1452 1901 1642 1955 auctique
1673 1899 1757 1940 dis-

164 1969 343 2023 cedant).
944 1957 946 1961 ’

283 2042 328 2084 C.
363 2043 401 2092 7,
445 2042 514 2083 20.
580 2041 643 2082 Ne
675 2041 835 2095 diutius
876 2055 945 2082 vos
976 2046 1149 2081 teneam.
1212 2041 1456 2082 Pronomen
1497 2041 1620 2082 codd.
1652 2041 1757 2083 Pall.

165 2116 207 2153 et
239 2112 281 2154 S.
307 2103 487 2154 Victoris
520 2114 746 2162 omittunt;
779 2113 893 2154 idem
927 2113 1116 2165 quinque
1149 2111 1415 2153 Oxonienses
1449 2110 1632 2165 (septem
1666 2126 1758 2154 om-

165 2184 266 2225 nino
309 2182 425 2236 sunt)
465 2184 693 2224 excludere
733 2186 977 2232 annotatur,
1027 2185 1074 2224 ut
1113 2183 1296 2224 fortasse
1334 2183 1377 2223 in
1415 2183 1531 2224 nullo
1571 2184 1638 2224 sit.
1708 2183 1761 2224 Et

167 2254 319 2295 eodem
367 2255 496 2296 modo
544 2255 711 2296 locutus
759 2257 823 2296 est
870 2254 1018 2296 Cicero
1062 2254 1134 2295 lib.
1170 2240 1272 2295 I'in
1309 2253 1429 2294 Verr.
1471 2253 1537 2304 13,
1582 2254 1651 2295 34.
1714 2254 1761 2295 In

166 2325 293 2365 simili
326 2325 539 2367 locutione
573 2325 670 2366 Non
701 2325 927 2366 obtundam
959 2325 1119 2366 diutius
1150 2324 1192 2365 in
1216 2324 1336 2365 Verr.
1361 2324 1428 2374 IV,
1461 2324 1531 2375 49,
1569 2325 1650 2366 109
1676 2337 1761 2366 non

167 2409 248 2446 vos,
297 2396 374 2436 sed
416 2410 541 2437 aures
584 2401 742 2437 vestras
785 2397 1057 2438 addiderunt.
1131 2394 1282 2448 (Epist.
1306 2395 1408 2440 ferit.
1449 2395 1505 2436 ad
1539 2394 1668 2436 Orell.
1708 2395 1760 2436 de

168 2469 294 2507 oratt.
329 2467 447 2508 Verr.
481 2481 522 2520 p.
558 2465 645 2519 32.)

287 2537 332 2578 C.
370 2538 442 2588 11,
492 2538 561 2579 32.
641 2537 882 2579 Edebatur:
939 2538 1115 2579 etiamne
1163 2538 1220 2578 ad
1266 2537 1461 2578 subsellia
1508 2550 1600 2577 cum
1644 2536 1762 2590 ferro

170 2613 290 2663 atque
332 2609 423 2649 ielis
465 2610 651 2663 venistis,
700 2615 744 2650 ui
783 2609 850 2649 liic
893 2613 966 2649 aui
1007 2609 1202 2663 iuyuletis
1245 2613 1317 2649 ciui
1355 2608 1630 2649 condemnetis
1668 2606 1761 2648 Sem.

171 2679 401 2720 Roscimn?
429 2680 598 2721 Nomen
631 2681 852 2733 proprium
879 2680 1044 2729 sustuli,
1079 2682 1126 2721 ut
1151 2680 1386 2721 Lambinus
1411 2679 1553 2720 facere
1577 2678 1763 2720 voluisse

210 2841 237 2886 ¹)
266 2842 400 2886 [Quam
427 2843 597 2878 invtertia
623 2844 779 2879 editione
805 2844 1097 2879 emendationem
1131 2843 1357 2884 tentaverim,
1385 2847 1546 2878 extremo
1574 2844 1641 2877 hoc
1666 2842 1764 2877 volu-

266 2903 364 2937 mine
390 2901 554 2946 dicetur]
