1915 3235
949 123 1032 163 206

196 257 318 296 rent?
367 254 452 295 Sed
492 256 557 294 est
595 252 786 293 eiusdem
821 251 988 304 generis
1022 252 1239 304 antiquius
1273 252 1389 293 aliud
1422 253 1682 306 exemplum,
1731 254 1787 294 ab

196 325 394 367 omnibus
438 325 479 365 in
522 324 603 364 hac
646 323 882 375 quaestione
925 321 1179 374 neglectum,
1230 323 1345 374 quod
1392 322 1502 364 illius
1551 324 1603 364 de
1652 324 1787 366 Mario

196 397 452 437 narrationis
495 393 895 447 interpretationem
939 393 1066 445 plane
1110 393 1349 434 confirmat.
1413 394 1524 435 Nam
1565 394 1712 436 Cicero
1744 396 1789 436 in

196 468 327 508 Bruto
376 466 468 519 (ΞΟ,
519 464 590 517 79)
639 464 798 511 scribit,
848 463 897 513 Q.
947 464 1143 504 Fulvium
1192 465 1455 506 Nobiliorem
1504 465 1554 515 Q.
1603 465 1787 506 Ennium

195 540 382 590 poetam,
432 536 503 588 qui
551 549 646 576 cum
696 539 819 587 patre
870 534 959 575 eius
1008 534 1050 575 in
1097 535 1250 576 AEtolia
1292 535 1566 584 militaverat,
1617 536 1788 577 civitate

195 609 392 649 donasse.
428 620 558 659 quum
593 606 790 646 triumvir
823 605 1034 646 coloniam
1068 605 1329 646 deduxisset.
1380 606 1598 647 Triumvir
1629 607 1663 648 is
1690 620 1787 648 cum

195 678 243 728 Q.
278 678 410 718 Fabio
453 677 654 718 Labeone
699 678 741 717 et
783 676 837 716 M.
871 676 1020 717 Fulvio
1064 677 1216 718 Flacco
1259 690 1297 717 a.
1335 678 1417 718 184
1459 677 1703 719 Potentiam
1745 681 1788 719 et

193 749 421 789 Pisaurum
456 748 642 788 colonias
686 747 876 796 deduxit,
927 761 1111 799 quarum
1154 748 1483 789 alteramutram
1527 752 1602 789 aut
1645 749 1787 802 potius

194 822 422 871 utramque
471 819 626 859 civium
675 818 821 863 fuisse,
871 817 969 858 hinc
1018 819 1298 871 cognoscitur.
1362 819 1451 860 Iam
1500 820 1669 872 privata
1716 820 1788 861 illa

194 890 436 931 commercii
470 889 756 942 connubiique
790 890 883 929 iura
908 891 1047 941 poetae
1073 889 1175 930 data
1199 890 1293 941 quis
1319 892 1441 942 putet
1466 891 1621 943 potius,
1657 904 1788 943 quam

194 976 290 1002 eum
325 962 367 1002 in
400 961 490 1001 eius
523 961 669 1013 populi
695 963 867 1009 coetum,
903 961 1022 1001 cuius
1047 974 1115 1001 res
1142 961 1377 1011 cecinisset,
1411 974 1510 1002 vere
1536 964 1786 1014 receptum?

122 1046 172 1069 πε
194 1033 246 1073 de
280 1046 363 1084 quo
397 1032 601 1085 gloriatus
635 1034 699 1072 est
731 1031 822 1083 ipse
856 1034 958 1072 noto
990 1028 1179 1083 Versu.¹)
1242 1032 1387 1072 Simile
1427 1032 1594 1082 horum,
1635 1033 1712 1074 sed
1743 1034 1786 1074 in

192 1105 451 1143 immensum
487 1105 675 1149 auctum,
711 1102 894 1143 Caesaris
928 1102 969 1142 in
1004 1102 1169 1143 colonia
1192 1103 1345 1144 Latina
1368 1103 1610 1144 institutum
1636 1106 1790 1156 postea

193 1174 557 1215 commemorabo.

311 1246 423 1286 Satis
471 1245 551 1286 hoc
601 1248 664 1285 est
713 1246 1067 1297 argumentorum
1117 1246 1159 1284 et
1206 1245 1550 1286 testimoniorum
1599 1246 1788 1298 undique

194 1316 551 1363 concrurentium,
586 1315 743 1368 quibus
777 1315 943 1356 accedit
975 1318 1169 1356 extremo
1202 1316 1294 1357 loco
1328 1317 1561 1357 auctoritas
1587 1316 1787 1369 Appiani,

193 1388 263 1439 qui
297 1388 456 1439 apertis
491 1387 632 1427 verbis
667 1400 705 1427 a.
729 1387 810 1426 133
845 1386 956 1427 cives
991 1400 1041 1427 ex
1069 1387 1243 1428 coloniis
1268 1390 1310 1428 et
1334 1386 1575 1440 municipiis
1601 1387 1788 1428 Romam

193 1459 248 1499 ad
281 1459 453 1499 comitia
486 1460 528 1498 et
560 1457 614 1498 ad
648 1457 853 1509 suffr-agia
887 1458 940 1499 de
972 1458 1064 1510 lege
1097 1458 1267 1511 agraria
1300 1458 1365 1499 Ti.
1396 1458 1577 1499 Gracchi
1610 1458 1789 1499 ferenda

193 1529 458 1570 concurrisse
501 1525 709 1580 narratfl)
783 1529 932 1581 Itaque
975 1529 1146 1570 sublato
1186 1530 1271 1570 iam
1313 1542 1476 1579 errore,
1526 1528 1596 1581 qui
1644 1528 1788 1569 nescio

192 1600 408 1652 quomodo
441 1600 696 1640 inveteravit
728 1600 769 1639 in
803 1600 1034 1652 philologia
1067 1602 1110 1640 et
1141 1600 1319 1642 historia
1351 1601 1565 1649 Romana,
1599 1599 1788 1652 primum

192 1672 319 1720 cives,
354 1672 424 1724 qui
458 1672 499 1711 in
533 1670 720 1712 colonias
755 1670 910 1710 civium
936 1670 1234 1712 Romanorum
1261 1672 1590 1720 deducerentur,
1624 1670 1787 1711 nullam

192 1756 342 1794 passos
376 1755 470 1783 esse
511 1743 613 1783 iuris
654 1742 998 1782 imminutionem
1041 1745 1203 1782 certum
1247 1744 1449 1794 putamus
1463 1739 1518 1794 3);
1566 1755 1706 1794 neque
1745 1741 1788 1782 in

230 1894 257 1937 ¹)
284 1897 357 1929 Nos
383 1907 507 1929 sumus
532 1897 699 1938 Romani,
726 1897 789 1939 qui
811 1896 971 1938 furimus
997 1900 1078 1929 cmte
1103 1896 1242 1928 Rudini
1267 1893 1350 1937 (Cic
1379 1895 1422 1928 de
1449 1894 1546 1929 Orat
1574 1895 1634 1935 ΙΙΙ,
1660 1893 1732 1936 42).

228 1952 253 1996 'f
285 1954 358 1988 Civ
386 1955 411 1995 I,
446 1954 489 1987 10
522 1954 838 1997 (commemoravit
864 1957 948 1988 ante
975 1954 1069 1988 cives
1096 1953 1287 1996 urbanos>z
1326 1954 1465 1993 πλῆῖος
1496 1951 1591 1992 ἄλλο,
1633 1951 1718 1985 ὅσον
1750 1952 1790 1985 ἐι

288 2014 361 2047 nic
387 2011 585 2050 (ἔποικοις
576 2011 719 2044 mil-fan
747 2011 768 2052 ἧ
802 2014 876 2049 Ταῖς
907 2013 1138 2044 ι”νσοπολιῑισιι
1171 2012 1192 2053 ἢ
1223 2011 1336 2050 ἄλλως
1368 2010 1555 2045 ἒκοινωίει
1587 2012 1694 2052 τῆσδε
1728 2013 1789 2052 τῆς

286 2074 362 2115 γῆς,
394 2070 557 2109 δεδιότες
582 2070 713 2117 ὁμοίως
738 2069 900 2115 ἐπῄεσαν,
929 2072 987 2103 καὶ
1007 2071 1041 2108 ἐς
1058 2071 1245 2115 ἑκατέρους
1263 2070 1383 2104 αὐτῶν
1401 2071 1641 2116 διεμερίζοντο
1661 2082 1689 2102 κ.
1711 2083 1737 2103 Τ.
1757 2071 1785 2102 λ.

286 2132 337 2166 De
363 2132 548 2166 Niebuhrii
574 2143 695 2166 errore
721 2143 831 2175 supra
857 2131 940 2165 dixi.
981 2130 1095 2174 [Quas
1121 2131 1178 2165 hic
1199 2131 1387 2176 Appianus
1408 2130 1651 2166 ι’σοπολίτιδας
1672 2127 1789 2167 πόλεις

286 2192 454 2235 appellat
488 2193 555 2226 hoc
589 2195 642 2226 est
668 2191 875 2235 municipia,
909 2191 979 2225 ihd.
1009 2191 1053 2223 65
1079 2190 1266 2227 πολιτιδας
1292 2191 1467 2224 nominat.
1519 2189 1621 2232 Quod
1649 2189 1786 2223 Plutar-

287 2251 375 2284 chus
401 2251 439 2284 T.
460 2251 649 2285 Flaminin.
677 2265 695 2282 ι
676 2249 970 2284 “Flamininum
998 2250 1032 2283 in
1059 2250 1232 2294 petitione
1258 2250 1468 2283 consulatus
1495 2260 1515 2282 a
1542 2247 1677 2282 colonis
1702 2247 1786 2281 Nai-

286 2310 470 2344 mensibus
510 2314 544 2344 et
580 2310 646 2343 Cos
632 2310 727 2343 sanis
779 2320 869 2353 quos
908 2309 1118 2349 deduxerat,
1157 2309 1323 2342 adiutum
1362 2311 1495 2348 nar1,at
1535 2307 1786 2347 admonemur,

287 2380 396 2412 quam
425 2373 529 2403 caute
562 2370 739 2403 utendum
773 2369 817 2402 sit
848 2368 904 2401 his
937 2367 1182 2402 Graeculorum
1214 2367 1441 2401 testimoniis,
1492 2366 1583 2400 Nam
1615 2365 1787 2399 Narniam

287 2431 321 2460 et
348 2428 476 2461 Cosam
503 2429 649 2462 Latinas
677 2428 787 2461 fuisse
814 2427 973 2460 colonias
1000 2426 1178 2467 novimus,
1218 2437 1299 2470 quae
1325 2426 1361 2459 in
1388 2425 1542 2459 comitiis
1568 2424 1692 2469 populi
1718 2424 1786 2457 Ro-

287 2487 384 2520 mani
430 2488 535 2523 nihil.
583 2488 679 2531 quod
727 2489 892 2530 agerent,
938 2486 1132 2519 habebant.
1197 2485 1330 2519 Contra
1376 2488 1470 2518 recte
1515 2483 1704 2528 Zumptius
1749 2483 1786 2517 in

286 2557 439 2579 censura
478 2547 599 2590 aliqua
637 2546 744 2580 huius
790 2545 1107 2579 commentationis
1149 2545 1336 2578 annotavit
1378 2544 1511 2578 civium
1556 2544 1591 2577 in
1638 2543 1787 2577 coloniis

287 2605 485 2639 viventium
520 2606 662 2649 plenam
698 2605 784 2638 iuris
818 2604 1082 2649 possessionem
1115 2603 1319 2637 confirmari
1356 2603 1408 2643 iis,
1449 2614 1528 2646 quae
1561 2602 1657 2646 apud
1691 2601 1786 2635 Cice-

287 2675 411 2698 ronem
439 2665 482 2698 de
509 2666 567 2699 Or.
596 2665 637 2705 ss,
667 2665 720 2705 71,
759 2663 827 2696 287
865 2663 1072 2697 scribuntur
1110 2663 1154 2696 de
1186 2662 1229 2696 M.
1264 2662 1420 2695 Antistio
1460 2661 1580 2705 equite
1619 2661 1786 2694 Romano

286 2734 379 2766 equo
406 2724 548 2767 publico
576 2735 618 2757 ex
645 2724 786 2757 colonia
811 2721 962 2766 Pyrgis]

230 2779 257 2823 3)
284 2782 384 2815 Unus
417 2793 460 2816 ex
486 2783 539 2823 iis,
579 2783 639 2826 qui
674 2783 738 2815 has
773 2793 828 2815 res
861 2781 1064 2815 accuratius
1096 2781 1302 2824 attigerunt,
1341 2779 1378 2813 P.
1406 2779 1589 2813 Manutius
1622 2778 1716 2812 cives
1747 2778 1783 2811 in

287 2842 444 2875 colonias
471 2842 643 2876 deductos
671 2841 882 2884 suffragium
910 2840 1079 2874 habuisse
1112 2840 1188 2873 sine
1221 2838 1431 2882 exceptione
1469 2838 1558 2872 dixit
1597 2836 1647 2879 (in
1685 2836 1786 2870 libris

288 2901 464 2944 postumis
497 2901 540 2934 de
567 2900 711 2934 civitate
738 2901 905 2933 Romana
940 2911 972 2943 p.
1002 2898 1045 2931 16
1072 2902 1158 2932 tom.
1185 2899 1199 2932 Ι
1225 2898 1329 2932 Thes.
1358 2896 1472 2931 Graev.
1500 2900 1534 2931 et
1561 2897 1604 2930 de
1631 2895 1785 2930 comitiis

287 2972 318 3003 p.
348 2959 414 2992 18³
442 2958 538 3002 ibd.)‚
573 2959 632 2993 sed
660 2959 711 2992 ita
736 2970 862 3002 graves
889 2969 1028 2993 errores
1055 2957 1212 2991 adiuncti
1240 2959 1353 2995 erant,
1388 2956 1438 2989 ita
1464 2955 1531 2989 sibi
1558 2958 1681 2999 aperte
1703 2964 1784 2987 con-
