1915 3235
860 92 917 134 95

92 224 358 275 argumenta,
390 234 477 263 non
509 224 574 263 est
603 221 732 262 huius
764 221 844 263 loci
877 234 1104 275 exponere.
1152 222 1199 264 In
1222 235 1308 265 uno
1331 223 1504 276 quidem
1530 236 1679 265 emen-

92 292 223 333 dandi
254 304 422 345 genere,
471 305 555 346 quo
598 292 728 333 etiam
769 291 839 332 hic
883 304 1000 345 saepe
1041 293 1250 334 utendum
1292 293 1385 343 fuit,
1432 294 1476 334 in
1507 294 1678 336 addita-

91 363 245 404 mentis
301 354 520 412 tollendis,
580 375 675 415 quae
731 361 836 403 mihi
882 363 972 403 veri
1018 362 1263 404 inveniendi
1308 364 1418 405 ratio
1465 364 1677 414 videatur,

91 432 358 474 declaratum
405 435 470 474 est
516 446 649 486 quum
697 433 741 473 in
788 432 969 485 epistola
1016 433 1160 474 critica
1201 434 1258 475 ad
1289 433 1495 476 Orellium
1528 433 1587 488 (p.
1621 435 1679 476 22

90 502 214 557 sqq),
246 505 338 545 tum
370 504 414 544 in
435 503 674 556 appendice
703 504 1077 545 commentationis
1102 504 1155 545 de
1177 504 1362 546 Asconio
1386 503 1446 558 (p.
1469 505 1527 546 45
1550 504 1677 558 sqq.).

88 574 173 615 Ubi
215 576 358 615 autem
399 574 565 615 codices
603 573 726 626 sequi
768 586 853 614 non
886 575 1096 626 poteram,
1144 573 1324 627 vestigia
1366 578 1538 616 secutus
1580 588 1676 617 sum

89 644 155 685 vel
188 644 461 697 optimorum,
506 644 574 685 vel
616 656 722 696 quos
765 644 939 685 omnino
981 657 1199 686 noramus.
1261 645 1404 698 Atque
1445 646 1544 687 hinc
1575 659 1676 699 pro-

89 714 224 756 fectas
257 714 522 756 coniecturas
556 714 719 767 aliquot
761 715 823 755 ita
865 727 1013 755 omnes
1056 715 1246 756 veritatis
1288 718 1413 757 notas
1456 715 1678 756 continere

87 785 284 835 iudicavi,
317 787 365 826 ut
395 786 439 826 in
470 785 610 838 ipsam
643 785 882 826 orationem
914 785 1105 837 recipere
1136 799 1223 827 non
1255 786 1513 827 dubitarem.
1567 785 1678 827 Aliae

89 855 289 908 quaedam
320 857 584 909 suspiciones
618 855 670 896 de
702 854 804 896 locis
837 856 987 908 aperte
1011 856 1234 908 corruptis,
1269 869 1375 909 quos
1399 859 1504 898 nota
1528 856 1678 898 addita

87 927 295 979 insignivi,
344 939 429 967 non
470 925 780 979 improbabiles
819 925 921 966 visae
962 928 1074 975 sunt,
1123 939 1203 967 nec
1241 929 1389 968 tamen
1420 927 1481 968 ita
1513 931 1588 968 aut
1620 927 1676 968 ad

88 997 254 1038 codices
286 997 491 1038 accedere
524 999 599 1037 aut
630 995 843 1037 adiunctis
876 995 1132 1046 confirmari,
1177 1000 1224 1038 ut
1256 1010 1353 1038 cum
1385 997 1466 1038 illis
1499 1010 1677 1050 compa-

88 1067 235 1108 randae
267 1070 423 1108 essent.
478 1067 703 1108 Nonnullae
735 1067 948 1107 universae
980 1067 1085 1108 satis
1119 1071 1246 1109 certae
1279 1069 1550 1117 videbantur,
1584 1067 1674 1118 sed,

89 1137 203 1190 quod
225 1138 268 1178 in
289 1138 432 1190 aliqua
454 1141 576 1190 parte
600 1137 741 1178 dubiae
765 1149 858 1177 esse
880 1139 1082 1189 poterant
1104 1141 1179 1179 aut
1195 1139 1375 1179 nimium
1409 1152 1434 1179 a
1457 1138 1675 1179 codicibus

87 1208 359 1257 recedebant,
407 1209 450 1249 in
489 1209 681 1261 margine
718 1208 944 1261 ponendae.
1008 1208 1090 1249 Illis
1123 1209 1309 1250 litteram
1345 1208 1394 1249 F.
1428 1207 1673 1261 (Fortasse),

86 1279 151 1320 his
183 1292 275 1320 voc.
309 1279 409 1334 Ley.
443 1278 719 1333 (Leqendum)
759 1279 989 1332 praeposui.
1051 1279 1200 1320 Plures
1241 1282 1387 1320 autem
1428 1279 1675 1321 huiusmodi

87 1349 200 1391 locos
226 1351 385 1399 notavi,
419 1351 491 1403 qui
513 1364 591 1403 pro
614 1351 787 1403 integris
814 1351 1066 1398 edebantur,
1101 1363 1234 1403 quum
1261 1350 1455 1391 codicum
1481 1350 1673 1391 omnium

86 1423 161 1461 aut
192 1421 453 1474 optimorum
488 1434 513 1462 a
549 1422 723 1474 vulgata
756 1422 968 1474 scriptura
1001 1421 1302 1473 discrepantia,
1345 1433 1368 1461 e
1407 1434 1494 1474 qua
1524 1423 1674 1461 tamen

85 1503 233 1532 veram
266 1491 494 1533 lectionem
525 1505 612 1533 non
644 1505 854 1543 eruerem,
887 1495 981 1533 tum
1013 1505 1158 1532 rerum
1183 1492 1478 1544 sermonisque
1507 1491 1672 1532 indiciis

87 1562 311 1603 adductus.
390 1563 477 1604 Nec
524 1563 567 1604 id
616 1563 671 1603 ab
719 1564 906 1605 editione
954 1562 1172 1615 discipulis
1220 1562 1435 1603 destinata
1483 1562 1671 1602 alienum

85 1632 325 1681 videbatur,
360 1634 564 1683 confiteri,
599 1634 761 1686 aliquot
793 1634 907 1683 locis,
943 1633 1045 1686 quid
1077 1635 1223 1674 orator
1255 1633 1444 1683 dixisset,
1478 1635 1554 1674 aut
1579 1645 1671 1673 cer-

84 1706 177 1744 tum
208 1717 294 1745 non
327 1717 420 1745 esse
453 1708 529 1745 aut
560 1705 688 1757 plane
720 1705 920 1758 ignorari.

202 1774 523 1827 Disputationes
557 1776 737 1817 aliorum
771 1789 879 1816 meae
913 1774 1138 1816 sententiae
1172 1774 1407 1815 contrarias
1441 1774 1493 1814 de
1526 1773 1670 1814 multis

85 1845 185 1886 locis
208 1858 295 1886 non
316 1846 521 1899 ignoravi,
555 1846 633 1887 sed
659 1846 920 1899 improbavi,
953 1845 1269 1894 nonnullorum,
1305 1847 1351 1885 ut
1374 1844 1669 1893 XVernsdorfii,

82 1915 240 1965 Moebii,
275 1916 582 1968 contempsisse
614 1929 684 1956 me
716 1917 867 1958 fateor.

200 1987 417 2039 Superest,
450 1989 498 2028 ut
525 1987 721 2040 exempla
746 1986 946 2039 quaedam
970 1987 1259 2027 mutationum
1285 1999 1337 2026 ex
1360 1986 1476 2027 omni
1500 1998 1668 2038 genere,

81 2057 238 2110 partim
261 2058 486 2108 maiorum,
516 2058 674 2110 partim
699 2057 921 2105 leviorum,
956 2069 1007 2097 ex
1032 2057 1180 2109 primis
1205 2056 1469 2098 orationibus
1494 2069 1668 2108 ponam,

83 2128 389 2181 explicatisque
421 2130 464 2169 in
501 2129 551 2170 iis
589 2129 732 2170 iudicii
772 2128 855 2168 mei
895 2128 1047 2178 causis,
1096 2128 1251 2168 similia
1297 2140 1366 2168 me
1413 2128 1457 2167 in
1503 2128 1668 2176 ceteris,

82 2212 176 2251 quae
224 2212 439 2251 sequerer,
488 2199 691 2240 habuisse
734 2198 848 2239 credi
887 2198 1074 2248 iubeam,
1124 2211 1261 2251 eaque
1308 2198 1573 2250 exquirenda
1619 2197 1669 2238 iis

81 2269 333 2322 relinquam,
368 2271 439 2323 qui
472 2283 614 2322 operae
646 2270 832 2322 pretium
865 2269 908 2309 in
941 2281 993 2309 ea
1024 2281 1069 2309 re
1102 2281 1147 2309 se
1180 2268 1369 2310 facturos
1401 2269 1609 2321 putarint.

199 2339 414 2381 Orationis
451 2354 528 2393 pro
569 2341 665 2381 Sex,
705 2340 861 2381 Roscio
904 2339 1070 2380 codices
1118 2352 1266 2380 omnes
1313 2341 1507 2380 recentes
1554 2341 1666 2388 sunt,

82 2424 132 2452 ex
170 2425 256 2453 uno
295 2425 382 2453 non
422 2411 537 2452 bono
585 2411 785 2458 derivati,
835 2410 1069 2451 eorundem
1116 2410 1385 2459 mendorum,
1434 2409 1668 2462 interpola-

79 2483 264 2531 tionum,
313 2482 565 2523 lacunarum
613 2481 867 2535 participes,
915 2482 1114 2522 accurate
1163 2481 1305 2522 collati
1350 2480 1467 2530 nulli,
1517 2481 1667 2521 ceteris

81 2553 322 2593 accuratius
355 2552 632 2594 Oxonienses.
695 2552 833 2600 Patet,
876 2565 963 2593 non
1001 2551 1185 2592 multum
1224 2551 1368 2591 valere
1399 2563 1454 2591 ne
1487 2563 1667 2591 consen-

79 2624 257 2664 tientem
305 2623 478 2676 quidem
527 2623 720 2665 codicum
770 2623 1084 2671 auctoritatem,
1137 2622 1478 2674 coniecturaeque
1525 2621 1667 2662 locum

81 2694 273 2746 amplum
305 2693 455 2743 fuisse;
498 2694 574 2735 sed
607 2707 658 2734 ea
691 2694 915 2746 aliquoties
949 2693 1108 2746 apertis
1141 2692 1342 2745 vestigiis,
1375 2691 1591 2733 nonnullis
1623 2692 1667 2732 in

79 2764 180 2805 locis
213 2764 510 2816 probabilibus
552 2765 629 2805 niti
670 2766 860 2816 poterat3
908 2765 951 2804 in
998 2764 1090 2804 aliis
1136 2764 1264 2804 nimis
1304 2765 1427 2804 erant
1467 2764 1665 2811 obscura,

78 2834 196 2875 Velut
227 2835 266 2884 5,
303 2836 369 2884 11,
410 2834 483 2875 ubi
516 2835 746 2875 edebatur:
794 2839 830 2874 te
860 2839 1044 2888 praetore
1083 2833 1132 2874 de
1171 2833 1407 2886 manifestis
1451 2832 1667 2885 maleficiis

80 2904 398 2959 quotidianoque
430 2906 632 2959 scqucine
664 2904 780 2944 haud
812 2905 1026 2945 remissius
1057 2909 1228 2958 sperant
1255 2904 1471 2956 futuram;
1515 2916 1665 2944 verum

1692 1787 1744 1811 118
