1915 3235
818 111 903 152 353

64 240 157 279 roni
189 238 459 280 familiaritas
493 242 597 289 erat,
632 240 786 280 eadem
820 242 912 280 erat
944 240 1034 281 sine
1068 240 1199 282 dubio
1233 254 1330 281 cum
1363 241 1470 294 ipso,
1513 242 1657 292 „Cice-

63 322 213 350 ronem
255 309 380 350 unice
423 309 648 362 diligente“
702 309 807 363 (Nee
850 324 898 351 ex
940 323 982 350 οο
1016 324 1135 351 amor
1166 312 1276 352 inter
1317 325 1391 352 nos
1430 318 1554 355 natus
1587 319 1656 366 est,

63 379 135 420 sed
167 379 275 434 quod
307 384 396 420 erat
428 385 540 421 vetus
571 385 608 421 et
639 394 829 435 magmas,
861 385 1087 435 propterea
1126 382 1287 422 nullum
1311 385 1551 436 periculum
1575 399 1658 439 pro

64 463 126 490 me
159 450 279 490 adire
311 450 529 500 dubitavit,
576 451 633 492 ad
665 451 784 492 Fam.
818 451 906 501 XII,
941 449 1036 503 29);
1077 454 1226 493 contra
1258 456 1374 495 recte
1406 455 1518 497 filius
1553 456 1658 498 ado-

63 521 227 561 lescens
261 520 510 562 Ciceronem
543 521 743 563 dilexisse
783 522 936 563 dicitur
973 524 1151 575 propter
1191 522 1407 566 Ciceronis
1449 528 1492 566 et
1523 527 1658 579 patris

64 591 238 641 Lamiae,
272 592 517 644 aequalium,
552 592 905 633 familiaritatem.
969 592 1254 635 Scribendum
1289 597 1354 636 est
1385 596 1534 649 igitur:
1568 611 1659 651 quse

63 662 168 702 mihi
192 676 291 717 rcum
316 667 442 715 patre
475 663 562 703 eius
594 668 696 704 erat.
755 662 899 713 Quum
931 664 1182 705 aberratum
1217 660 1347 706 055011
1382 680 1473 707 cum
1503 666 1657 719 fratre,

63 735 246 785 utraque
279 732 491 784 scriptura
523 733 566 773 in
599 733 744 774 codice
776 736 1021 775 nostrorum
1061 738 1241 786 parente
1274 735 1501 777 coniuncta
1535 739 1612 778 est.
1627 734 1660 790 l)

182 803 227 844 C.
264 803 329 852 13,
376 804 430 844 529
472 804 630 844 nollem
671 803 875 853 Orellius,
925 804 1096 845 deserta
1136 805 1316 847 Manutii
1357 808 1400 847 et
1438 808 1659 849 Garatonii

64 875 320 923 coniectura,
371 887 502 926 quam
549 876 591 915 111
640 875 802 916 maiore
851 875 1037 916 editione
1085 879 1258 917 secutus
1299 880 1393 918 erat
1433 876 1538 931 (sine
1578 879 1661 919 ullo

62 944 232 996 iudicio,
281 943 440 997 edicto),
489 945 609 986 Bakii
656 946 890 998 recepisset
937 945 1042 998 (sine
1088 947 1171 987 ullo
1210 947 1366 988 iudicio
1407 953 1452 989 ut
1492 948 1660 1001 edicto);

63 1028 165 1056 nam
196 1028 337 1067 neque
371 1015 679 1057 coniunctionis
712 1017 921 1058 iterandae
954 1018 1041 1058 ulla
1074 1020 1167 1058 erat
1200 1031 1343 1068 causa,
1394 1032 1525 1071 quum
1568 1020 1659 1061 sola

63 1086 196 1126 verba
229 1086 289 1126 rei
321 1085 619 1138 indignitatem
653 1087 924 1128 ostendentia
959 1088 1239 1138 variarentur,
1274 1102 1353 1130 nec
1379 1103 1430 1131 ea
1457 1090 1660 1131 coniunc-

63 1156 122 1197 tio
154 1156 224 1197 illo
257 1156 349 1197 loco
382 1157 483 1208 poni
515 1159 697 1209 poterat,
733 1157 806 1197 ubi
835 1160 1206 1200 coacervationem
1231 1160 1402 1201 illorum
1427 1162 1660 1202 verborum

64 1226 351 1279 interrumpit.
429 1227 594 1279 Aperta
641 1230 707 1268 est
754 1241 884 1269 causa
932 1228 1092 1270 additae
1139 1230 1182 1270 in
1231 1230 1376 1272 codice
1425 1232 1660 1286 archetypo

63 1297 305 1350 particulae,
362 1297 404 1337 in
459 1311 544 1350 qua
590 1299 733 1339 nescio
783 1311 858 1339 cur
903 1299 981 1340 viri
1030 1300 1143 1341 docti
1190 1303 1282 1342 tani
1328 1302 1513 1355 religiosi
1562 1303 1660 1352 sint,

66 1381 198 1420 quum
230 1367 349 1409 initio
382 1368 508 1409 huius
543 1369 694 1421 capitis
726 1369 958 1421 repetitum
993 1383 1016 1411 a
1056 1371 1231 1413 librario
1271 1386 1349 1426 quo
1387 1375 1503 1414 recte
1545 1373 1661 1414 dele-

64 1439 216 1479 verint.

184 1509 229 1550 C.
266 1509 339 1558 13,
386 1510 437 1550 31
485 1510 620 1551 codex
661 1510 796 1551 Vatic.
841 1524 939 1551 cum
983 1512 1246 1564 reliquorum
1291 1514 1485 1555 codicum
1533 1514 1661 1567 (Pan,

65 1579 234 1629 Bernn.,
270 1578 456 1631 Oxonn.)
490 1582 725 1634 archetypo
758 1581 1028 1622 consentiens
1063 1584 1174 1635 cogit
1206 1585 1415 1626 scribere:
1450 1585 1551 1639 quid
1578 1586 1664 1626 11000

65 1664 158 1690 mea
189 1651 324 1690 oratio
356 1655 442 1690 tam
475 1652 599 1705 lonssa
632 1657 704 1692 aut
736 1657 821 1692 tam
855 1653 935 1692 alte
969 1655 1142 1706 repetita
1175 1655 1281 1705 velit,
1322 1669 1400 1708 pro
1441 1669 1503 1705 eo,
1547 1657 1663 1709 quod

65 1716 306 1774 Hervagius
339 1722 503 1774 primus
537 1723 682 1773 edidit,
716 1728 799 1763 tam
835 1724 958 1777 {onya
991 1738 1040 1764 (ιο
1071 1729 1157 1764 tam
1191 1726 1292 1774 alte;
1326 1739 1405 1766 nec
1430 1726 1501 1766 illa
1527 1727 1662 1779 scrip-

65 1794 163 1833 tura
194 1793 360 1833 ratione
394 1798 525 1834 caret.
589 1793 967 1843 Quemadmodum
1008 1795 1121 1835 enim
1154 1796 1197 1836 111
1236 1796 1447 1848 negativis
1487 1800 1661 1838 senten-

65 1862 134 1903 tiis
167 1863 306 1903 Latini
339 1877 455 1916 saepe
489 1864 749 1916 disiungunt,
784 1878 880 1917 quae
912 1865 1037 1906 nobis
1071 1866 1368 1919 coniungenda
1402 1865 1660 1920 videntur‘2),

67 1933 125 1973 sic
157 1933 271 1974 idem
305 1934 347 1974 in
380 1935 602 1976 sententiis
635 1935 950 1988 interrogativis
980 1936 1035 1976 ad
1060 1938 1333 1989 negationem
1357 1938 1663 1980 inclinantibus

67 2006 142 2045 aut
182 2005 546 2057 improbationem
589 2006 928 2059 significantibus
970 2006 1062 2047 fieri
1107 2007 1289 2057 videtur,
1339 2008 1412 2049 ubi
1461 2009 1663 2062 distingui

67 2076 263 2116 notiones
296 2078 411 2116 recte
444 2077 631 2129 possint3
670 2090 749 2118 nec
788 2077 924 2118 oratio
957 2077 1085 2130 longa
1118 2091 1289 2131 semper
1322 2081 1388 2120 est
1419 2079 1505 2120 alte
1538 2092 1662 2132 repe-

67 2145 159 2186 tita.
222 2145 296 2186 Illo
328 2147 471 2199 priore
503 2148 633 2188 modo
667 2148 911 2189 defenditur
942 2148 1054 2189 infra
1094 2161 1128 2189 c.
1162 2149 1231 2198 46,
1275 2149 1378 2190 100:
1428 2149 1554 2190 Hanc
1595 2164 1665 2205 eqo

69 2216 195 2269 viam,
242 2216 415 2270 iudices,
464 2219 501 2258 si
540 2223 613 2258 aut
652 2232 846 2272 asperam
886 2224 1006 2274 atque
1046 2219 1227 2260 arducmz
1271 2225 1344 2261 aut
1367 2221 1541 2274 plenam
1581 2235 1665 2262 esse

60 2287 349 2340 periculorum
397 2292 486 2328 aut
534 2288 790 2330 insidiarum
837 2303 991 2344 neqem,
1039 2290 1232 2340 mentiar,
1280 2291 1356 2331 ubi
1404 2291 1662 2333 Garatonius

69 2369 155 2398 non
202 2358 444 2411 ignorabat,
493 2360 588 2400 haec
636 2359 838 2413 distingui
886 2360 1029 2413 aliquo
1076 2360 1205 2402 modo
1252 2375 1394 2414 posse,
1443 2362 1521 2403 sed
1566 2362 1664 2404 ideo

70 2432 190 2482 atque
235 2429 497 2484 requirebat,
547 2430 663 2482 quod
709 2431 752 2471 in
800 2431 1087 2472 affirmatione
1135 2432 1379 2474 necessario
1428 2432 1665 2474 diceretur:

62 2498 194 2551 plena
225 2504 282 2540 est
304 2501 440 2553 peric.
482 2505 603 2555 atque
634 2501 906 2542 insidiarum.
969 2501 1199 2555 Superiore
1237 2515 1365 2543 versu
1398 2503 1532 2544 Vatic.
1567 2517 1665 2545 cum

71 2567 207 2610 Paris.
241 2567 437 2623 (Naug.):
471 2584 522 2611 ne
553 2572 645 2626 quis
676 2576 856 2612 vestrum
885 2571 1008 2624 forte.

107 2741 135 2786 ¹)
161 2745 361 2789 Hervagius
389 2746 492 2789 quasi
520 2757 640 2780 errore
666 2746 849 2780 intellecto
875 2747 987 2782 edidit
1017 2747 1109 2790 (sive
1141 2748 1191 2782 ita
1216 2749 1289 2782 iam
1316 2749 1352 2783 in
1378 2749 1519 2783 Talenti
1547 2749 1667 2783 codice

166 2802 263 2846 fuit):
291 2816 369 2848 quoe
401 2816 480 2838 cum
503 2806 622 2848 fratre
648 2806 736 2838 mihi
760 2806 811 2839 vel
836 2817 915 2839 cum
933 2812 1042 2850 patre
1068 2809 1144 2841 eius
1169 2813 1256 2841 erat.

110 2858 137 2904 ²)
163 2862 240 2896 Vid.
268 2863 401 2907 disput.
430 2863 474 2897 de
500 2863 600 2897 Verr.
627 2875 736 2907 supra
761 2875 795 2907 p.
822 2863 890 2897 344
917 2868 990 2899 not.

1338 2924 1382 2958 23

1681 959 1732 986 456
