1915 3235
114 1030 164 1055 269

938 115 1022 157 218

188 246 626 284 commemoraturum
665 244 817 294 fuisse,
867 257 919 286 ex
958 257 1044 297 qua
1083 244 1208 285 facile
1248 257 1381 286 causa
1418 244 1584 286 diverse
1625 245 1780 298 agendi

188 316 430 366 appareret.
505 314 582 355 His
624 317 714 356 tam
757 316 994 368 perspicuis
1038 316 1318 368 argumentis,
1368 316 1523 368 quibus
1567 315 1669 357 addi
1710 316 1781 357 vix

187 397 294 436 opus
329 387 405 434 est,
454 385 497 425 in
540 386 756 427 nonnullis
800 399 851 427 ex
894 386 1132 428 octodecim
1175 385 1349 427 coloniis
1382 387 1625 428 Latinitatis
1657 388 1779 429 testi-

186 454 330 496 monia
362 455 464 496 alibi
496 456 600 497 satis
635 457 752 498 clara
792 460 975 507 exstare,
1026 459 1073 498 ut
1111 457 1164 498 de
1203 457 1394 510 Spoletio
1434 458 1551 510 apud
1584 457 1668 500 Cic.
1701 471 1780 511 pro

186 525 306 566 Balb.
341 526 410 575 21,
459 526 512 568 de
544 527 745 580 Fregellis
779 527 897 580 apud
928 527 1102 578 multos,
1151 528 1311 581 opponi
1342 541 1429 569 non
1460 531 1615 581 potest,
1665 529 1781 581 quod

186 595 328 637 Livius
362 597 430 647 IX,
465 598 533 647 26,
578 598 652 639 ubi
685 598 911 639 Luceriam
945 598 1177 639 deductam
1210 601 1536 649 commemorat,
1582 599 1779 640 homines

185 667 461 709 abhorruisse
496 683 521 709 α
555 669 792 723 releyundis
824 674 910 709 tam
934 670 1087 723 procul
1127 669 1177 710 ab
1217 669 1335 710 domo
1373 669 1529 710 civibus
1569 670 1679 710 iuter
1716 670 1779 710 in-

186 738 314 779 festas
352 744 490 792 [sentes
532 739 699 789 scribit;
751 741 892 781 vicisse
938 745 1077 780 tamen
1122 741 1380 793 senteutiam,
1429 745 1474 781 ut
1519 741 1781 782 mitterentur

185 809 328 849 voloni.
392 810 501 851 Nam
536 811 690 852 eadem
722 811 993 864 negligentia,
1036 811 1151 863 quod
1183 811 1396 853 inferioris
1429 811 1569 853 aetatis
1602 811 1778 863 homini,

186 882 304 921 cuius
338 884 532 934 tempore
567 882 793 923 etiamtum
827 881 1004 923 coloniae
1036 881 1244 923 militares
1278 882 1448 932 civium,
1482 881 1647 923 Latinae
1679 882 1780 924 olim

184 952 311 993 nullae
345 952 685 1003 deducebantur,
720 953 897 994 coloniae
929 952 1072 1005 imago
1105 953 1160 994 ob
1193 954 1339 995 oculos
1371 953 1512 1006 posita
1540 953 1697 994 civium
1729 966 1782 994 ex

185 1023 290 1064 urbe
337 1023 618 1064 deductorum
663 1023 883 1065 notionem
926 1024 1151 1073 afferebat,
1204 1024 1276 1065 lib.
1309 1024 1376 1074 VI,
1426 1025 1478 1065 21
1525 1026 1687 1075 narrat,
1735 1026 1782 1066 ut

184 1094 305 1147 plebs
339 1094 520 1135 alacrior
552 1095 608 1135 ad
648 1095 811 1136 bellum
851 1108 947 1135 cum
987 1095 1213 1136 Veliternis
1253 1095 1489 1148 gerendum
1530 1098 1657 1145 esset,
1706 1095 1781 1136 tri-

186 1167 374 1207 umviros
407 1166 572 1217 Nepete
599 1166 774 1207 coloniae
801 1166 1067 1207 deducendae
1093 1169 1281 1215 creatos;
1315 1166 1434 1218 atqui
1460 1179 1557 1206 eam
1581 1166 1779 1207 Latinam

185 1238 329 1286 fuisse,
363 1236 454 1289 ipse
479 1236 629 1286 XXIX,
667 1236 720 1277 15
744 1239 943 1278 testatur.
994 1237 1195 1278 Ceterum
1212 1236 1304 1278 fieri
1322 1250 1427 1278 sane
1444 1238 1600 1289 potest,
1630 1250 1781 1289 quem-

184 1307 420 1348 admodum
454 1321 584 1360 supra
626 1308 817 1361 exposui,
867 1310 914 1349 ut
945 1308 1133 1349 Romani
1166 1309 1209 1349 in
1242 1321 1314 1349 eas
1357 1307 1533 1349 nomina
1572 1307 1781 1359 dederint,

185 1378 260 1419 sed
293 1378 464 1419 civitate
498 1378 708 1431 deposita.
723 1375 756 1431 ¹)
819 1379 968 1431 Itaque
1012 1392 1115 1420 casu
1163 1379 1330 1429 accidit,
1378 1381 1426 1419 ut
1472 1391 1559 1420 non
1606 1392 1781 1431 prorsus

185 1449 292 1490 falso
326 1449 485 1490 dictum
520 1449 732 1499 Videatur,
766 1449 801 1490 si
835 1450 886 1490 de
919 1453 1043 1502 parte
1077 1450 1325 1503 accipiatur,
1361 1449 1477 1502 quod
1509 1449 1651 1490 Livius
1677 1462 1792 1491 sane-

184 1533 338 1572 parum
395 1520 663 1561 considerate
718 1520 1111 1573 declamatorioque
1168 1534 1288 1562 more
1344 1520 1538 1562 consules
1593 1520 1782 1562 dicentes

184 1591 347 1632 inducit
379 1591 496 1644 apud
528 1591 692 1643 legatos
727 1591 1004 1642 coloniarum,
1043 1605 1140 1644 quae
1172 1592 1401 1644 pecuniam
1435 1593 1477 1632 et
1508 1590 1664 1631 milites
1696 1604 1783 1632 non

185 1662 363 1711 dabant,
413 1676 493 1702 nou
545 1662 781 1716 Campanos
829 1676 955 1717 neque
1001 1662 1251 1703 Tarentinos
1290 1677 1386 1715 esse,
1434 1662 1506 1703 sed
1543 1662 1783 1714 Romau03;

187 1733 282 1773 inde
329 1733 542 1785 oriundos,
594 1733 689 1774 inde
739 1734 782 1774 m
821 1733 1004 1774 colonius
1042 1738 1163 1788 atque
1201 1734 1247 1774 in
1287 1747 1437 1788 ayt-mn
1477 1733 1577 1774 bello
1616 1737 1782 1786 captum

185 1804 329 1857 ‚stirpis
362 1804 565 1858 (cvcyenslce
598 1818 727 1845 causa
759 1805 917 1845 missos.
975 1804 1198 1846 Romanas
1232 1807 1377 1845 autem
1411 1806 1453 1845 et
1484 1804 1783 1845 Romanorum

186 1876 374 1917 colonias
408 1875 617 1929 appellari
649 1876 841 1925 Latinas,
890 1888 943 1916 ne
991 1876 1093 1927 quid
1137 1875 1311 1917 omnino
1356 1875 1566 1926 omittam,
1615 1875 1675 1917 ita
1718 1878 1783 1917 est

186 1947 421 2000 vulgatum,
462 1952 508 1987 ut
541 1948 737 2000 ineptum
770 1948 824 1988 sit
856 1946 1105 1988 testimonia
1138 1946 1335 2000 colligere
1347 1943 1401 1999 2);
1451 1948 1492 1987 et
1525 1950 1647 1987 erant
1679 1948 1782 1988 totae

185 2018 331 2070 populi
370 2018 573 2059 Romani.
644 2018 844 2059 Ceterum
886 2019 1307 2071 praetermittendum
1355 2031 1441 2059 non
1488 2017 1657 2058 videtur
1703 2017 1784 2059 hoc

185 2089 290 2138 loco,
340 2089 584 2130 Latinitatis
624 2092 773 2131 notam
815 2092 977 2130 certam
1017 2089 1060 2130 in
1100 2089 1274 2131 coloniis
1313 2089 1449 2130 videri
1480 2102 1608 2142 posse
1642 2088 1782 2130 muni-

187 2159 283 2212 cipii
315 2172 475 2200 nomen
507 2162 607 2212 post
639 2160 856 2201 civitatem
888 2160 980 2213 lege
1014 2161 1120 2201 Iulia
1153 2161 1300 2201 datam
1334 2160 1387 2200 de
1419 2160 1468 2201 iis
1501 2159 1702 2212 positum,
1736 2162 1784 2201 ut

186 2244 283 2282 quae
331 2244 383 2271 ex
429 2231 735 2283 peregrinitate
784 2231 827 2272 in
875 2231 1093 2272 civitatem
1136 2234 1322 2284 receptae
1364 2231 1540 2272 coloniae
1580 2233 1782 2272 naturam

187 2302 500 2354 deposuissent,
535 2302 650 2355 quod
682 2303 725 2343 in
758 2302 915 2343 civium
949 2302 1137 2344 colonias
1169 2315 1256 2343 non
1289 2302 1502 2343 ceciderit.
1565 2302 1708 2354 Atque
1739 2301 1784 2343 id

187 2375 328 2413 stante
362 2385 407 2413 re
440 2373 614 2425 publica
646 2375 689 2414 et
721 2373 899 2427 antiquo
931 2373 1135 2426 loquendi
1167 2386 1248 2414 usu
1272 2373 1332 2413 ita
1357 2373 1636 2414 observatum
1661 2375 1779 2426 puto,

188 2445 234 2483 ut
265 2445 413 2483 tamen
445 2446 622 2496 propter
654 2444 892 2498 singulares
926 2458 1079 2486 causas
1112 2444 1343 2496 scriptores
1375 2443 1592 2485 interdum
1623 2443 1667 2484 in
1700 2444 1781 2485 La-

226 2593 253 2637 1)
279 2595 391 2629 Multo
418 2595 538 2629 minus
565 2597 781 2641 reprehendi
807 2597 1015 2631 huiusmodi
1049 2596 1211 2631 confusio
1244 2597 1280 2630 in
1312 2596 1468 2630 Diodoro
1501 2596 1620 2630 Siculo
1651 2598 1782 2640 potest,

283 2654 344 2699 qui
369 2655 461 2695 XIX,
496 2654 564 2688 105
590 2666 611 2689 a
635 2656 811 2690 Romanis
838 2656 1086 2690 Interamnam
1112 2655 1255 2691 πολίτας
1280 2654 1328 2691 εἷς
1353 2652 1525 2686 ἀποικίαν
1550 2654 1678 2688 missos
1704 2665 1782 2688 nar-

282 2717 349 2755 rat,
376 2724 457 2757 quae
482 2713 611 2748 Latina
637 2718 714 2748 erat
740 2714 831 2756 (Liv.
858 2715 983 2756 XXIX,
1011 2713 1079 2757 15).

225 2770 254 2814 ²)
279 2771 354 2806 Liv.
382 2772 474 2813 VIII,
501 2771 539 2805 3:
577 2774 755 2807 Praetores
781 2779 855 2807 tum
882 2775 971 2807 duos
997 2774 1146 2807 Latium
1170 2774 1329 2814 habebat,
1362 2773 1405 2807 L.
1432 2773 1594 2806 Annium
1621 2772 1782 2806 Setinum

283 2836 313 2865 et
331 2832 374 2864 L.
395 2831 600 2864 Numisium
623 2831 865 2875 Circeiensem,
892 2833 993 2867 ambo
1019 2844 1062 2866 ex
1087 2833 1232 2867 coloniis
1249 2833 1434 2874 Romanis,
1453 2842 1523 2875 per
1548 2841 1636 2875 quos
1645 2835 1783 2874 proeter

285 2889 450 2933 Siquiam
486 2890 714 2934 Velitrasque,
741 2896 772 2924 et
799 2892 897 2934 ipsas
923 2892 1080 2926 colonias
1105 2893 1299 2934 Romanas,
1334 2891 1448 2925 Volsci
1472 2891 1579 2924 etiam
1603 2891 1710 2924 exciti
1733 2890 1780 2924 ad

283 2960 388 2982 arma
414 2953 527 2982 erant.

1904 431 1909 438 x
1906 366 1910 370 ν
1903 344 1907 351 ι
1896 191 1915 314 vesanae-2.
