1915 3235
102 1170 153 1196 3υο

930 112 1014 152 316

291 241 582 281 Revertamur
616 240 672 281 ad
705 240 954 290 Caelianam,
990 254 1014 282 a
1050 253 1136 293 qua
1167 240 1210 281 in
1242 240 1336 293 ipso
1369 242 1544 283 exordio
1577 242 1772 295 disputa-

174 311 300 352 tionis
348 313 439 352 tam
479 311 603 364 longe
645 311 824 364 digressi
863 325 1026 361 sumus,
1077 314 1435 364 annotemusque,
1485 313 1599 365 quod
1646 313 1772 354 huius

173 382 341 434 generis
390 383 633 423 extremum
682 382 783 433 erit,
841 382 998 424 codicis
1047 378 1301 424 parisiensis
1349 383 1605 435 scripturam
1657 383 1774 436 apud

174 452 381 493 Orellium
430 454 635 494 omissam
684 454 728 494 in
775 466 810 494 c.
844 454 913 504 27,
963 453 1032 494 65.
1111 452 1262 494 Editur
1309 453 1445 494 enim:
1494 453 1774 495 Potueruntne

172 524 338 564 meliori
377 528 557 577 tempore
581 525 797 578 prosilire,
847 538 973 580 quam
1013 538 1139 579 qurum
1179 523 1373 565 Licinius
1410 525 1613 566 venisset?
1656 525 1773 567 nullo

174 597 325 648 aperto
358 595 473 645 vitio,
514 608 780 648 quanquam,
820 596 895 636 ubi
928 595 1029 636 bono
1062 600 1242 649 tempore
1275 595 1437 648 aliquid
1467 595 1559 636 fieri
1592 595 1772 646 dicatur,

173 669 221 706 ut
253 666 307 707 sit
339 671 581 720 opportuno,
625 667 784 716 nescio,
832 680 912 708 nec
944 667 1032 708 ulla
1063 665 1237 707 aliunde
1269 669 1478 708 annotata
1511 667 1566 707 ab
1601 667 1773 708 editori-

173 736 255 777 bus
303 737 614 778 recentioribus
664 738 888 779 varietate.
952 738 1111 778 Verum
1151 737 1195 777 in
1235 737 1421 778 editione
1461 751 1500 778 a.
1538 738 1649 778 1472
1690 742 1773 779 est:

174 808 338 848 meliori
372 822 490 862 maye
522 814 714 862 tempore,
748 810 791 850 in
823 809 963 850 tribus
997 807 1215 850 codicibus
1241 807 1579 850 Oxoniensibus:
1614 809 1776 850 meliori

175 879 322 933 maqis.
386 879 433 919 ld
466 879 581 920 unde
614 882 757 921 ortum
790 880 857 930 sit,
891 880 1044 933 patefit
1073 879 1323 932 tolliturque
1355 880 1630 932 interpolatio
1662 893 1775 933 prae-

175 949 291 991 clara
323 950 578 992 Parisiensis
611 951 846 1003 scriptura:
890 951 1170 991 Potueruntne
1201 952 1338 1005 mayis
1370 956 1562 1005 tempore.
1625 951 1774 1004 Appa—

174 1023 251 1071 ret,
286 1026 466 1075 tempore
497 1036 575 1075 pro
609 1022 817 1064 adverbio
851 1036 945 1064 esse
981 1023 1106 1075 eique
1139 1022 1337 1074 augendo
1370 1022 1472 1063 addi
1504 1022 1773 1071 adverbium,

174 1092 544 1145 quemadmodum
584 1094 689 1134 satis
730 1098 910 1147 tempore
953 1093 1120 1142 dicitur,
1170 1106 1307 1145 eoque
1350 1094 1536 1134 offensos
1579 1093 1775 1134 librarios

173 1164 447 1205 substantivo
480 1164 741 1205 adjectivum
774 1163 1007 1205 addidisse.
1070 1164 1201 1205 Miror
1233 1167 1393 1215 autem,
1436 1164 1509 1217 qui
1540 1152 1775 1217 interpola-

173 1235 300 1275 tionis
334 1236 514 1288 vestigia
546 1235 590 1275 in
623 1235 908 1276 deterioribus
943 1234 1107 1288 aliquot
1139 1235 1258 1276 libris
1291 1236 1543 1284 manserint,
1578 1235 1621 1275 in
1652 1235 1775 1276 meli-

173 1305 319 1346 oribus
352 1305 644 1348 Bernensibus
678 1306 927 1347 exciderint.

293 1377 379 1418 Sed
411 1377 465 1418 de
497 1379 579 1418 hoc
617 1390 774 1430 genere
814 1377 976 1418 dictum
1018 1379 1096 1418 est.
1160 1377 1316 1418 Cetera
1355 1377 1504 1418 ordine
1545 1389 1774 1429 exponam,

173 1448 381 1489 nonnulla
414 1449 546 1489 etiam
578 1448 825 1498 minutiora,
871 1448 1077 1500 quoniam
1109 1448 1355 1501 graviorum
1389 1450 1607 1501 praerepta
1638 1447 1776 1489 maior

172 1531 275 1571 pars
309 1521 387 1560 est.
437 1520 482 1561 C.
517 1520 556 1570 2,
591 1520 616 1561 3
651 1519 810 1561 editur:
844 1520 929 1559 iam
965 1519 1039 1560 diu
1071 1520 1211 1560 ominus
1245 1520 1287 1559 in
1317 1519 1414 1571 foro
1445 1518 1655 1560 nobiscum
1688 1532 1775 1559 ver-

172 1595 313 1640 satum
347 1591 423 1631 sed
456 1604 607 1632 verum
640 1604 735 1632 esse
766 1590 1067 1645 nobiscumque,
1102 1590 1218 1643 quod
1240 1590 1284 1631 in
1305 1590 1537 1631 Parisiensi
1559 1590 1712 1643 legitur
1734 1592 1777 1631 et

173 1661 465 1703 Bernensibus
499 1675 649 1715 eoque,
685 1663 770 1714 qui,
804 1661 1134 1702 mendosissime
1167 1661 1352 1714 scriptus
1384 1661 1428 1702 in
1459 1662 1541 1702 hac
1567 1660 1774 1710 oratione,

173 1733 229 1773 ad
262 1733 502 1774 Bernenses
535 1736 684 1774 tamen
718 1733 972 1785 cognatione
1005 1733 1183 1783 accedit,
1234 1732 1486 1782 Erfurtensi,
1536 1734 1578 1773 et
1609 1731 1653 1772 in
1686 1731 1775 1772 edi-

176 1804 288 1845 tione
330 1804 375 1845 C.
409 1805 633 1857 Stephani,
684 1803 885 1853 ostendit,
936 1804 1052 1856 quod
1095 1804 1137 1844 in
1182 1804 1442 1845 editionibus
1487 1803 1673 1856 antiquis
1717 1803 1774 1855 (a.

176 1875 288 1915 1472
322 1877 365 1915 et
400 1874 531 1928 1480)
566 1889 618 1916 ex
650 1875 900 1928 vulgaribus
942 1874 1161 1916 codicibus
1203 1875 1397 1916 eiusdem
1437 1874 1660 1927 scripturae
1702 1886 1775 1914 Ve-

172 1945 297 1999 stigia
329 1949 584 1987 manserunt
625 1946 850 1999 (nobiscum
891 1944 1079 2001 quoque).
1143 1947 1196 1987 Et
1240 1946 1463 2000 aptissime
1504 1959 1592 1987 non
1634 1945 1775 1987 solum

172 2018 314 2058 forum
346 2017 543 2058 nominat
576 2021 734 2067 orator,
783 2017 827 2058 in
866 2031 950 2070 quo
992 2017 1249 2059 abundabat
1287 2018 1394 2058 illud
1424 2016 1649 2066 nobiscum,
1698 2016 1776 2057 sed

172 2101 300 2128 usum
335 2101 506 2140 quoque
539 2089 758 2141 privatum
791 2088 1016 2141 significat,
1051 2101 1180 2141 quem
1215 2102 1290 2129 cur
1314 2088 1499 2130 Orellius
1533 2089 1774 2142 neutiquam

172 2158 350 2211 intelligi
384 2159 510 2209 dicat,
545 2173 632 2200 non
666 2159 803 2201 video.
853 2160 957 2201 Erat
982 2160 1136 2202 Caelius
1164 2162 1289 2212 pater
1322 2172 1454 2212 eques
1488 2158 1773 2211 municipalis,

174 2235 220 2270 ut
259 2230 415 2271 Sextus
455 2231 650 2281 Roscius,
700 2234 747 2272 ut
785 2231 917 2284 ipsius
958 2231 1175 2272 Ciceronis
1214 2232 1352 2283 pater.
1367 2227 1399 2282 1)
1469 2230 1574 2271 Post
1612 2242 1773 2282 paucos

174 2314 324 2342 versus
356 2303 514 2351 nescio,
564 2315 639 2342 cur
679 2302 772 2343 illa:
821 2302 1007 2342 habitam
1043 2316 1126 2342 esse
1157 2315 1364 2342 smnmam
1397 2300 1596 2356 lzodz‘eque
1628 2299 1776 2341 haberi

211 2475 239 2519 ¹)
266 2478 332 2511 Vix
359 2481 487 2512 notatu
515 2477 676 2521 dignum.
710 2478 778 2511 nisi
805 2489 850 2512 ne
878 2478 958 2522 quis
984 2478 1231 2512 Bernensibus
1257 2478 1360 2511 codd.
1389 2477 1539 2518 diffidat,
1575 2477 1684 2511 etiam
1711 2476 1774 2510 Pa-

268 2537 327 2570 ris.
356 2548 384 2570 c.
411 2537 444 2577 3,
478 2538 498 2569 6
530 2537 664 2571 habere
697 2543 781 2571 sunt
812 2539 916 2578 enim,
955 2548 1028 2571 non
1054 2538 1191 2570 etenim.
1241 2535 1304 2569 Est
1330 2535 1440 2569 etiam
1466 2536 1502 2569 in
1530 2536 1584 2570 ed.
1611 2547 1642 2570 a.
1672 2534 1772 2569 1472.

268 2596 414 2629 Abusus
447 2599 501 2629 est
534 2594 631 2629 enim
666 2596 774 2630 liuius
806 2596 875 2630 loci
909 2596 1055 2640 vulgato
1090 2595 1223 2629 mendo
1255 2595 1292 2628 E.
1326 2595 1550 2636 Wunderus,
1590 2606 1705 2639 quum
1737 2594 1773 2628 in

268 2658 358 2688 orat.
393 2665 457 2698 pro
490 2654 636 2688 Plancio
671 2654 725 2695 16,
764 2653 809 2687 38
842 2666 885 2689 ex
918 2666 991 2688 uno
1025 2655 1102 2688 cod.
1135 2653 1320 2691 Bavarico,
1361 2653 1596 2688 dissentiente
1628 2654 1773 2694 E1·furt.,

268 2713 406 2747 intulit:
444 2714 525 2746 libet
557 2716 699 2754 etem'm;
740 2724 807 2747 nec
838 2714 960 2748 minus
992 2714 1105 2748 falsus
1138 2716 1192 2747 est
1224 2713 1268 2746 de
1295 2712 1370 2746 Cat.
1398 2712 1430 2754 9,
1457 2712 1513 2755 29,
1540 2712 1602 2747 ubi
1628 2723 1773 2747 summa

268 2771 345 2806 cod.
373 2772 452 2805 Par.
481 2772 724 2815 antiquissimi
751 2772 978 2813 auctoritate,
1019 2783 1063 2806 ne
1097 2772 1255 2816 reliquos
1281 2783 1494 2813 memorem,
1533 2772 1771 2815 redarguitur.

268 2831 338 2874 Qui
364 2841 449 2864 vero
482 2830 621 2865 homini
654 2835 759 2864 acuto
793 2831 964 2865 accidisse
998 2831 1126 2872 dicam,
1165 2834 1205 2865 ut
1237 2831 1283 2865 ad
1316 2831 1423 2865 istam
1455 2831 1493 2864 in
1525 2830 1705 2865 Ciceronis
1737 2834 1772 2864 et

268 2890 503 2934 antiquorum
529 2889 670 2933 scriptis
703 2889 921 2933 pravitatem
955 2889 1211 2924 stabiliendam
1246 2892 1410 2924 uteretur
1441 2889 1644 2923 scholiastae
1676 2888 1772 2923 Vati-

268 2949 348 2983 cani
375 2952 410 2983 et
437 2949 645 2983 intimorum
672 2948 1009 2984 iurisconsultorum
1038 2948 1149 2983 locis?
