1915 3235
947 177 1033 218 602

118 319 169 343 248
188 307 373 348 Velleius
422 306 524 348 dicit
570 306 625 357 ΙΙ,
677 307 751 357 76,
808 309 851 348 et
898 307 1178 348 confirmatur
1230 319 1437 347 numerus
1484 319 1510 347 a
1556 305 1789 348 Plutarcho

189 379 358 431 (Pomp.
393 377 480 430 55),
523 390 651 430 quem
693 380 892 430 apertum
926 380 991 418 est
1023 388 1174 419 omnes
1205 377 1381 426 iudices,
1422 390 1474 418 ex
1506 376 1663 430 quibus
1695 390 1787 418 sor-

186 450 280 491 titio
311 449 447 499 fieret,
481 449 552 490 illo
584 461 766 490 numero
799 448 1192 502 comprehendisse.
1242 447 1329 490 Sed
1360 450 1407 488 ut
1429 447 1473 488 in
1494 447 1576 489 hac
1597 447 1788 490 iudicum

116 525 167 549 24⁹
188 520 369 561 lectione
403 519 620 573 permulta
653 518 787 560 dubia
826 522 868 561 et
907 520 1093 561 obscura
1134 516 1279 571 sunt1)
1320 532 1474 572 neque,
1523 530 1620 571 quae
1659 519 1788 560 huius

186 592 247 632 rei
288 591 429 632 forma
468 593 620 644 postea
663 592 838 632 servata
877 591 945 641 sit,
993 591 1207 640 novimus,
1256 591 1316 631 ita
1356 591 1461 631 satis
1501 592 1669 631 certum
1708 591 1786 640 est,

187 662 303 715 quod
351 662 458 711 dixi,
514 661 644 702 trium
700 661 870 702 illorum
925 675 1132 716 generum
1180 661 1393 714 aequalem
1442 660 1788 702 coniunctionem

281 831 315 861 et
342 837 469 860 eorum
497 825 662 860 decurias
688 825 840 870 scriptas
867 836 888 860 a
920 824 1108 860 sortitione
1139 826 1300 860 iudicum
1334 826 1370 860 in
1405 825 1554 870 singulis
1588 826 1705 860 causis
1739 826 1788 862 di·

281 885 441 930 stinguit.

223 945 251 989 ¹)
280 944 495 979 Generalem
522 943 617 978 hanc
643 943 754 979 fuisse
781 943 942 978 iudicum
975 944 1179 986 lectionem,
1219 954 1292 980 non
1319 944 1365 978 ad
1391 944 1486 978 solas
1511 943 1591 978 illas
1618 944 1662 978 de
1688 944 1787 979 amb-

281 1005 334 1038 itu
361 1008 395 1038 et
420 1003 457 1038 vi
484 1014 622 1043 causas,
656 1002 814 1038 ostendit
840 1003 918 1043 Dio,
952 1014 1018 1037 nec
1045 1003 1242 1047 quicquam
1267 1003 1379 1037 fuisse
1405 1002 1560 1044 videtur,
1594 1014 1658 1037 cur
1683 1002 1787 1039 Pom-

277 1063 392 1108 peius,
419 1062 729 1106 quemadmodum
758 1062 844 1096 olim
872 1061 1045 1096 Servilius
1064 1062 1214 1096 Glaucia
1231 1062 1316 1096 fecit
1333 1062 1370 1096 in
1388 1062 1466 1106 lege
1489 1062 1786 1106 repetundarum,

279 1123 368 1157 alios
395 1133 469 1156 suae
502 1122 571 1165 legi
603 1125 713 1165 atque
746 1121 873 1155 ceteris
905 1121 1043 1155 iudices
1075 1121 1327 1158 constitueret;
1366 1132 1434 1155 nec
1466 1120 1502 1155 id
1534 1124 1597 1156 aut
1629 1121 1788 1155 Velleius

278 1185 341 1216 aut
367 1181 584 1216 Plutarchus
611 1180 824 1224 significant.
863 1180 907 1214 Et
934 1191 1047 1224 quum
1073 1181 1134 1223 illo
1161 1192 1257 1215 anno
1284 1181 1408 1215 omnia
1433 1179 1581 1214 comitia
1604 1180 1655 1214 sic
1672 1183 1788 1215 tracta

278 1244 410 1281 essent,
449 1243 490 1274 ut
522 1239 612 1274 nulli
644 1243 818 1284 praetores
851 1243 988 1281 essent,
1027 1251 1099 1284 quo
1130 1243 1296 1284 tempore
1327 1239 1523 1284 Pompeius
1556 1239 1786 1274 consulatum

279 1300 358 1334 iniit
389 1298 537 1341 (Ascon.
565 1309 704 1342 argum.
732 1298 802 1333 Mil.
830 1310 863 1343 p.
892 1298 985 1341 140),
1024 1302 1064 1333 ut
1096 1299 1229 1334 iudicia
1255 1299 1414 1333 exerceri
1441 1302 1600 1342 possent,
1639 1309 1787 1333 necesse

278 1363 366 1400 erat,
405 1359 482 1403 ipse
517 1357 653 1403 iudices
681 1358 827 1401 legeret.
884 1357 1085 1392 Numerum
1118 1358 1242 1399 alium,
1283 1361 1392 1402 atque
1419 1361 1503 1392 ante
1530 1356 1668 1399 fuisset,
1707 1361 1786 1392 tum

278 1418 529 1458 constitutum,
556 1420 708 1461 apparet
734 1428 777 1451 ex
804 1428 858 1458 eo,
885 1417 982 1461 quod
1009 1420 1083 1451 tam
1111 1418 1302 1461 diligenter
1328 1419 1487 1458 notatur,
1515 1420 1549 1450 et
1576 1416 1653 1450 sine
1676 1416 1786 1451 dubio

277 1477 468 1511 minorem.
521 1475 592 1519 (ΡΞ.
620 1476 765 1510 Sallust.
800 1476 844 1510 de
876 1477 951 1511 ord.
979 1487 1018 1510 re
1044 1488 1077 1520 p.
1105 1477 1147 1518 ΙΙ,
1182 1476 1201 1509 7
1228 1477 1316 1516 vult,
1349 1487 1469 1511 omues
1495 1478 1629 1520 primoe
1660 1477 1787 1510 classis

280 1538 451 1577 iudicare,
478 1537 539 1569 sed
565 1547 712 1569 numero
731 1536 870 1579 plures,
903 1547 1011 1579 quam
1045 1535 1233 1580 (Pompeia
1263 1535 1356 1580 lege)
1389 1534 1572 1577 iudicent.)
1621 1535 1787 1569 Eundem

278 1605 475 1629 numerum
502 1595 614 1629 latere
641 1595 678 1629 in
706 1594 803 1629 Caelii
830 1594 932 1639 epist.
960 1594 1006 1628 ad
1032 1594 1102 1629 Cic.
1130 1593 1186 1636 (ad
1215 1594 1313 1629 Fam.
1333 1593 1428 1637 VIII)
1454 1594 1476 1628 8
1502 1594 1548 1637 (a.
1568 1593 1611 1627 51
1639 1594 1787 1639 scripta)

280 1659 314 1688 et
341 1654 377 1688 in
405 1653 587 1688 Ciceronis
614 1663 671 1698 ep.
697 1653 742 1688 ad
768 1654 843 1688 Ata
871 1653 963 1695 VIII,
999 1653 1042 1686 16
1075 1653 1121 1695 (a.
1149 1652 1219 1696 49),
1253 1654 1359 1688 multi
1386 1654 1457 1688 iam
1486 1654 1658 1698 suspicati
1690 1656 1786 1688 sunt.

284 1712 455 1756 [Eosdem
482 1712 618 1746 iudices
644 1712 714 1746 360
746 1713 783 1749 in
809 1710 879 1747 Cic.
907 1724 962 1757 ep.
990 1713 1034 1746 ad
1061 1713 1134 1747 Att.
1162 1713 1221 1754 IX,
1255 1713 1310 1753 13,
1343 1712 1365 1746 4
1399 1712 1475 1747 erui
1507 1712 1599 1746 Adv.
1627 1712 1711 1747 Crit.
1739 1712 1787 1746 ΙΙΙ

285 1785 318 1816 p.
348 1770 444 1814 183.]
496 1771 564 1805 Sed
604 1771 859 1806 difficultatem
897 1772 1045 1813 habent,
1085 1783 1166 1816 quae
1203 1772 1382 1806 Asconius
1421 1772 1457 1805 in
1495 1783 1633 1816 argum.
1666 1771 1787 1805 Milon.

281 1843 315 1876 p.
338 1831 406 1864 148
432 1831 515 1865 Hot.
542 1831 676 1872 scribit,
703 1831 865 1875 primum
892 1823 1005 1865 testes
1028 1843 1094 1876 per
1119 1832 1282 1866 triduum
1309 1831 1451 1866 auditos
1479 1834 1514 1865 et
1540 1834 1619 1865 tum
1638 1831 1787 1865 demum

280 1891 508 1925 sortitionem
529 1891 673 1924 LXXXI
699 1890 862 1924 iudicum
883 1891 1033 1931 factam;
1061 1891 1184 1935 itaque
1210 1890 1246 1924 in
1269 1891 1422 1924 testibus
1443 1890 1633 1925 audiendis
1660 1900 1787 1924 omnes

280 1950 418 1984 iudices
444 1950 527 1984 lecti
553 1949 700 1984 affuisse
726 1949 907 1991 videntur,
947 1949 1044 1993 quod
1077 1950 1251 1993 quoniam
1284 1950 1320 1983 in
1354 1949 1396 1984 iis
1423 1949 1613 1990 iudicibus,
1653 1949 1715 1993 qui
1741 1949 1787 1983 ad

279 2009 404 2043 onmia
428 2009 560 2043 iudicia
585 2009 668 2042 lecti
695 2012 826 2050 essent,
860 2008 937 2042 fieri
963 2019 1036 2042 non
1063 2009 1206 2043 videtur
1231 2009 1404 2053 potuisse,
1438 2012 1479 2042 ut
1504 2009 1541 2042 in
1569 2008 1686 2042 causis
1713 2019 1786 2042 om-

279 2068 386 2102 nibus
413 2079 539 2102 omnes
566 2068 719 2102 testibus
746 2068 937 2102 audiendis
964 2079 1112 2112 operam
1140 2068 1280 2108 darent,
1319 2067 1482 2112 suspicor
1514 2068 1552 2101 in
1589 2067 1651 2101 illa
1682 2067 1726 2101 de
1752 2067 1787 2101 vi

281 2127 493 2171 quaestione,
527 2138 608 2171 quae
634 2130 737 2161 extra
762 2127 928 2161 ordinem
955 2127 1081 2161 habita
1107 2130 1172 2168 est,
1211 2126 1349 2171 aliquid
1375 2126 1558 2170 singulare
1584 2126 1706 2167 fuisse,
1745 2129 1787 2160 ut

278 2186 473 2230 Pompeius
500 2186 636 2220 iudices
663 2186 708 2219 ad
735 2197 817 2224 eam
842 2186 1039 2230 separatim
1065 2185 1201 2230 legerit.
1242 2184 1519 2229 [Difficultatem
1545 2196 1619 2220 non
1640 2185 1788 2219 sustulit

284 2244 624 2289 Osenbrueggenius
665 2245 709 2279 ad
748 2245 819 2279 Cic,
852 2249 941 2279 orat.
981 2256 1045 2289 pro
1077 2245 1148 2279 Mil.
1181 2257 1214 2290 p.
1241 2244 1287 2278 47
1324 2256 1444 2289 neque
1482 2244 1712 2288 Goettlingius
1749 2243 1786 2278 in

280 2304 432 2338 historia
457 2304 708 2338 institutorum
740 2304 791 2339 rei
818 2316 851 2349 p.
878 2305 984 2339 Rom.
1011 2316 1044 2349 p.
1071 2304 1140 2338 482
1167 2308 1201 2339 et
1226 2303 1307 2339 483.
1358 2304 1601 2339 Coniunctum
1627 2314 1712 2338 cum
1736 2302 1787 2336 in-

280 2363 415 2397 usitata
441 2363 509 2397 hac
535 2363 653 2398 forma
679 2364 800 2408 aliquo
833 2364 941 2398 modo
975 2364 1129 2405 videtur,
1162 2363 1258 2407 quod
1292 2363 1410 2398 Caesar
1434 2363 1474 2397 B.
1503 2363 1538 2397 C.
1566 2363 1627 2403 ΙΙΙ,
1655 2362 1674 2395 1
1702 2373 1786 2406 que-

280 2423 381 2459 ritur,
409 2423 576 2456 homines
602 2423 680 2466 lege
705 2422 879 2467 Pompeia
905 2420 1065 2456 ambitus
1097 2422 1289 2456 damnatos
1322 2433 1410 2460 esse,
1445 2424 1528 2456 aliis
1560 2422 1788 2455 audientibus

279 2482 468 2519 iudicibus,
503 2482 586 2515 aliis
619 2483 830 2516 sententiam
861 2483 1075 2525 ferentibus;
1113 2481 1182 2515 nisi
1208 2482 1276 2515 hoc
1302 2481 1459 2525 pertinet
1484 2481 1529 2515 ad
1554 2480 1788 2515 reiectionem

281 2540 343 2574 XV
377 2540 538 2574 iudicum
576 2544 657 2584 post
696 2540 879 2575 orationes
911 2544 1164 2575 accusatorum
1197 2544 1232 2575 et
1264 2544 1503 2585 patronorum
1535 2540 1670 2578 factam
1701 2536 1786 2583 (vid.

282 2600 412 2633 Ascon.
432 2610 466 2642 p.
487 2598 580 2640 148),
608 2600 653 2633 ad
680 2611 791 2644 quam
818 2599 1009 2634 referenda
1035 2602 1088 2633 est
1115 2600 1226 2633 etiam
1252 2599 1437 2634 Plutarchi
1463 2600 1508 2634 de
1533 2598 1658 2633 Planci
1678 2608 1788 2632 causa

281 2661 316 2692 et
357 2657 504 2691 Catonis
542 2658 637 2692 facto
677 2659 838 2693 narratio
876 2658 1002 2702 Pomp.
1030 2657 1086 2699 55,
1126 2658 1202 2693 Cat.
1234 2658 1319 2692 Min.
1351 2658 1407 2693 48.
1465 2658 1571 2701 Quod
1609 2657 1786 2692 Asconius

282 2728 314 2760 p.
343 2715 410 2748 147
443 2715 580 2753 iudices
612 2727 633 2749 a
664 2716 838 2760 Pompeio
869 2719 1073 2761 propositos
1106 2717 1202 2759 dicit,
1241 2721 1338 2752 recte
1370 2716 1709 2761 Osenhrueggenius
1742 2716 1788 2750 ad

281 2775 351 2809 Cic.
379 2786 445 2819 pro
471 2774 542 2808 Mil.
569 2785 603 2818 p.
629 2774 675 2807 46
701 2775 902 2819 intelligere
934 2775 1079 2810 videtur
1111 2776 1155 2810 de
1187 2776 1397 2810 nominibus
1430 2776 1608 2810 lectorum
1641 2775 1679 2809 in
1705 2774 1787 2809 albo

283 2837 317 2868 et
343 2834 470 2868 tabula
495 2833 698 2878 propositis.
745 2833 867 2868 Manet
893 2834 1068 2868 molestus
1094 2845 1181 2869 usus
1207 2834 1356 2879 genitivi
1382 2835 1419 2869 in
1445 2834 1501 2868 his
1527 2833 1664 2868 verbis:
1691 2834 1786 2868 Alio-

280 2905 364 2927 rum
396 2903 532 2936 quoque
557 2893 716 2926 iudicum
751 2912 791 2916 —
828 2894 1018 2937 Pompeius
1044 2895 1132 2928 tales
1156 2896 1354 2938 proposuit.
1412 2891 1530 2936 1842]
1582 2891 1715 2936 [Recte
1747 2892 1785 2930 L,

279 2952 402 2996 Lange
436 2954 471 2985 et
505 2951 662 2986 Cobetus
696 2951 838 2986 restitui
871 2952 1074 2987 iusserunt:
1101 2953 1232 2987 Album
1257 2964 1394 2997 quoque
1420 2954 1579 2986 iudicum
1606 2970 1648 2975 —
1681 2951 1787 2986 Pom-

273 3013 382 3054 peius
408 3011 477 3044 tale
497 3012 691 3054 proposuit
718 3008 800 3053 cet.]
