1915 3235
109 1745 159 1768 447

940 120 1023 160 346

183 252 343 302 specto,
378 249 493 302 quod
526 249 653 301 quale
686 249 752 299 sit,
786 249 962 302 intelligi
995 248 1125 289 etiam
1161 262 1211 289 ex
1245 262 1279 289 c.
1305 249 1374 299 44,
1410 249 1464 290 96
1489 251 1632 301 potest
1655 248 1776 302 (Rem

183 321 338 375 <laceris
361 320 619 373 praeclaram
662 320 865 361 iuventuti
907 320 964 361 ad
1003 319 1259 372 discendum,
1307 334 1379 360 nec
1417 319 1521 359 mihi
1560 319 1773 372 difficilem

184 391 241 431 (cd
271 389 616 445 perdocendum),
666 390 734 431 via
782 393 934 443 aperta
983 393 1047 431 est
1094 390 1150 431 ad
1189 391 1416 431 veritatem
1457 390 1776 432 inveniendam.

182 463 307 503 Latet
340 461 453 502 enim
487 461 528 502 in
569 460 660 502 istis
701 461 851 502 litteris
894 461 1142 502 terminatio
1185 461 1444 502 substantivi
1480 461 1632 502 dativo
1676 474 1777 502 casu

182 533 322 586 positi,
358 532 477 573 cuius
510 532 675 584 reliqua
706 545 807 585 pars
841 533 883 573 in
917 532 1062 573 codice
1095 533 1331 585 arehetypo
1363 533 1540 584 propter
1573 545 1777 585 compen-

183 605 301 645 dium
334 604 558 656 scripturae
591 602 762 643 difficile
796 603 980 644 aliamve
1015 603 1070 644 ob
1105 615 1281 644 causam
1316 602 1565 644 oblitterata
1589 603 1664 652 sit,
1698 616 1777 644 nec

182 675 224 716 id
258 675 374 715 aliud
407 675 498 724 fuit,
533 688 664 727 quam
698 675 813 727 quod
845 675 980 715 altero
1014 674 1105 715 loco
1139 675 1204 714 est
1228 674 1429 725 positum,
1463 674 1678 714 iuventuti.
1728 674 1776 714 In

181 746 405 787 tribunatu
446 747 635 798 primum
674 747 864 795 iuvenes,
913 744 1279 797 quemadmodum
1329 756 1374 784 se
1421 744 1464 784 in
1511 757 1556 785 re
1604 744 1776 797 publica

181 817 341 869 gesturi
375 819 530 867 essent,
572 812 920 869 ostendebant.¹)
984 815 1118 857 Paulo
1157 816 1255 867 post
1287 814 1330 855 in
1362 815 1428 856 his
1461 815 1624 856 verbis:
1674 815 1778 855 mihi

181 888 231 927 de
262 887 410 928 iisdem
443 887 564 928 rebus
597 901 679 928 esse
713 887 912 939 arbitror,
960 888 997 927 se?
1029 900 1110 927 non
1147 885 1340 925 subtilius
1372 885 1687 939 disputandum,
1737 891 1779 927 at

181 963 299 1012 certe,
342 958 511 1011 iudices,
560 958 766 999 dolentius
798 957 1118 1012 deplorandmn,
1167 958 1213 997 ut
1247 957 1459 997 assentiar
1492 957 1625 998 codici
1657 957 1777 997 Pari-

181 1029 309 1070 siensi
343 1027 515 1082 (Naug.)
550 1031 592 1070 et
624 1029 717 1070 cod.
752 1029 797 1071 C.
832 1029 980 1082 Steph.
1015 1028 1271 1079 duobusque
1304 1027 1621 1068 Oxoniensihus
1647 1027 1691 1078 C,
1727 1028 1776 1078 T,

180 1100 439 1141 vocabulum
473 1100 631 1140 iudices
664 1100 920 1149 delentibus,
956 1099 1058 1140 facit
1090 1099 1402 1148 incommodus,
1443 1101 1491 1138 ut
1522 1098 1627 1139 mihi
1659 1098 1777 1139 vide-

180 1174 262 1221 tur,
313 1172 403 1212 eius
445 1170 633 1223 positus;
682 1184 822 1223 neque
868 1171 980 1211 enim
1024 1184 1050 1211 a
1092 1169 1313 1222 particulis
1348 1174 1527 1210 atcerte
1559 1169 1614 1219 id,
1664 1169 1779 1222 quod

181 1242 390 1295 superiori
423 1242 686 1282 contrarium
722 1244 798 1291 est,
848 1241 991 1282 divelli
1031 1254 1134 1282 voce
1174 1239 1428 1292 interposita
1468 1253 1594 1292 posse
1629 1240 1777 1289 credo;

180 1326 259 1354 nec
292 1313 379 1354 ulla
412 1314 477 1354 est
509 1313 590 1354 hoc
623 1313 716 1354 loco
749 1313 910 1353 iudices
945 1311 1231 1364 compellandi
1261 1324 1405 1361 causa,
1439 1324 1526 1352 non
1556 1311 1777 1352 exordium

181 1383 360 1424 alicuius
394 1383 486 1433 loci,
526 1397 613 1424 non
646 1384 876 1433 conclusio,
911 1396 998 1424 non
1030 1383 1250 1432 transitus
1291 1395 1378 1423 non
1410 1383 1453 1422 in
1484 1395 1530 1422 re
1563 1394 1778 1423 memora-

181 1454 254 1495 bili
288 1454 531 1496 animorum
566 1455 780 1495 excitatio.
844 1454 980 1495 Paulo
1014 1453 1125 1494 infra
1157 1466 1297 1503 voces,
1342 1466 1438 1505 quae
1473 1452 1528 1493 ab
1561 1452 1779 1505 Hervagio

180 1525 481 1579 Naugerioque
514 1525 695 1566 adiectae
729 1527 840 1575 sunt,
874 1525 1097 1565 insolenter
1129 1529 1176 1574 et,
1211 1537 1338 1573 nunc,
1373 1524 1651 1565 dissentiente
1686 1522 1778 1564 cod.

180 1595 427 1646 Parisiensi,
461 1599 644 1649 apparet
677 1609 853 1649 prorsus
886 1596 1194 1636 recentissimae
1229 1609 1324 1636 esse
1352 1595 1539 1647 originis,
1573 1597 1690 1636 ortas
1723 1595 1778 1635 ab

182 1680 246 1717 eo,
288 1667 360 1719 qui
399 1680 478 1707 nec
510 1681 552 1708 se
583 1667 735 1720 offerre
767 1666 882 1707 nude
915 1667 1121 1719 probaret
1154 1669 1196 1713 et
1228 1666 1440 1719 asyndeto
1473 1665 1777 1706 offenderetur.

183 1738 268 1779 Sed
299 1752 340 1778 se
373 1737 536 1791 offerre,
586 1738 702 1790 quod
740 1738 895 1778 mediae
937 1740 1001 1778 est
1041 1737 1376 1790 significationis,
1424 1736 1484 1777 iia
1524 1738 1684 1785 tamen,
1734 1738 1780 1776 ut

182 1811 353 1861 sponte,
410 1822 497 1849 non
545 1822 647 1849 casu
695 1810 969 1850 occurrentes
1018 1808 1329 1861 intelligantur,
1388 1809 1504 1847 recte
1559 1807 1639 1848 hoc
1688 1806 1779 1847 loco

182 1881 356 1933 ponitur
389 1880 557 1921 adiecto
590 1879 725 1920 altero
760 1879 829 1920 illo
862 1880 1140 1927 insectatum-3
1189 1878 1443 1932 asyndeton,
1485 1876 1601 1929 quod
1637 1876 1706 1917 hic
1738 1876 1780 1917 in

182 1950 324 1992 i‘erbis
374 1954 439 1991 est
481 1950 674 1991 eiusdem
714 1963 838 2003 paene
879 1949 1214 2002 significationis,
1263 1949 1306 1989 in
1353 1947 1473 1988 brevi
1521 1950 1563 1988 et
1610 1947 1780 1988 concisa

183 2022 389 2071 oratione,
424 2021 535 2063 infra
569 2034 602 2062 c.
638 2022 676 2071 9,
720 2022 774 2062 22>
807 2021 849 2061 in
882 2021 1164 2062 substantivis
1198 2022 1279 2061 est:
1317 2019 1437 2072 fal-sa
1468 2019 1672 2072 opinione,
1714 2032 1779 2058 er-

182 2106 276 2133 rore
308 2092 535 2133 hominum.

302 2164 435 2204 Venio
473 2163 529 2204 ad
570 2163 710 2204 locum
758 2163 799 2203 in
849 2162 1108 2204 editionibus
1157 2161 1393 2202 foedissime
1441 2161 1690 2212 corruptum
1739 2161 1781 2199 et

184 2234 490 2287 interpolatum
523 2233 565 2274 in
598 2233 717 2274 initio
752 2233 903 2286 capitis
936 2233 1120 2286 septimi,
1167 2232 1286 2273 cuius
1325 2233 1419 2272 haec
1452 2235 1517 2271 est
1548 2230 1592 2270 in
1624 2229 1780 2271 codici-

184 2306 265 2346 bus
310 2305 542 2357 scriptura:
595 2304 753 2345 Fuerat
796 2305 866 2344 ille
899 2318 1036 2344 annus
1068 2308 1153 2344 tam
1187 2304 1231 2343 in
1270 2316 1314 2342 re
1345 2316 1387 2355 l).
1421 2301 1579 2342 iudices
1612 2299 1779 2354 (Pake

184 2375 349 2428 vulgari
381 2375 539 2416 mendo
572 2375 770 2425 videlicet,
819 2375 955 2416 Paris.
990 2377 1032 2415 et
1064 2375 1200 2427 Naug.
1234 2370 1455 2424 omittunt)
1499 2385 1624 2426 quam
1664 2370 1779 2424 (Par.

184 2444 297 2500 qum)
329 2447 375 2485 in
406 2460 556 2499 musmo
588 2451 699 2486 motu
732 2445 843 2497 (cod.
877 2446 919 2486 S.
953 2445 1060 2486 Vict.
1093 2435 1215 2494 metu,
1250 2441 1473 2495 mendose)
1499 2448 1534 2483 et
1557 2443 1781 2483 multorum

184 2517 329 2556 timore
361 2517 541 2556 attentus
574 2530 699 2557 arcus
733 2517 774 2556 in
808 2530 870 2556 me
902 2530 1045 2568 unum,
1084 2517 1190 2556 sicut
1221 2515 1341 2568 vzdyo
1373 2514 1517 2568 igmarc'
1549 2526 1691 2553 rerum
1724 2513 1779 2553 lo-

185 2586 429 2641 quebantur,
469 2601 514 2626 re
546 2587 711 2641 quidem
744 2602 844 2627 vera
876 2587 921 2627 in
952 2587 1192 2626 universam
1226 2599 1310 2625 rom
1338 2584 1567 2638 publicam,
1612 2582 1780 2623 traduc-

184 2659 292 2698 tione
340 2657 397 2697 ad
436 2657 596 2710 plebem
642 2657 870 2710 furibunde?
916 2657 1096 2697 hominis
1143 2670 1191 2697 ac
1235 2655 1394 2709 perditi
1441 2659 1521 2695 cet.
1599 2653 1668 2694 Ab
1715 2653 1780 2694 his

184 2727 374 2780 vestigiis
408 2727 517 2768 adeo
551 2728 840 2769 discesserunt
880 2727 1078 2775 editoreS,
1127 2729 1174 2767 ut
1222 2739 1273 2766 ex
1315 2730 1398 2765 tam
1444 2727 1487 2765 et
1528 2738 1653 2778 quam
1692 2724 1780 2763 sive

225 2889 251 2934 ¹)
278 2892 318 2925 ln
344 2891 517 2935 proximis
544 2890 662 2924 verbis
689 2891 891 2925 tollendum
918 2902 995 2925 esse
1022 2892 1174 2934 quidem,
1208 2888 1280 2923 dixi
1312 2888 1347 2922 in
1375 2888 1515 2922 dissert.
1548 2888 1592 2921 de
1625 2886 1780 2921 Caeliana

280 2961 389 2994 supra
415 2962 450 2994 p.
478 2949 556 2983 407.
