1915 3235
877 121 929 161 79

110 253 165 293 ad
196 250 359 293 AEneid-
393 251 410 291 Ι
442 265 480 292 v.
515 250 595 291 601
632 247 766 301 (605),
815 253 1012 305 denique,
1060 253 1107 290 ut
1145 251 1237 302 ipse
1269 248 1469 290 Osannus
1503 248 1693 295 coniecit,

111 336 136 363 a
166 322 385 363 Prisciano
421 319 512 363 VIII
542 336 584 375 p.
619 325 702 365 792
733 327 781 367 Ρ.
815 325 905 377 (ubi
943 322 1068 374 vulgo
1109 323 1173 361 est
1205 319 1390 373 Alpheus
1422 316 1695 372 Philoloyus);

109 406 212 434 nam
245 391 359 444 quod
392 404 417 432 a
449 391 598 434 Servio
630 395 685 435 ad
717 395 883 437 AEneid.
916 394 946 443 Ι,
987 392 1072 433 273
1113 394 1155 433 et
1184 391 1233 440 V,
1273 391 1330 431 45
1367 390 1518 430 Ateius
1557 387 1695 429 nomi-

109 466 238 504 natur
269 462 528 514 simpliciter,
562 464 597 504 is
622 465 774 518 Capito
798 466 967 507 videtur
991 476 1096 512 esse,
1131 463 1253 514 longe
1279 460 1493 508 illustrior,
1529 472 1553 499 a
1578 459 1696 499 cuius

111 533 485 574 Coniectaneorum
519 539 772 586 argumento
803 549 890 577 non
922 534 1169 582 abhorrent,
1218 545 1314 584 quae
1356 532 1415 572 ibi
1454 529 1697 570 traduntur.

110 603 231 644 Unus
278 608 475 655 superest
505 605 628 646 Plinii
670 607 844 648 Maioris
891 607 1008 647 locus
1055 604 1099 644 in
1144 602 1283 643 indice
1331 604 1556 642 auctorum
1602 599 1699 639 libri

111 673 280 722 XXXII,
313 674 388 714 ubi
420 673 471 714 L.
494 674 609 716 Ateii
640 678 813 718 nomine
845 677 958 717 hunc
980 674 1248 726 Philologum
1281 672 1543 725 significasse
1566 669 1700 710 videri

112 746 267 796 potest.
337 744 437 785 Eius
478 758 532 786 ne
571 746 702 788 libros
742 747 915 800 quidem
955 745 1112 786 multos
1152 742 1427 796 superfuisse,
1477 754 1529 782 ex
1566 740 1700 792 ipsius

113 814 303 855 Suetonii
336 814 478 856 verbis
510 817 686 870 intelligi
718 820 861 871 potest
894 816 960 869 (ex
992 814 1299 855 commentariis
1329 814 1428 864 eius,
1463 823 1702 867 quanquam

106 885 357 938 paucissimi
389 885 572 938 eoestent).
635 888 723 929 Nec
756 901 872 937 sane,
915 899 1010 939 quae
1044 885 1161 938 apud
1192 884 1497 937 grammaticos
1531 883 1702 922 exstant

115 954 404 996 didascalicon
437 956 692 1009 fragmenta,
742 972 794 999 ex
829 956 1104 1011 grammatici
1137 954 1348 996 eiusmodi
1381 954 1540 1006 scripto
1573 953 1704 992 citata

116 1038 210 1066 esse
241 1029 436 1078 possunt.
498 1027 750 1070 Afferuntur
783 1029 896 1070 enim
929 1028 1159 1068 verborum
1192 1026 1431 1078 priscorum
1465 1026 1508 1064 et
1538 1023 1704 1075 poetice

115 1095 311 1137 fictorum
344 1096 603 1149 (redhostire,
644 1101 881 1151 inimiciter,
922 1098 1130 1149 temerius,
1164 1109 1384 1149 perperus,
1416 1092 1704 1148 perper-itudo,

107 1166 368 1219 ponderitas,
401 1169 538 1208 statim
573 1183 650 1221 pro
683 1170 892 1221 ordinate)
925 1168 1217 1215 auctoritates,
1251 1179 1358 1219 quas
1392 1178 1478 1206 non
1511 1177 1563 1204 ex
1594 1163 1704 1204 illius

115 1238 282 1288 generis
314 1237 432 1278 libris
464 1241 723 1291 posteriores
756 1236 1070 1294 repetebant.¹)
1125 1239 1212 1279 Nec
1245 1238 1488 1290 quisquam,
1522 1234 1595 1286 qui
1620 1246 1706 1274 non

115 1307 249 1348 hebes
272 1309 338 1357 sit,
372 1309 415 1349 in
436 1309 516 1350 illis
542 1310 772 1363 Falsiclica,
807 1311 952 1352 audax
974 1313 1052 1351 cet.
1086 1307 1417 1362 grammaticum
1441 1304 1707 1347 Ciceroniani

116 1379 335 1430 temporis,
383 1380 460 1420 sed
497 1382 645 1434 tragici
684 1384 840 1423 veteris
880 1380 1094 1423 scribendi
1126 1392 1260 1432 genus
1294 1378 1511 1430 agnoscet.
1573 1376 1707 1427 Prag-

118 1449 373 1490 maticorum
398 1464 569 1503 quoque
592 1452 733 1493 locum
757 1453 915 1494 Gellius
938 1452 1029 1501 XX,
1063 1452 1089 1492 3
1122 1450 1250 1503 plane
1282 1449 1341 1489 ita
1374 1449 1478 1488 citat
1499 1449 1706 1498 tanquam

118 1520 273 1560 veteris
313 1523 466 1572 poetae,
515 1535 643 1575 quem
692 1524 887 1576 explicet,
936 1535 1023 1563 non
1069 1520 1353 1575 grammatici,
1403 1532 1455 1559 ex
1494 1530 1578 1570 quo
1617 1529 1710 1557 rem

120 1590 268 1632 discat.
317 1591 403 1633 Sed
435 1593 487 1633 de
521 1592 724 1635 Cicerone
757 1597 799 1635 et
822 1594 1014 1635 Varrone
1047 1605 1114 1633 res
1148 1593 1278 1633 etiam
1305 1589 1505 1643 apertior.
1555 1587 1711 1629 Censet
1731 1601 1763 1626 99

120 1660 334 1711 Osannus,
375 1662 488 1704 Ateii
520 1664 669 1705 florem
702 1665 900 1705 incidisse
934 1665 976 1704 in
1008 1664 1196 1715 priorem
1230 1663 1328 1702 vitae
1361 1659 1577 1701 Ciceronis
1610 1671 1710 1711 par-

120 1734 221 1782 tem,
254 1733 430 1774 ioculari
462 1747 637 1786 prorsus
671 1738 939 1788 argumento,
974 1734 1089 1787 quod
1116 1734 1290 1774 Asinius
1315 1731 1432 1783 apud
1457 1730 1710 1771 Suetonium
1769 1757 1771 1759 ·

119 1803 293 1844 Ateium
318 1805 508 1857 primum
540 1806 650 1846 inter
689 1806 911 1847 Romanos
951 1804 1159 1857 Philologi
1199 1814 1437 1855 cognomen
1478 1800 1712 1841 adscivisse

121 1874 265 1914 tradat
307 1873 440 1927 (quod
477 1889 531 1916 ne
574 1877 707 1917 tradit
749 1877 936 1929 quidem,
985 1875 1061 1916 sed
1103 1879 1272 1915 tantum
1316 1885 1414 1913 eum
1459 1871 1711 1918 adscivisse,

123 1945 201 1985 etsi
243 1944 348 1985 illud
386 1958 536 1987 verum
581 1946 675 1999 est),
725 1948 872 1988 Cicero
912 1951 1058 1988 autem
1097 1945 1173 1997 Ep.
1209 1944 1263 1984 ad
1295 1943 1384 1983 Att.
1418 1942 1525 1990 XIII,
1577 1942 1630 1981 12
1663 1954 1713 1982 eo

122 2015 294 2056 nomine
318 2021 366 2056 ut
388 2017 640 2070 pervulgato
666 2018 751 2059 iam
776 2020 935 2058 utatur.
985 2017 1097 2058 Sane
1117 2016 1264 2057 Cicero
1282 2014 1368 2054 liceo
1386 2015 1713 2061 φιλολογώτερα

124 2086 244 2135 dicit;
293 2087 439 2139 itaque
486 2086 700 2137 Osannus,
750 2089 785 2130 si
836 2088 1103 2129 considerate
1151 2085 1405 2137 scripsisset,
1453 2084 1712 2124 vocabulum

124 2158 312 2205 φιλόλογος
353 2158 407 2198 ab
454 2158 580 2199 Ateio
627 2159 849 2200 inventum
895 2158 1112 2199 videretur
1158 2155 1345 2196 credere.
1420 2154 1523 2195 Erat
1564 2154 1714 2195 Ateius

123 2227 299 2269 Antonii
323 2228 559 2280 Gniphonis
592 2229 839 2281 discipulus.
889 2228 1124 2281 Gniphonis
1149 2228 1295 2267 autem
1321 2228 1426 2266 aetas
1453 2238 1549 2266 cum
1574 2226 1714 2278 priore

127 2298 341 2340 Ciceronis
373 2299 473 2339 vitae
505 2301 629 2352 parte
663 2299 751 2340 fere
786 2299 992 2353 congruit,
1026 2299 1097 2350 qui
1130 2310 1262 2350 quum
1288 2296 1491 2337 Cicerone
1515 2300 1713 2348 praetore.

125 2368 169 2409 id
213 2371 289 2419 est,
337 2369 396 2410 40
428 2383 563 2411 annos
602 2372 719 2419 nato,
769 2371 996 2411 etiamtum
1038 2368 1203 2418 vixerit,
1251 2380 1331 2408 nec
1373 2367 1547 2408 omnino
1591 2366 1714 2418 quin-

130 2441 426 2492 quagesimum
460 2441 599 2481 aetatis
633 2454 795 2482 annum
829 2441 1060 2482 excesserit
1098 2437 1234 2492 (Suet.
1275 2438 1328 2479 de
1360 2437 1416 2478 ill.
1450 2449 1632 2489 gramm.
1675 2436 1714 2484 Τ,

128 2509 203 2551 cfr.
237 2510 406 2551 Schfitz.
439 2511 633 2563 Prolegg.
667 2511 723 2552 ad
754 2511 849 2552 libr.
884 2511 940 2552 ad
971 2508 1270 2561 Herennium),
1314 2509 1464 2549 decem
1497 2520 1715 2548 summum

128 2580 250 2621 annis
283 2580 486 2622 Cicerone
517 2581 654 2622 maior
688 2594 781 2622 esse
814 2582 973 2633 potuit3
1016 2580 1247 2633 discipulus
1287 2584 1433 2620 autem
1467 2579 1606 2620 minor
1639 2578 1736 2619 ali->

166 2765 196 2810 ¹)
221 2768 316 2802 Raro
350 2768 387 2802 in
419 2768 590 2812 singulari
622 2769 744 2812 aliqua
782 2768 898 2802 forma
936 2767 1102 2802 vocabuli
1140 2767 1347 2801 testimonio
1385 2766 1581 2800 utebantur
1618 2768 1716 2798 vetu-

223 2826 376 2860 stiorum
402 2827 734 2871 grammaticorum,
773 2826 835 2870 qui
867 2836 947 2860 eam
974 2826 1095 2860 dedita
1119 2837 1230 2870 opera
1256 2829 1291 2860 et
1316 2836 1354 2859 re
1380 2824 1530 2869 quaesita
1555 2823 1717 2867 posuisse

224 2885 442 2927 viderentur,
481 2886 518 2920 in
550 2896 622 2930 quo
653 2896 784 2929 genere
816 2885 893 2928 ipse
925 2884 1050 2919 Ateius
1081 2885 1288 2928 Philologus
1319 2883 1416 2928 apud
1448 2882 1650 2916 Charisium
1683 2893 1716 2925 p.

225 2943 293 2977 102
319 2944 459 2979 citatur.
