1915 3235
858 127 958 183 ‚409

123 255 261 296 randa
293 254 549 304 necessaria,
583 255 817 307 plurimum
849 259 997 297 tamen
1028 257 1191 298 habeat
1216 258 1439 307 molestiae‚
1474 260 1713 301 confectam

124 325 210 365 iam
244 338 337 366 esse
370 328 413 366 et
452 325 696 366 absolutam
738 326 873 368 laetor.
937 327 1047 368 Nam
1092 327 1144 368 de
1187 329 1387 370 universo
1429 330 1714 372 instrumento

124 395 268 437 critico
301 395 582 448 codicumque
624 398 876 449 cognatione
916 397 1020 438 nihil
1053 399 1118 438 est
1165 398 1280 450 quod
1313 399 1472 440 addam
1505 401 1568 450 iis,
1619 415 1715 454 quae

123 469 215 506 tum
249 465 443 518 exposita
476 468 588 515 sunt,
630 480 763 520 quum
797 468 850 508 de
883 468 1080 508 Sestiana
1112 469 1305 510 oratione
1338 469 1604 522 disputatum
1637 474 1715 512 est.

121 536 204 577 Per
247 536 422 577 easdem
462 537 575 578 enim
623 538 819 579 codicum
867 537 1052 578 familias
1101 539 1363 591 eosdemque
1411 540 1499 581 fere
1548 541 1715 583 codices

127 606 196 647 hae
229 606 284 647 ad
315 620 394 648 nos
427 607 642 649 orationes
675 611 984 660 pervenerunt;
1024 611 1196 650 tantum
1229 609 1444 663 singulare
1477 611 1581 653 illud
1615 624 1715 654 con*-

123 677 348 718 trahendae
397 678 601 718 orationis
649 679 853 729 studium,
902 679 1018 732 quod
1064 679 1108 719 in
1154 680 1460 722 recentissimis
1507 682 1714 724 Sestianae

126 747 344 788 codicibus
377 750 598 788 versatum
632 753 708 797 est,
757 749 836 790 has
881 749 1097 791 orationes
1140 763 1226 791 non
1270 753 1408 804 magis
1451 766 1580 805 quam
1623 754 1716 795 Cae-

124 817 286 858 lianam
335 820 378 859 et
422 818 697 859 Vatinianam
747 821 898 872 attigit.
913 816 946 871 1)
1024 820 1150 870 Quod
1197 824 1343 862 autem
1396 822 1439 863 in
1487 823 1717 865 Vatiniana

126 887 211 928 dixi
243 888 385 929 minus
431 888 655 941 diligenter
697 891 904 943 scriptum
944 890 1076 931 fuisse
1110 891 1245 932 videri
1278 905 1377 933 eum
1411 893 1614 943 codicem,
1665 908 1717 935 ex

123 971 207 1011 quo
238 960 372 1000 nostri
405 973 554 1000 omnes
586 960 815 1010 fluxerunt,
864 973 995 1013 quam
1028 961 1070 1001 in
1103 961 1314 1012 Sestiana,
1363 963 1405 1004 id
1438 964 1491 1004 de
1524 964 1716 1006 oratione

125 1029 177 1070 de
224 1030 453 1082 provinciis
502 1031 797 1071 consularibus
846 1031 934 1071 fere
974 1031 1126 1072 eodem
1164 1031 1293 1074 modo
1327 1034 1604 1075 iudicandum
1637 1038 1715 1082 est,

124 1100 176 1141 de
210 1100 466 1141 Corneliana
499 1102 646 1141 autem
678 1102 813 1143 multo
846 1103 995 1154 magis,
1035 1104 1082 1142 ut
1114 1107 1265 1154 postea
1300 1103 1453 1153 dicam,
1495 1118 1627 1157 quum
1661 1106 1717 1146 ad

126 1183 221 1211 eam
254 1173 432 1212 ventum
466 1172 557 1212 erit.
621 1172 874 1213 parisiensis
923 1186 1093 1225 quoque
1143 1173 1298 1214 codicis
1346 1160 1716 1227 scriptor⁴1ninus

125 1241 348 1294 diligenter
379 1243 423 1282 in
456 1245 638 1295 utraque
677 1243 759 1284 hac
791 1243 985 1284 oratione
1018 1244 1239 1296 exemplar
1271 1245 1540 1297 propositum
1572 1246 1716 1287 reddi-

127 1312 239 1353 disse
271 1312 454 1353 videtur.

245 1382 392 1424 Oratio
432 1383 485 1423 de
527 1383 756 1435 provinciis
806 1383 1102 1425 consularibus
1151 1398 1283 1437 quum
1332 1389 1456 1435 esset,
1507 1388 1716 1439 quemad-

123 1453 301 1494 modum
334 1453 541 1506 proximae
574 1454 816 1506 superiores
861 1457 902 1495 et
940 1453 1216 1507 insequentes
1257 1457 1486 1506 orationes,
1536 1458 1654 1499 initio
1696 1471 1717 1498 e

125 1524 249 1564 malis
283 1524 500 1565 codicibus
535 1525 662 1575 edita,
704 1525 759 1566 ab
792 1525 1022 1578 Hervagio,
1056 1526 1280 1575 Lambino,
1323 1527 1415 1567 aliis
1447 1528 1515 1568 hic
1547 1528 1630 1569 illic
1662 1530 1718 1570 ad

124 1594 349 1635 meliorum
382 1595 512 1636 fidem
544 1599 760 1646 revocata,
795 1610 820 1637 a
853 1596 1034 1637 Grutero
1069 1598 1122 1646 61,
1158 1598 1229 1649 qui
1263 1610 1361 1638 eum
1392 1599 1572 1640 insecuti
1604 1602 1716 1648 511111,

125 1664 359 1705 editoribus
407 1667 670 1719 negligenter
718 1670 760 1708 et
805 1681 938 1720 prave
978 1670 1164 1708 tractata
1213 1666 1286 1720 (—
1325 1681 1426 1709 nam
1460 1666 1717 1711 Garatomus

125 1749 308 1789 quoque⁷
358 1750 490 1789 quum
540 1738 758 1779 codicibus
806 1739 929 1779 bonis
969 1739 1198 1779 destitutus
1240 1742 1354 1779 esset
1392 1752 1470 1780 nec
1510 1743 1625 1780 recte
1665 1741 1718 1780 de

124 1807 186 1856 115,
237 1808 308 1859 qui
357 1808 497 1849 collati
539 1812 673 1858 erant,
723 1810 914 1858 sentiret,
963 1809 1167 1849 iudicium
1215 1812 1360 1850 autem
1408 1823 1485 1851 nec
1534 1811 1716 1851 liberum

125 1878 229 1919 satis
276 1891 356 1919 nec
403 1880 560 1920 subtile
606 1880 649 1920 in
688 1880 830 1920 verbis
870 1879 1179 1932 sententiisque
1220 1880 1437 1932 exigendis
1478 1881 1716 1927 adhiberet,

126 1961 212 1990 non
243 1949 425 1990 multum
466 1950 534 1990 hic
565 1950 747 2003 profecit
781 1949 866 2002 —)‚
907 1950 1012 2000 haec,
1062 1951 1251 2002 inquam,
1302 1964 1432 2003 quum
1467 1952 1527 1992 ita
1560 1955 1716 1998 essent,

126 2019 183 2060 lo.
218 2019 345 2072 Casp.
371 2020 553 2062 Orellius
588 2024 630 2062 et
662 2024 791 2062 antea
823 2022 865 2061 in
897 2021 1061 2062 maiore
1095 2022 1281 2062 editione
1313 2022 1505 2063 nonnihil
1538 2023 1593 2063 ad
1622 2035 1718 2063 eam

126 2090 444 2132 emendandam
487 2092 665 2133 contulit
706 2094 748 2132 et
786 2105 936 2144 nuper,
987 2093 1222 2133 coniunctis
1264 2106 1360 2133 cum
1400 2093 1430 2133 I.
1465 2093 1513 2134 G.
1546 2093 1718 2135 Baitero

126 2161 291 2211 studiis,
332 2175 442 2212 eam,
492 2163 685 2204 adhibito
719 2163 914 2203 codicum
947 2163 1242 2212 Bernensium,
1291 2164 1523 2204 Parisiensi
1556 2164 1719 2205 similli-

126 2245 310 2282 morum,
362 2233 567 2283 subsidio,
615 2233 829 2274 recensuit
872 2246 1152 2286 seorsumque
1195 2234 1327 2274 edidit
1369 2234 1531 2287 (Turici
1574 2235 1717 2288 1833).

127 2302 258 2344 Cuius
292 2316 395 2344 cura
428 2304 629 2344 effectum
663 2306 739 2353 651,
788 2305 836 2344 111
878 2303 982 2344 1111111
1024 2304 1110 2344 iam
1153 2305 1358 2357 pauciora
1399 2305 1581 2346 dicenda
1620 2307 1717 2355 sint,

127 2386 347 2425 quumque
382 2387 445 2423 ea,
480 2387 576 2426 quae
609 2374 858 2426 simpliciter
891 2387 913 2415 e
947 2374 1164 2415 codicibus
1197 2375 1409 2416 sumenda
1438 2379 1573 2425 erant,
1607 2390 1719 2429 prae-

130 2446 255 2496 cepta
287 2444 494 2496 pleraque
526 2446 624 2494 sint,
673 2444 831 2497 saepius
874 2445 993 2485 dubii
1037 2448 1078 2486 et
1119 2445 1175 2486 ad
1214 2446 1490 2487 iudicandum
1526 2447 1719 2488 difficiles

128 2514 207 2555 loci
239 2515 491 2568 attingendi.
555 2516 731 2565 Vellem,
779 2515 843 2556 vir
883 2515 1143 2556 clarissimus
1182 2517 1393 2569 integram
1426 2517 1568 2570 potius
1603 2518 1718 2559 codi-

129 2597 226 2625 cum
259 2585 541 2626 Bernensium
575 2587 797 2639 scripturae
831 2586 1165 2638 discrepantiam
1200 2590 1453 2629 annotasset
1487 2601 1618 2640 quam
1651 2602 1718 2629 56-

166 2769 193 2813 1)
220 2770 407 2815 [Codicum
433 2774 672 2808 Bernensium
707 2773 901 2817 scripturas
934 2774 1087 2808 Orellius
1124 2774 1161 2808 in
1200 2775 1357 2809 editione
1389 2775 1530 2825 ‘maiore
1568 2776 1605 2810 111
1643 2787 1719 2810 ora-

222 2830 319 2864 tione
350 2842 415 2875 pro
447 2833 560 2867 Balbo
593 2833 668 2867 fere
705 2832 887 2873 omiserat,
925 2833 988 2866 sed
1026 2836 1152 2877 postea
1189 2833 1225 2867 in
1263 2834 1474 2878 praefatione
1513 2835 1718 2868 orationum

223 2890 438 2924 selectarum
465 2892 671 2935 quindecim
697 2890 831 2933 (Turici
858 2903 888 2926 a.
909 2890 1012 2934 1836)
1039 2903 1072 2936 p.
1092 2892 1173 2926 XIII
1199 2904 1276 2936 sqq.
1303 2893 1461 2936 integras
1489 2892 1609 2927 edidit.
1649 2893 1717 2926 Eos

224 2949 361 2983 codices
388 2961 534 2993 prorsus
561 2961 580 2984 a
606 2949 799 2984 Parisiensi
825 2950 982 2994 pendere
1009 2961 1106 2985 nunc
1132 2950 1300 2994 constat]
