1915 3235
239 235 346 267 etiam
359 233 402 274 ΙΙ,
430 232 508 267 173.
547 234 597 267 Et
616 233 679 267 ubi
699 233 754 267 his
776 233 861 277 poni
880 233 937 267 de-

238 293 320 326 beat
347 291 426 325 478.
486 292 556 326 Cfr.
589 292 860 327 Coniunctiones
887 304 938 327 co-

238 353 419 395 putativae.

193 412 334 444 Etenim
366 410 525 445 secundo
563 411 642 444 loco
680 422 754 445 non
792 410 939 455 ponitur

239 470 309 503 390
335 474 425 510 not.;
474 470 510 504 in
554 473 769 514 argumento
814 470 939 504 adiun-

243 529 360 572 gendo
392 540 494 573 paene
525 530 680 564 eandem
717 529 792 564 vim
829 530 940 563 habet

241 592 349 632 atque
369 600 495 632 porro,
519 594 697 631 praeterea
723 589 766 629 ΙΙ,
793 587 849 622 30.

193 649 315 681 Etiam
362 648 500 691 positus
543 647 622 681 514.
695 649 818 682 Etiam
866 653 941 681 tum

242 706 430 751 participio
497 717 641 751 semper
710 707 942 751 postponitur

243 765 325 800 498.

196 826 338 858 Evasus
365 828 399 858 et
425 824 556 858 similia
582 825 771 869 participia
796 828 941 859 tantum

245 883 340 928 apud
367 883 511 917 infimos
538 884 730 928 scriptores
756 885 799 925 II,
827 883 905 918 172.

196 943 354 977 Exhibeo
395 954 448 976 me
490 949 670 978 auctorem
718 947 754 977 et
801 944 942 978 exhibeo

244 1007 422 1036 auctorem
460 1013 534 1036 non
573 1002 818 1041 Ciceroniana,
858 1003 943 1037 alte-

244 1073 325 1095 rum
352 1061 567 1104 Quintiliani
593 1061 662 1094 487
689 1065 762 1096 not.

196 1122 359 1164 Escpiare
382 1122 525 1164 famem,
553 1122 784 1164 cupiditatem
811 1120 889 1154 519.

547 1275 592 1316 F.

198 1359 314 1400 Faxo,
339 1359 458 1400 faxim
485 1357 667 1401 quomodo
686 1356 885 1391 formatum
902 1357 945 1397 ΙΙ,

248 1416 303 1460 66,
323 1418 417 1461 apud
438 1429 529 1461 quos
547 1417 590 1458 ΙΙ,
615 1416 659 1450 69
678 1419 752 1450 not.
771 1415 802 1450 3.
842 1417 946 1450 Faaeo

246 1476 311 1510 fut.
331 1476 485 1520 simplex
503 1477 544 1517 ΙΙ,
574 1475 627 1517 75,
655 1476 750 1520 apud
778 1475 947 1519 antiquos

247 1536 357 1570 etiam
406 1547 471 1580 pro
517 1539 643 1570 exacto
685 1535 735 1576 II,
786 1533 830 1567 75
872 1537 945 1568 not.

248 1597 362 1639 Faxo,
395 1598 493 1637 scies,
527 1606 600 1629 non
632 1597 726 1629 scias
759 1604 877 1637 neque
908 1598 948 1626 ut

248 1658 358 1696 scias,
403 1655 500 1699 apud
538 1654 706 1688 Plautum
748 1656 784 1687 et
817 1653 948 1687 Teren-

249 1714 340 1749 tium
354 1715 396 1755 ΙΙ,
426 1714 469 1747 76
490 1717 525 1748 et
541 1714 601 1754 77;
626 1715 725 1756 famo,
745 1713 949 1756 perdiderit

250 1775 290 1814 ΙΙ,
320 1773 381 1814 78;
414 1776 543 1817 faxim,
570 1775 665 1807 scias
690 1772 733 1813 ΙΙ,
762 1771 822 1811 79,
860 1772 948 1814 facco

249 1844 332 1866 cum
368 1832 556 1877 participio
596 1835 659 1866 aut
693 1830 870 1865 adiectivo
905 1830 948 1870 II,

252 1892 305 1926 ’79,
364 1893 503 1926 Famem
541 1892 658 1925 forma
696 1891 801 1924 valde
839 1889 949 1923 dubia

251 1953 294 1993 ΙΙ,
322 1951 366 1985 69
393 1955 466 1985 not.

204 2014 293 2046 Fide
319 2023 393 2045 non
419 2022 484 2055 pro
512 2021 564 2051 eo,
592 2021 624 2053 q.
653 2021 682 2043 e.
710 2018 789 2042 cum
812 2010 880 2051 fide
907 2008 948 2048 ΙΙ,

253 2071 331 2106 161.

204 2130 347 2163 Fidenae
373 2127 441 2161 227
468 2132 541 2162 not.

209 2190 292 2223 Flo:
337 2190 430 2230 Quid
459 2189 517 2230 fiet
541 2189 631 2222 hoe?
659 2189 701 2221 de
727 2187 814 2220 hoc?
846 2187 955 2218 huic?

253 2247 331 2281 069.

206 2308 375 2349 Flayitor
411 2311 450 2339 ut
483 2307 620 2348 faciam
657 2315 731 2338 non
776 2303 949 2338 usitatum

252 2364 332 2398 467.

209 2424 348 2458 Formae
375 2424 569 2457 verborum
596 2424 632 2456 in
654 2426 786 2457 conatu
804 2431 952 2456 manen-

254 2488 308 2517 tes
346 2483 388 2521 ΙΙ,
429 2482 489 2523 71;
536 2482 663 2515 formae
708 2480 953 2525 grammaticae

255 2542 356 2575 initio
383 2541 569 2574 instabiles
596 2541 638 2577 ΙΙ,
668 2540 721 2574 73.

207 2602 366 2635 Fructus
393 2605 499 2633 terroe
524 2600 566 2641 II,
593 2599 672 2633 271.

207 2661 282 2694 Fui
307 2663 341 2693 et
369 2669 458 2701 sum,
490 2660 603 2701 fuisse
636 2662 671 2692 et
696 2670 768 2692 esse
800 2658 837 2691 in
863 2661 954 2691 tem-

256 2718 404 2762 poribus
418 2717 678 2761 componendis
699 2716 855 2758 (amatus
876 2725 955 2749 sum

258 2782 293 2812 et
319 2783 462 2812 amatus
485 2775 558 2819 fui)
590 2776 632 2818 ΙΙ,
667 2775 752 2812 218;
792 2775 955 2818 exceptio

258 2837 425 2881 quaedam
452 2836 494 2876 ΙΙ,
520 2834 599 2868 224.

213 2897 296 2940 Fui,
321 2897 455 2939 fuerim
479 2896 664 2937 facturus,
699 2903 772 2926 non
796 2894 955 2935 fuissem,

260 2954 347 2994 199,
387 2954 429 2994 ΙΙ,
469 2952 556 2993 227,
595 2951 682 2992 305;
722 2951 783 2985 ubi
817 2950 957 2985 dicatur

952 103 1037 144 762

1091 233 1225 275 fuerim
1254 233 1421 274 factm-us
1452 230 1500 271 II,
1532 228 1618 270 227,
1661 228 1723 263 ubi
1753 229 1791 262 in

1091 293 1241 335 fuissem
1267 293 1428 324 transeat
1452 289 1496 330 ΙΙ,
1521 287 1601 322 229.

1047 350 1258 394 Fulgentius
1283 350 1459 393 impostor
1483 347 1540 382 28.

1049 411 1200 444 Funera
1225 418 1292 443 sua
1318 409 1464 442 vendere
1489 408 1532 448 ΙΙ,
1560 406 1638 440 182.

1048 469 1228 503 Futurum
1246 468 1284 501 in
1303 479 1341 501 so
1367 465 1562 508 (coniunct.
1582 464 1664 508 sim)
1691 465 1793 500 initio

1097 539 1171 562 non
1197 530 1377 567 exactum,
1404 526 1467 560 sed
1497 525 1651 570 simplex
1679 525 1722 567 ΙΙ,
1749 523 1793 558 64

1097 598 1186 630 sqq.‚
1208 585 1261 621 70,
1282 585 1326 618 75
1339 596 1416 629 sqq.
1443 584 1528 619 Eius
1543 585 1661 619 forma
1674 584 1717 626 Π,
1738 583 1793 623 65,

1098 645 1153 686 66,
1170 644 1225 686 68,
1241 644 1284 678 73
1299 655 1393 688 sqq.;
1415 644 1582 688 exempla
1595 644 1637 685 II,
1653 642 1698 677 65
1708 647 1795 684 not.‚

1098 705 1199 739 nulla
1223 704 1261 738 in
1287 703 1406 738 verbis
1434 706 1446 736 ι’
1470 706 1506 737 et
1536 713 1562 736 u
1593 702 1796 737 terminatis

1098 764 1140 805 ΙΙ,
1180 762 1224 796 75
1235 777 1242 804 ;
1277 766 1364 796 aetas
1390 763 1432 803 ΙΙ,
1465 762 1520 796 69.
1571 762 1655 796 Eius
1681 761 1796 796 infini-

1099 823 1196 857 tivus
1222 823 1265 863 II,
1294 821 1348 855 71.
1394 821 1473 856 Non
1507 820 1640 855 mansit
1666 821 1703 854 in
1728 831 1797 855 usu

1100 886 1141 916 ut
1178 882 1331 926 simplex
1370 884 1500 925 praeter
1535 882 1623 923 faaeo
1662 880 1710 922 II,
1753 878 1797 913 76

1100 941 1190 984 (94);
1217 940 1348 975 transit
1373 940 1410 974 in
1439 940 1503 974 fut.
1531 943 1644 973 exact.
1670 939 1714 980 ΙΙ,
1742 938 1796 980 79,

1100 1012 1167 1035 nec
1190 1004 1314 1034 tamen
1338 1010 1486 1044 prorsus
1503 999 1546 1039 ΙΙ,
1574 998 1630 1032 80.
1667 998 1799 1032 Forma

1101 1059 1246 1103 passiva
1271 1059 1314 1099 II,
1341 1057 1396 1092 81.
1443 1058 1647 1092 Infinitivus
1673 1058 1715 1099 11,
1743 1057 1797 1091 71.

1101 1119 1187 1152 Eius
1214 1118 1466 1152 coniunctivus
1492 1129 1565 1152 non
1599 1118 1728 1152 transit
1762 1117 1799 1151 in

1100 1178 1303 1223 perfectum
1328 1178 1370 1218 ΙΙ,
1399 1177 1453 1210 71.

1055 1238 1235 1271 Futurum
1269 1236 1513 1270 dubitativum
1538 1235 1609 1270 vid.
1635 1237 1720 1270 Fut.
1746 1247 1799 1270 εει.

1103 1298 1327 1331 coniunctivi.

1055 1357 1234 1391 Futurum
1261 1358 1429 1389 exactum
1455 1355 1496 1395 ΙΙ,
1525 1354 1569 1388 63
1595 1365 1690 1398 sqq.;
1723 1354 1800 1388 eius

1102 1426 1237 1450 nomen
1263 1415 1306 1455 ΙΙ,
1334 1413 1378 1447 63
1405 1417 1490 1456 not.‚
1527 1413 1645 1448 forma
1668 1413 1713 1455 ΙΙ,
1738 1412 1799 1453 82;

1104 1475 1169 1509 fut.
1197 1477 1311 1508 exact.
1339 1477 1374 1507 et
1399 1473 1553 1517 simplex
1579 1473 1708 1516 exiguo
1733 1472 1801 1506 dis-

1105 1534 1255 1569 crimine
1282 1533 1331 1574 11,
1364 1532 1410 1566 80
1435 1536 1526 1573 not.‚
1566 1543 1650 1566 cum
1682 1531 1802 1566 discri-

1105 1594 1202 1628 mine
1235 1593 1277 1634 ΙΙ,
1310 1592 1356 1625 85
1389 1596 1462 1626 not.
1521 1591 1600 1625 Fut.
1634 1593 1802 1625 exactum

1106 1654 1149 1686 de
1176 1664 1214 1686 re
1241 1655 1338 1685 certo
1363 1654 1527 1694 tempore
1558 1650 1725 1684 absoluta
1750 1650 1803 1684 fu-

1106 1716 1187 1746 tura
1214 1712 1256 1751 ΙΙ,
1283 1709 1327 1743 82
1346 1721 1441 1754 sqq.;
1468 1710 1505 1743 in
1532 1709 1803 1744 condicionibus

1107 1771 1325 1816 quibusdam
1351 1769 1509 1813 positum
1537 1769 1580 1809 H,
1606 1767 1667 1809 83;
1695 1768 1739 1802 de
1765 1779 1804 1802 re

1107 1831 1215 1865 simul
1235 1830 1402 1864 absoluta
1419 1828 1542 1862 futura
1563 1827 1804 1872 (praecedente

1108 1890 1172 1924 fut.
1202 1892 1327 1923 exacto
1354 1891 1418 1922 aut
1447 1887 1662 1932 imperativo
1688 1887 1804 1922 aliove

1108 1949 1230 1991 modo)
1264 1948 1306 1987 II,
1344 1946 1400 1988 84,
1439 1958 1511 1980 non
1544 1957 1688 1990 semper
1720 1957 1804 1980 cum

1110 2007 1303 2042 celeritatis
1347 2005 1607 2050 significatione
1648 2005 1696 2047 ΙΙ,
1740 2004 1803 2046 85;

1108 2068 1173 2101 fut.
1202 2069 1371 2100 exactum
1397 2068 1432 2098 et
1458 2065 1611 2109 simplex
1636 2064 1806 2108 copulata

1108 2127 1150 2170 ΙΙ,
1176 2125 1222 2159 85
1248 2129 1333 2165 not.‚
1367 2125 1431 2158 fut.
1465 2127 1634 2158 exactum
1661 2123 1696 2157 in
1722 2134 1805 2168 apo-

1109 2186 1185 2219 dosi
1218 2188 1299 2229 post
1334 2184 1487 2227 simplex
1520 2183 1558 2216 in
1591 2182 1728 2226 protasi
1762 2182 1804 2223 II,

1108 2244 1164 2278 86.
1215 2244 1293 2278 Fut.
1321 2246 1489 2277 exactum
1516 2243 1559 2276 de
1585 2241 1635 2275 rei
1662 2245 1805 2286 praeter-

1110 2304 1168 2338 itae
1209 2306 1342 2337 eventu
1384 2302 1507 2336 futuro
1542 2301 1589 2342 ΙΙ,
1633 2299 1676 2333 78
1711 2298 1806 2344 (post

1107 2361 1222 2406 fanco),
1241 2361 1287 2395 86
1302 2372 1397 2405 sqq.;
1425 2361 1469 2394 de
1487 2371 1540 2400 eo,
1568 2360 1665 2403 quod
1683 2359 1806 2394 futuro

1110 2425 1274 2465 tempore
1292 2420 1466 2454 affirmari
1492 2419 1536 2453 de
1561 2430 1599 2453 re
1625 2418 1807 2462 praeterita

1112 2481 1244 2525 poterit
1270 2480 1312 2520 ΙΙ,
1339 2478 1394 2512 88.
1446 2478 1524 2512 Fut.
1560 2481 1728 2511 exactum
1761 2477 1807 2511 ad

1111 2539 1264 2583 simplex
1314 2548 1425 2582 prope
1475 2537 1650 2571 accedens
1699 2535 1806 2570 variis

1111 2598 1238 2639 modis,
1274 2597 1371 2641 apud
1403 2595 1559 2630 comicos
1591 2595 1738 2629 Latinos
1763 2594 1806 2636 ΙΙ,

1111 2656 1156 2690 88
1189 2667 1278 2700 sqq.‚
1317 2656 1411 2699 apud
1445 2658 1583 2689 ceteros
1616 2654 1807 2698 scriptores

1112 2716 1153 2755 II,
1180 2715 1225 2748 94
1251 2726 1340 2758 sqq.‚
1377 2714 1420 2748 de
1452 2714 1572 2747 fructu
1604 2717 1639 2747 et
1674 2716 1807 2747 eventu

1112 2774 1163 2808 rei
1188 2773 1244 2811 89,
1271 2772 1327 2814 94,
1354 2773 1398 2807 de
1424 2783 1461 2806 re
1487 2772 1595 2806 simul
1616 2772 1740 2805 futura
1763 2771 1806 2811 II,

1113 2832 1168 2873 96,
1201 2843 1285 2866 cum
1318 2831 1578 2875 significatione
1603 2830 1806 2872 celeritatis,

1114 2891 1165 2925 rei
1197 2891 1242 2925 ad
1276 2891 1413 2925 exitum
1449 2890 1521 2923 iam
1555 2889 1738 2934 perductae
1773 2891 1807 2923 et

1114 2961 1197 2984 cum
1230 2949 1472 2983 affirmatione
1498 2948 1541 2990 ΙΙ,
1574 2947 1629 2989 90,
1662 2946 1723 2988 95;
1763 2947 1808 2981 de
