1915 3235
818 136 903 178 645

68 276 94 304 a
125 261 319 314 frugibus
352 263 407 304 ad
438 264 615 316 glandes
647 265 880 307 redierunt.
897 263 931 318 l)
992 266 1187 307 Retinuit
1225 265 1355 307 etiam
1389 265 1651 308 Coloniensis

68 347 165 375 cum
206 333 379 375 Victorii
424 337 466 375 et
507 335 704 377 Lambini
746 337 964 378 codicibus
1004 339 1047 378 et
1084 337 1299 391 plerisque
1332 336 1553 383 deterioris
1587 337 1651 377 fa-

66 404 194 446 miliae
225 405 269 445 in
301 402 323 456 §
356 404 408 445 31
443 405 554 446 hanc
586 419 732 447 veram
765 407 1045 460 scripturam:
1093 421 1244 448 causas
1282 407 1396 461 apud
1434 412 1471 448 te
1501 421 1652 462 royan-

67 477 167 517 tium
198 475 467 530 qratiosiores
498 489 580 517 esse
618 491 743 531 quam
781 478 929 528 vultus,
977 478 1021 519 in
1060 491 1145 531 qua
1185 480 1288 531 apta
1328 479 1370 518 et
1407 479 1652 519 necessaria

67 549 132 587 est
169 559 454 599 personarum
499 549 699 588 notarum
747 548 999 601 significatio
1046 547 1188 604 (quam
1235 553 1330 590 tuus
1377 553 1475 589 esset
1521 562 1651 590 neees-

65 618 206 658 sarius
235 617 285 670 is,
326 618 397 672 qm·
434 622 470 658 te
510 617 688 671 oraret);
736 619 779 659 in
810 619 911 669 Erf.,
953 619 1062 661 Gud.
1096 620 1135 670 2,
1178 619 1387 669 Leidensi,
1436 619 1651 661 Salisbur-

65 687 196 741 gensi,
229 688 363 729 Paris
400 688 466 738 11,
507 688 854 742 deteriorumque
887 690 1050 743 aliquot
1083 703 1135 730 ex
1166 690 1258 732 loco
1290 690 1420 742 paulo
1452 690 1651 732 inferiore

64 773 142 813 pro
174 760 310 800 vultus
340 759 581 800 subiectum
615 762 679 802 est
703 774 849 814 preces
881 760 1014 814 (quod
1045 761 1117 810 ibi,
1151 774 1196 802 re
1227 761 1314 802 iam
1348 761 1542 813 exposita
1572 773 1650 802 nec

65 830 211 872 addito
243 830 440 883 genitivo,
481 833 630 883 aptum
665 831 762 884 ests).
825 832 968 884 Atque
999 831 1067 873 hic
1100 831 1274 884 quidem
1307 844 1416 872 unus
1450 844 1472 872 e
1505 844 1650 872 recen-

64 901 239 943 tissimis
284 900 496 942 Soldanus
538 901 647 943 falsa
689 902 958 944 auctoritatis
1004 903 1146 956 specie
1189 902 1395 955 deceptus
1438 904 1525 951 est;
1573 901 1650 943 sed

63 971 87 1024 ξ
119 972 176 1013 24
208 974 250 1013 et
280 972 315 1013 is
349 976 390 1013 et
422 973 610 1014 Klotzius
643 987 721 1026 pro
759 986 862 1014 vera
902 973 1113 1026 scriptura
1153 971 1250 1025 (von
1289 977 1389 1025 tam,
1437 986 1486 1013 ne
1524 972 1650 1025 offen-

64 1041 195 1096 dam),
242 1056 373 1096 quam
416 1056 513 1084 cum
556 1044 779 1085 deterioris
822 1044 995 1085 familiae
1037 1044 1161 1097 longe
1193 1043 1388 1097 pluribus
1421 1045 1595 1084 servant
1627 1056 1649 1084 e

62 1114 238 1155 meliore
273 1113 382 1155 Gud.
416 1114 442 1154 2
475 1116 517 1155 et
549 1114 899 1169 salisburgensis,
950 1115 1267 1156 substituerunt
1307 1128 1358 1155 ex
1397 1114 1648 1164 Erfurtensi,

63 1185 279 1234 Leidensi,
336 1185 567 1226 Parisiensi
618 1187 689 1235 11,
748 1185 903 1238 quibus
963 1186 1030 1227 hic
1078 1185 1341 1227 Coloniensis
1389 1185 1647 1238 adiungitur,

62 1256 292 1297 manifesto
324 1256 648 1309 interpolatam:
697 1270 778 1297 non
810 1261 893 1297 tam
920 1261 1096 1311 propter
1126 1257 1185 1309 id,
1218 1270 1268 1297 ne
1299 1256 1523 1309 offendam,
1570 1269 1649 1296 nec

60 1329 208 1369 tamen
246 1327 372 1368 huius
414 1327 720 1369 coniunctionis
755 1332 930 1381 propter
971 1328 1029 1381 id,
1077 1341 1127 1369 ne
1169 1326 1247 1381 (ut)
1291 1327 1535 1380 exemplum
1575 1326 1648 1367 ad-

61 1399 324 1451 scripserunt
362 1398 491 1439 aliud.
561 1398 768 1451 Apparet,
820 1399 869 1443 in,
910 1399 991 1440 hac
1035 1399 1227 1440 oratione
1274 1398 1646 1451 interpolationem

62 1469 191 1510 etiam
230 1468 453 1510 meliorem
494 1468 701 1510 familiam
749 1482 835 1510 non
881 1469 941 1510 ita
987 1469 1137 1510 leviter
1183 1469 1385 1523 attigisse,
1435 1470 1510 1510 sed
1559 1469 1647 1510 eius

61 1539 166 1581 alios
206 1539 373 1581 codices
412 1539 504 1580 aliis
549 1539 592 1580 in
636 1540 738 1581 locis
779 1546 976 1594 expertes
1020 1540 1230 1581 mansisse
1272 1541 1430 1593 partim
1472 1542 1648 1593 propter

60 1611 200 1664 ipsam
232 1610 387 1652 seriem
420 1615 461 1651 et
492 1612 772 1664 propaginem
807 1612 1014 1662 codicum,
1056 1612 1131 1653 sed
1170 1612 1306 1664 magis
1339 1612 1453 1664 quod
1486 1611 1647 1652 librarii

60 1682 445 1734 interpretamenta
477 1681 520 1722 in
553 1695 615 1731 eo,
665 1695 793 1735 quem
834 1683 888 1723 ob
930 1683 1074 1724 oculos
1115 1682 1338 1732 haberent,
1388 1682 1532 1723 codice
1574 1682 1646 1723 ad-

60 1752 219 1806 scripta
266 1753 642 1805 superscriptaque
690 1754 942 1806 spreverint.
1026 1753 1128 1806 (Cfr.
1162 1752 1184 1804 §
1221 1753 1293 1802 14,
1344 1753 1417 1793 ubi
1460 1753 1502 1793 in
1545 1752 1645 1801 Erf.,

58 1824 211 1865 Salisb.
246 1823 475 1876 multisque
508 1824 768 1865 deteriorum
802 1827 865 1865 est
897 1825 1102 1874 misereat,
1137 1824 1252 1877 quod
1285 1823 1473 1865 Klotzius
1507 1823 1645 1865 adsci-

58 1895 130 1945 vit,
163 1894 206 1935 in
239 1894 347 1935 Gud.
381 1895 421 1944 2,
455 1894 585 1943 Leid.,
631 1894 723 1936 aliis
757 1894 1040 1936 deterioribus
1072 1898 1200 1945 recte,
1250 1895 1365 1947 quod
1402 1894 1645 1935 Priscianus

58 1965 296 2015 confirmat,
330 1963 609 2017 misereatur.)
657 1965 750 2015 Quo
784 1965 1014 2018 patefacto,
1047 1966 1315 2019 perspicitur,
1349 1978 1479 2017 quam
1512 1978 1645 2017 prave

60 2035 340 2077 recentissimi
374 2036 558 2077 editores
590 2037 731 2088 specie
765 2037 1034 2078 auctoritatis
1075 2036 1199 2078 abusi
1231 2036 1327 2085 sint,
1376 2049 1426 2077 ac
1465 2049 1519 2076 ne
1552 2049 1644 2077 om-

56 2107 175 2148 nium
208 2107 381 2159 quidem
415 2106 607 2147 codicum
649 2120 905 2148 consensum
947 2109 1121 2149 obstare
1161 2107 1361 2148 debuisse
1394 2106 1644 2147 correctioni

56 2177 301 2218 huiusmodi
348 2177 707 2227 soloecismorum,
758 2179 927 2231 qualem
977 2179 1213 2219 Lambinus
1261 2180 1303 2218 et
1350 2191 1427 2230 ego
1470 2190 1493 2217 e
1532 2176 1554 2229 g
1588 2178 1643 2217 23

57 2247 324 2288 sustulimus:
362 2248 472 2299 Quid
503 2250 539 2289 si
571 2250 738 2290 essetis?
771 2250 983 2290 Goesarefne
1017 2263 1105 2289 eam
1138 2248 1343 2289 tradituri
1373 2248 1560 2301 fuissetis
1588 2262 1643 2288 an

57 2323 201 2359 contra
251 2318 458 2360 Caesarem
504 2321 734 2360 retenturi?
786 2334 864 2373 pro
909 2320 1066 2373 fuistis.
1145 2318 1255 2372 (Vid.
1304 2332 1436 2369 nunc,
1486 2321 1643 2371 praeter

56 2402 202 2441 opusc.
234 2402 332 2430 mea
364 2390 485 2430 acad.
519 2404 560 2442 p.
597 2390 693 2440 199,
742 2391 1056 2432 admonitiones
1096 2404 1204 2431 meae
1245 2391 1297 2431 de
1330 2389 1431 2431 locis
1465 2389 1641 2442 quibus-

56 2459 157 2500 dam
189 2461 482 2512 grammaticae
514 2461 677 2502 Latinae
710 2475 750 2514 p.
788 2462 837 2502 17
874 2460 961 2513 [hic
994 2475 1034 2514 p.
1061 2462 1143 2502 227
1178 2459 1324 2513 sqq.].)
1372 2461 1429 2501 At
1453 2461 1642 2501 Klotzius

55 2532 97 2570 et
138 2530 375 2571 Beneckius
418 2544 472 2572 ne
513 2532 557 2572 in
588 2532 793 2584 pendenti
827 2532 1001 2584 quidem
1034 2532 1247 2572 sententia
1279 2531 1321 2572 in
1354 2530 1457 2583 §34
1489 2531 1641 2571 memi-

55 2603 228 2652 nerant,
277 2602 391 2653 quod
434 2600 456 2653 §
490 2602 546 2642 24
578 2601 697 2657 (quid
725 2602 888 2655 facturi
931 2601 1119 2655 fueritis)
1168 2603 1373 2655 legerant,
1423 2613 1641 2653 quumque

90 2785 117 2830 ¹)
145 2788 324 2823 Soldanus
350 2789 522 2833 singulari
548 2801 666 2824 errore
694 2794 839 2834 propter
860 2790 988 2824 Graevii
1014 2789 1065 2832 (in
1094 2790 1266 2824 varietate
1292 2789 1425 2823 selecta
1444 2789 1502 2822 vel
1521 2787 1640 2831 potius

145 2849 281 2882 temere
313 2851 348 2882 et
374 2849 595 2893 negligenter
628 2848 809 2893 excerpta)
845 2849 1031 2883 silentium
1064 2849 1267 2893 complures
1300 2848 1414 2882 malas
1445 2847 1639 2891 scripturas

145 2904 234 2939 falso
260 2905 385 2940 tribuit
411 2907 624 2948 Coloniensi,
652 2910 691 2941 ut
713 2906 733 2949 ξ
753 2906 798 2939 32
824 2909 961 2950 optime,
988 2906 1009 2950 ἓ
1034 2907 1078 2941 33
1104 2909 1252 2951 quodvis
1277 2918 1342 2951 pro
1370 2908 1462 2940 Nam
1482 2906 1639 2949 quodvis,

143 2964 253 3005 hosce,
279 2964 359 2998 alia.

1672 629 1722 655 305
