1915 3235
859 130 940 171 103

106 258 358 311 cognitione.
421 258 548 300 Patet
590 259 718 311 igitur
761 259 898 301 relata
940 259 1051 301 inter
1093 273 1139 301 se
1178 273 1272 301 esse
1310 274 1481 301 causam
1515 261 1693 315 iqnorat,

105 344 146 372 se
177 331 301 371 novit.
363 329 580 371 Particula
611 342 787 382 negans,
821 330 911 371 sive
944 343 1088 372 errore
1121 343 1173 371 ex
1204 330 1345 383 prima
1376 330 1497 371 verbi
1528 331 1696 384 syllaba

105 403 212 450 orta,
246 400 335 441 sive
369 400 516 441 addita
547 399 603 442 ab
635 399 809 441 homine
841 400 1054 454 imperito,
1088 403 1136 442 ut
1168 403 1282 442 esset
1312 401 1394 442 hoc
1418 401 1556 443 simile
1584 415 1695 455 prae-

106 469 272 512 cedenti
304 472 484 525 iynorat,
517 471 768 524 praecedens
800 471 1060 513 vocabulum
1094 470 1258 525 (probe)
1292 472 1493 524 corrupit.

224 541 269 583 C.
303 542 372 591 52,
423 542 519 582 150.
590 541 741 582 Nullus
784 555 969 595 usquam
1013 542 1256 595 perversior
1297 542 1500 595 loquendi
1540 543 1696 584 modus

106 611 161 653 ab
195 612 430 654 editoribus
464 611 678 653 Ciceronis
712 612 916 654 defensus
949 614 1027 662 est,
1061 625 1189 665 quam
1225 612 1297 665 qui
1321 613 1389 654 hic
1413 616 1524 655 erat:
1557 615 1699 654 sinon

105 684 209 724 satis
239 682 359 723 habet
392 683 621 723 avaritiam
645 697 764 723 suam
781 684 965 736 pecunia
990 684 1164 737 explere,
1197 685 1282 725 nisi
1305 686 1431 725 etiam
1453 684 1698 725 crudelitate

105 754 325 807 sanyuinis
356 754 538 807 perlitus
576 754 642 794 sit.
705 753 952 794 Ridiculum
996 757 1061 794 est
1093 755 1255 808 pet-lini
1297 757 1514 811 sanquine,
1562 756 1698 797 multo

106 823 242 876 magis
275 823 502 864 crudelitas
532 825 772 878 sanguini&
805 824 909 876 quid
932 825 1095 878 perlini
1126 825 1399 868 erudelitate?
1443 827 1495 867 Et
1523 826 1697 879 sanguis

107 895 198 936 sine
231 894 362 936 dubio
394 895 695 948 intelligendus
728 895 910 936 aliorum
943 898 1021 945 est,
1065 896 1137 948 qui
1168 896 1495 946 interficiuntur,
1545 897 1698 938 crude-

107 966 203 1006 litas
237 965 523 1019 Chrysogoni;
572 978 623 1006 ex
667 965 732 1006 his
767 966 1003 1007 coniunctis
1037 966 1220 1008 efficitur
1252 967 1324 1008 illa
1356 968 1587 1009 crudelitas
1621 981 1700 1009 sua

107 1036 326 1089 sanguinis
358 1037 553 1086 aliorum,
599 1050 684 1089 qua
716 1036 808 1088 ipse
840 1036 1078 1088 perlinitur.
1142 1037 1203 1078 Ex
1235 1038 1455 1090 superiore
1489 1038 1699 1080 membro.

108 1108 337 1148 avaritiam
369 1121 489 1148 suam
513 1108 698 1161 pecunia
731 1107 906 1160 explere,
941 1107 1007 1148 cui
1039 1107 1121 1149 hoc
1153 1108 1213 1149 ita
1246 1111 1312 1149 est
1345 1109 1620 1159 contrarium,
1654 1113 1700 1150 ut

107 1178 299 1220 avaritiae
348 1178 611 1231 Chrysogoni
661 1177 911 1227 crudelitas,
961 1179 1156 1231 pecuniae
1204 1181 1377 1232 sanguis
1424 1180 1699 1233 respondeat.

108 1252 309 1302 apparet,
358 1249 461 1302 quid
499 1251 644 1290 orator
683 1249 885 1297 voluerit3
933 1250 1147 1291 sententia
1188 1251 1301 1291 enim
1340 1250 1434 1292 haec
1472 1251 1572 1292 fuit:
1619 1251 1701 1292 nisi

108 1321 237 1362 etiam
272 1320 501 1361 crudelitas
534 1320 742 1372 sanguine
775 1320 946 1372 expleta
986 1320 1053 1361 sit.
1116 1321 1206 1362 Iam
1239 1334 1317 1374 pro
1350 1321 1420 1363 illo
1445 1322 1628 1375 perlitus
1659 1323 1702 1362 in

108 1391 424 1432 Oxoniensibus
456 1393 500 1432 et
531 1391 627 1432 edd.
664 1393 764 1431 vett.
799 1391 945 1443 (1472,
989 1390 1132 1444 1480),
1174 1392 1217 1432 id
1250 1394 1327 1441 est,
1367 1395 1415 1433 ut
1447 1394 1611 1446 opinor,
1660 1393 1701 1433 in

108 1462 309 1504 omnibus
343 1461 560 1503 codicibus
595 1464 659 1502 est
683 1461 907 1515 praeditus.
980 1462 1199 1503 Facillima
1239 1465 1281 1503 et
1320 1463 1559 1505 certissima
1600 1477 1701 1505 con-

108 1533 271 1574 iectura
293 1546 395 1574 vera
417 1533 630 1585 scriptura
663 1533 846 1573 eruitur:
880 1533 1122 1573 crudelitati
1153 1535 1327 1588 sanquis
1351 1534 1558 1588 praebitus
1589 1532 1701 1583 siff)

108 1604 193 1645 Sed
224 1604 290 1644 his
322 1604 569 1646 huiusmodi
602 1603 891 1645 mutationum
924 1616 977 1645 ex
1009 1604 1091 1645 hac
1124 1606 1318 1646 oratione
1351 1606 1559 1658 exemplis
1592 1619 1700 1647 non-

108 1675 225 1716 nulla
259 1675 366 1716 alius
399 1675 565 1728 generis
599 1675 769 1716 exalia
800 1675 1002 1716 addenda
1035 1678 1148 1716 sunt.

226 1746 273 1786 In
315 1747 508 1787 oratione
556 1746 608 1787 de
657 1746 837 1798 imperio
885 1745 962 1787 Cn.
1002 1746 1196 1799 Pompeii
1245 1746 1347 1799 (quo
1395 1748 1567 1789 nomine
1616 1747 1699 1788 ian]

109 1816 268 1858 Gellius
308 1817 499 1870 appellat
538 1817 574 1865 I,
625 1815 668 1869 7)
715 1829 802 1857 non
848 1819 939 1858 tam
987 1817 1241 1869 gravissima
1288 1818 1467 1859 vulnera
1512 1818 1700 1859 tollenda

110 1890 245 1937 erant,
280 1901 376 1940 quae
410 1887 498 1928 fere
531 1901 557 1928 a
589 1887 883 1940 superioribus
916 1888 1178 1940 optimorum
1205 1889 1401 1930 codicum
1425 1902 1506 1942 ope
1531 1889 1699 1930 sublata

109 1961 245 2008 erant,
295 1971 425 2011 quam
469 1958 525 1999 ad
564 1958 862 1999 Erfurtensem
894 1958 1136 2000 accuratius
1170 1959 1373 2001 collatum
1407 1973 1556 2013 eaque,
1606 1973 1702 2012 quae

110 2043 161 2070 ex
205 2029 356 2070 ceteris
404 2029 528 2070 codd.
568 2030 719 2070 notata
757 2031 892 2078 erant,
942 2029 1184 2082 diligentius
1232 2030 1377 2071 omnia
1426 2031 1703 2084 expolienda;

110 2102 254 2153 itaque
287 2101 424 2141 oratio
457 2101 613 2141 rectior
645 2101 687 2140 et
719 2099 871 2140 cultior
903 2099 1019 2141 facta
1051 2101 1274 2153 permultis
1308 2101 1409 2143 locis
1443 2104 1509 2142 est
1533 2104 1575 2142 et
1599 2101 1704 2143 ordo

110 2171 341 2213 verborum
374 2171 617 2224 diligentius
651 2171 932 2219 constitutus;
980 2172 1194 2213 nonnullis
1236 2174 1385 2214 tamen
1427 2172 1529 2214 locis
1572 2172 1702 2213 etiam

110 2242 284 2284 maioris
330 2242 540 2283 momenti
588 2242 714 2282 factae
761 2241 1039 2283 mutationes.
1102 2242 1359 2285 Coniectura
1405 2244 1476 2284 vix
1518 2256 1703 2296 usquam

110 2314 321 2355 utendum
353 2315 459 2355 erat.
522 2312 702 2365 Intelligi
741 2314 888 2354 autem
926 2315 1082 2365 potest,
1132 2327 1265 2367 quum
1305 2315 1348 2354 in
1386 2314 1469 2355 hac
1510 2315 1705 2355 oratione

112 2398 163 2425 ex
194 2384 318 2438 ¹bonis
352 2383 475 2425 codd.
509 2385 609 2424 ante
644 2383 875 2424 emendata
906 2386 1077 2425 tantum
1110 2385 1386 2426 efficiendum
1425 2385 1566 2434 fuerit,
1606 2384 1703 2433 illae,

111 2456 154 2496 in
185 2455 342 2508 quibus
374 2454 522 2507 paucis
555 2456 597 2495 et
628 2453 877 2507 vulgaribus
910 2454 1096 2496 editores
1129 2455 1194 2496 usi
1226 2458 1340 2505 sunt,
1381 2458 1592 2509 quantum
1625 2456 1706 2497 ab·

111 2526 195 2567 sint
225 2526 469 2567 necessario
502 2525 557 2567 ab
591 2525 673 2567 hac
698 2525 885 2578 expolita
909 2525 1062 2575 forma,
1097 2526 1265 2567 etiamsi
1290 2527 1449 2567 menda
1474 2526 1707 2567 manifesta

111 2609 197 2637 non
229 2597 327 2638 sint.
389 2596 479 2637 Iam
512 2596 638 2637 huius
672 2596 941 2648 expolitionis
975 2597 1172 2650 exempla
1211 2597 1375 2650 aliquot
1405 2610 1580 2650 ponam.
1642 2596 1706 2638 De

112 2660 263 2709 multis
288 2667 392 2709 locis
423 2667 510 2708 iam
542 2666 792 2708 Wunderus
825 2666 944 2707 dixit.

230 2738 276 2780 C.
312 2740 350 2788 1,
396 2738 436 2779 2.
505 2737 768 2791 Legebatur:
812 2741 861 2790 et,
908 2738 946 2778 si
987 2738 1088 2793 quid
1130 2739 1255 2779 etiam
1298 2738 1472 2779 dicendo
1515 2738 1707 2792 consequi

105 2822 296 2862 possum,
343 2809 398 2849 iis
443 2808 657 2849 ostendam
703 2810 783 2849 cet.
861 2808 908 2848 In
955 2821 1040 2860 quo
1086 2810 1274 2862 primum
1323 2808 1535 2862 particula
1582 2809 1707 2849 etiam

152 2957 178 2997 λ1
205 2958 375 3002 [Danaus
400 2962 545 2995 invidioe
569 2966 619 2995 est
644 2962 795 3004 sanquis
819 2960 894 2995 Liv.
921 2960 981 3001 ΙΙΙ,
1007 2960 1064 3002 54,
1089 2958 1138 3003 4.]

1725 1474 1774 1499 128
