1915 3235
891 115 975 157 699

136 241 392 284 obscuriores
433 242 540 284 nihil
582 245 647 285 est
687 242 904 297 notatum)
946 244 1082 286 videri
1120 245 1219 286 solet
1250 243 1309 299 (4,
1353 259 1375 287 e
1415 246 1585 288 duobus
1622 246 1727 288 nihil

136 315 335 354 notatum
368 313 424 354 ad
455 312 615 366 solent).
663 314 782 356 Idem
815 315 918 368 quin
949 315 993 356 in
1025 315 1196 358 Gruteri
1228 315 1578 370 Steinmetziique
1611 317 1727 359 codi-

136 382 257 425 cibus
289 383 430 433 fuerit,
463 384 580 426 nulla
614 386 679 426 est
711 384 935 427 dubitatio.
950 383 983 438 l)

445 608 507 655 E.
583 610 962 658 Emendationes
1000 625 1086 671 per
1124 605 1409 665 saturan1.‘²)

291 711 506 754 Friderico
539 713 587 754 G.
621 713 922 756 Schneidewin
953 714 1011 756 Io.
1045 715 1246 757 Nicolaus
1279 716 1450 768 Madvig
1482 712 1571 767 S.3)

255 816 398 868 Quum
431 821 532 860 ante
565 819 728 873 aliquot
758 833 943 870 menses,
991 821 1206 873 percursis
1245 820 1440 861 celeriter
1472 820 1727 869 Germaniae,

137 900 269 940 quam
301 890 430 930 antea
462 902 686 942 nunquam
718 890 926 940 videram,
967 891 1130 943 aliquot
1161 891 1421 944 regionibus,
1463 891 1593 932 etiam
1626 890 1729 932 Got-

136 958 300 1011 tingam
332 959 548 1001 venissem
580 960 725 1013 ibique
757 974 783 1002 a
813 964 869 1011 te,
903 962 968 1003 vir
995 961 1246 1011 clarissime,
1280 961 1538 1014 collegisque
1570 960 1654 1002 tuis
1689 964 1731 1002 et

136 1028 360 1082 philologis
394 1032 436 1070 et
475 1030 567 1072 aliis
607 1032 933 1083 perhumaniter
972 1034 1177 1085 exceptus
1219 1032 1333 1073 diem
1371 1031 1729 1073 iucundissimum

137 1111 324 1152 agerem,
359 1101 558 1142 convenit
589 1102 700 1143 inter
722 1116 814 1151 nos,
847 1106 907 1151 ut,
942 1116 1074 1155 quum
1109 1103 1284 1144 domum
1312 1102 1534 1151 redissem,
1569 1102 1730 1155 aliquid

137 1170 366 1220 mitterem,
401 1172 517 1224 quod
548 1172 768 1225 Philologo
801 1176 874 1214 tuo
907 1173 1036 1214 inseri
1068 1176 1228 1226 posset.
1283 1173 1331 1213 Id
1362 1173 1624 1225 promissum
1656 1186 1729 1214 ex-

137 1240 303 1282 solvere
335 1241 462 1283 valde
500 1243 639 1295 cupio.
703 1243 788 1284 Sed
831 1247 987 1291 cetera,
1037 1244 1089 1284 de
1135 1243 1292 1296 quibus
1334 1245 1427 1284 tum
1471 1243 1728 1296 cogitabam.

138 1310 304 1364 longius
336 1313 558 1365 postulant
589 1317 761 1367 tempus
801 1317 844 1355 et
875 1314 1037 1366 aliquid
1069 1314 1155 1363 otii,
1205 1314 1321 1366 quod
1357 1314 1462 1354 mihi
1502 1327 1648 1354 rarum
1689 1316 1729 1354 et

139 1382 340 1436 exiguum
372 1384 597 1437 contingit3
640 1384 823 1434 interim,
865 1384 1069 1437 quoniam
1103 1384 1213 1425 inter
1244 1384 1429 1426 maiores
1463 1387 1730 1425 commenta-

136 1452 275 1494 tiones
308 1453 388 1495 loci
420 1454 582 1506 aliquid
615 1455 839 1497 destinasti
872 1456 1001 1496 etiam
1036 1455 1098 1505 iis,
1133 1468 1229 1507 quae
1257 1455 1446 1496 breviter
1478 1457 1520 1495 et
1545 1455 1726 1507 sparsim

138 1523 191 1565 de
224 1527 420 1565 veterum
452 1525 710 1578 scriptorum
742 1526 844 1567 locis
878 1528 951 1566 aut
985 1526 1268 1566 emendandis
1296 1528 1372 1566 aut
1394 1524 1729 1578 interpretandis

139 1594 476 1637 admonerentur
509 1596 931 1649 disputarenturque,
974 1596 1222 1638 huiusmodi
1255 1596 1455 1649 quaedam
1491 1609 1542 1637 ex
1575 1596 1729 1637 adver-

137 1665 260 1707 sariis
294 1679 522 1719 excerpere
556 1669 598 1707 et
630 1667 686 1707 ad
717 1669 760 1707 te
791 1667 963 1708 mittere
996 1667 1179 1716 decrevi,
1220 1667 1375 1719 quibus
1417 1669 1477 1716 tu,
1517 1666 1551 1707 si
1585 1665 1728 1714 velles,

138 1739 320 1778 uterere.
369 1737 528 1779 Eorum
561 1737 718 1790 partim
752 1738 808 1778 ad
840 1737 1012 1779 Graecos
1045 1738 1274 1790 scriptores
1307 1737 1537 1790 pertinent,
1572 1737 1729 1789 partim

138 1807 195 1848 ad
226 1808 414 1849 Latinos.
478 1808 539 1848 Ex
572 1808 730 1849 Graecis
762 1821 876 1849 nunc
909 1808 1109 1861 quaedam
1149 1807 1278 1860 selegi
1311 1810 1411 1848 ante
1445 1819 1580 1848 annos
1613 1807 1731 1847 haud

137 1890 299 1930 paucos
333 1891 357 1919 a
390 1891 459 1919 me
493 1878 737 1927 emendata,
772 1892 955 1931 quorum
977 1892 1047 1919 me
1071 1878 1336 1919 edendorum
1358 1877 1429 1918 vix
1453 1877 1582 1918 aliam
1604 1877 1729 1918 habi-

137 1950 284 1989 turum
309 1949 677 2002 opportunitatem
702 1949 918 1999 Videbam,
952 1962 1039 1991 non
1063 1949 1375 2001 displicituram
1400 1948 1478 1989 tibi
1502 1948 1729 1989 materiam

138 2021 270 2069 ratus,
320 2020 392 2072 qui
431 2020 522 2072 ipse
561 2020 604 2060 in
638 2019 798 2061 Graecae
837 2020 980 2072 poesis
1012 2019 1202 2071 reliquiis
1236 2020 1366 2060 etiam
1399 2018 1576 2059 minutis
1608 2020 1730 2058 tanto

137 2090 280 2132 studio
312 2103 601 2142 successuque
634 2090 916 2131 elaborasses.
979 2090 1094 2131 Inter
1132 2089 1376 2142 fragmenta
1417 2101 1442 2130 a
1481 2101 1551 2129 me
1584 2100 1730 2129 emen-

139 2160 243 2201 data
284 2161 319 2202 si
361 2161 478 2213 quod
521 2160 645 2213 posui
686 2160 752 2201 his
794 2160 1000 2214 proximis
1043 2160 1165 2201 annis
1200 2160 1254 2201 ab
1288 2160 1381 2200 aliis
1415 2159 1569 2200 eodem
1602 2158 1730 2199 modo

140 2231 433 2281 emendatum,
472 2231 728 2284 ignoscetur,
770 2233 934 2284 opinor,
982 2231 1144 2272 homini
1177 2231 1220 2271 in
1252 2230 1345 2271 aliis
1378 2228 1620 2271 studiorum
1652 2241 1729 2269 no-

140 2304 327 2344 strorum
374 2302 570 2355 partibus
617 2302 775 2355 saepius
823 2302 1067 2354 diutiusque
1116 2303 1339 2353 occupato.
1403 2300 1436 2341 E
1479 2298 1641 2340 Latinis
1688 2298 1729 2338 in

178 2510 206 2554 ¹)
233 2511 487 2555 [Scribendum
520 2524 614 2547 esse:
653 2513 781 2557 quibus·
814 2513 917 2546 rebus
949 2517 1052 2545 cretoe
1082 2513 1170 2554 ‘ipsae
1201 2511 1477 2545 candidatorum
1509 2510 1729 2544 obscuriores·

235 2573 351 2606 videri
374 2574 494 2614 solent,
522 2571 594 2607 dixi
620 2572 710 2606 Adv.
738 2571 822 2606 Crit.
849 2571 918 2605 vol.
946 2571 995 2604 III
1021 2582 1054 2614 p.
1083 2570 1147 2603 131
1176 2568 1269 2614 sqq]

180 2627 207 2672 ¹)
232 2630 342 2672 Licet,
369 2631 507 2675 opinor,
541 2631 674 2665 imitari
699 2630 939 2664 Pescennium
966 2629 1189 2673 scriptorem,
1229 2629 1329 2663 cuius
1357 2630 1460 2662 erant
1485 2627 1566 2660 libri
1591 2626 1730 2660 histori—

236 2701 340 2724 arum
366 2701 430 2734 per
455 2693 627 2724 saturam.

180 2747 208 2790 ²)
235 2747 301 2792 [Ex
332 2748 508 2792 Philologi
534 2760 555 2782 a
580 2749 616 2782 F.
646 2748 684 2782 G.
712 2745 986 2782 Schneidewino
1019 2745 1105 2779 editi
1132 2745 1201 2779 vol.
1227 2745 1242 2778 Ι
1268 2757 1301 2789 p.
1329 2744 1515 2778 (ΠΟ-677
1542 2748 1576 2778 et
1602 2744 1671 2777 vol.
1698 2743 1729 2776 II

236 2818 270 2851 p.
299 2806 494 2842 135—144.
533 2807 597 2841 Hae
623 2806 895 2840 emendationes
922 2807 957 2838 et
983 2815 1063 2848 quae
1090 2804 1257 2848 deinceps
1283 2804 1402 2838 littera
1427 2803 1453 2836 F
1474 2805 1598 2836 notata
1623 2801 1729 2836 subii-

237 2866 391 2907 ciuntur,
418 2866 456 2900 in
482 2866 549 2900 hac
575 2866 723 2899 demum
749 2864 906 2898 editione
932 2863 1113 2907 opusculis
1139 2863 1279 2896 adiecta
1303 2861 1415 2904 sunt]
