1915 3235
863 130 944 171 757

111 273 246 300 omne
287 272 433 300 nomen
470 259 611 300 tolle-re
648 272 782 312 prave
825 259 979 300 dicitur
1017 273 1095 312 pro
1135 274 1198 310 eo,
1247 262 1363 314 quod
1402 266 1465 303 est
1502 261 1699 315 funditus

110 343 257 370 nomen
308 330 467 377 tollere,
530 342 663 382 quum
725 342 859 370 unum
919 343 1079 371 nomen
1138 332 1277 372 nullas
1339 335 1485 384 partes
1536 333 1697 374 habeat

110 399 363 453 (rectissime
395 400 509 440 enim
542 400 758 441 diceretur
795 413 912 440 omne
944 400 1148 441 Latinum
1186 415 1333 442 nomen
1371 401 1540 454 tollere),
1583 403 1698 455 quod

109 471 280 524 gravius
312 473 389 520 est,
422 470 634 511 sententia
656 472 749 511 tota
770 484 905 523 prava
928 474 1014 520 est;
1047 485 1187 524 neque
1211 472 1324 513 enim
1346 473 1557 514 Antonius
1579 473 1698 525 regni

108 554 267 583 nomen
299 541 543 590 sustulerat,
577 541 692 594 quod
723 541 813 582 tolli
846 555 953 594 opus
983 555 1070 583 non
1093 545 1197 593 erat,
1231 543 1307 584 sed
1330 543 1567 592 dictaturae,
1601 556 1698 595 quae

108 625 246 664 nuper
278 611 431 661 fuerat,
464 624 604 664 neque
636 614 813 664 propter
843 613 1027 664 proximi
1060 613 1278 654 dictatoris
1310 616 1474 654 metum
1507 613 1550 654 id
1584 613 1697 654 fece-

108 685 176 724 rat
200 681 290 735 (qui
317 684 486 734 poterat
518 681 632 722 enim
663 685 859 722 mortuus
890 682 1083 735 metuiP),
1117 684 1194 724 sed
1225 686 1402 736 propter
1434 697 1497 724 ea.
1532 697 1628 736 quae
1655 684 1698 724 in

107 757 329 806 posterum
361 752 500 793 timeri
534 754 747 804 poterant.
796 752 842 792 In
875 753 1113 805 vulgarium
1148 753 1343 795 codicum
1376 755 1587 806 scriptura
1611 767 1697 795 non

107 825 250 865 minus
280 836 413 876 prave
453 823 591 864 omnis
631 822 687 863 ab
726 823 914 864 Antonio
952 824 1072 876 regni
1110 827 1251 865 metus
1293 824 1488 865 sublatus
1529 824 1694 875 dicitur,

108 908 240 948 quum
275 895 327 935 de
359 907 490 946 regno
523 893 556 933 is
589 892 694 933 nihil
726 893 906 943 tulisset,
948 896 991 934 et
1030 894 1226 935 sublatus
1258 897 1434 947 propter
1467 894 1695 944 Caesarem,

108 966 179 1018 qui
212 978 287 1005 rex
318 964 410 1004 fieri
443 964 528 1004 iam
561 977 648 1004 non
679 966 863 1016 poterat.
927 962 1100 1017 (Odisse
1133 978 1310 1017 regnum
1345 968 1521 1017 propter
1553 965 1696 1006 Caesa-

107 1049 198 1077 rem
230 1035 444 1075 Antonius
476 1032 680 1087 poterat.)
742 1035 949 1087 Apparet,
994 1035 1243 1076 Ciceronem
1281 1035 1362 1076 hoc
1397 1035 1565 1083 dixisse,
1606 1035 1696 1076 An-

105 1107 271 1148 tonium
311 1105 408 1146 odio
451 1106 571 1157 regni
613 1117 662 1145 eo
705 1118 979 1157 progressum
1016 1118 1128 1155 esse,
1177 1110 1222 1146 ut
1271 1105 1313 1145 id
1362 1105 1492 1146 etiam
1539 1118 1697 1146 nomen

107 1175 381 1229 (dictaturae),
431 1176 510 1216 sub
545 1188 628 1226 quo
660 1188 839 1227 regnum
873 1176 1006 1216 latere
1039 1179 1197 1228 posset,
1243 1176 1443 1228 quodque
1484 1177 1521 1216 ei
1553 1177 1696 1228 proxi-

107 1261 227 1289 mum
260 1249 385 1296 esset,
420 1246 608 1294 tolleret;
657 1245 803 1297 itaque
843 1246 1056 1286 sententia
1096 1246 1341 1287 huiusmodi
1380 1246 1469 1286 fere
1511 1246 1604 1286 fuit:
1656 1251 1698 1286 ut

98 1323 274 1372 propter
320 1319 407 1357 eins
454 1315 606 1368 (regni)
654 1321 805 1356 metum
853 1318 975 1357 etiam
1020 1318 1258 1370 proximum
1297 1316 1513 1357 dictatoris
1552 1330 1696 1357 nomen

106 1389 278 1437 tolleres,
312 1388 378 1428 vel
412 1388 584 1428 brevius
617 1388 928 1439 comprehensa
961 1391 1003 1428 et
1026 1388 1213 1428 acutius:
1246 1392 1290 1427 ut
1314 1388 1438 1427 etiam
1456 1387 1695 1440 proximum

106 1459 323 1500 dictatoris
355 1463 504 1498 metum.
537 1458 709 1505 tolleres,
744 1459 824 1499 hoc
858 1461 934 1507 est,
969 1462 1015 1499 ut
1049 1471 1222 1499 caveres
1256 1459 1399 1506 etiam,
1433 1470 1486 1498 ne
1516 1457 1697 1498 dictator

105 1531 300 1583 posthac,
340 1529 429 1582 regi
467 1529 701 1581 proximus,
741 1529 901 1569 nedum
943 1542 1122 1581 regnum
1162 1529 1325 1581 ipsum,
1365 1528 1498 1568 metui
1537 1530 1695 1580 posset.

107 1600 192 1642 Sed
224 1599 380 1652 quibus
417 1599 558 1640 verbis
592 1599 742 1640 Cicero
781 1613 884 1640 usus
928 1600 994 1649 sit,
1045 1602 1251 1652 exputare
1290 1612 1478 1651 nequem
1526 1601 1695 1641 tantum

106 1672 244 1718 video,
260 1671 503 1724 proximum
520 1683 606 1711 non
625 1683 719 1711 esse
737 1670 792 1710 ad
811 1670 1028 1711 dictatoris
1045 1683 1202 1710 nomen
1220 1669 1648 1710 accommodandum.
1663 1666 1695 1720 l)

225 1742 337 1783 Satis
370 1741 600 1781 verborum
634 1741 687 1781 de
721 1740 882 1794 exiguis
916 1741 1044 1781 rebus
1078 1741 1240 1781 factum
1271 1742 1376 1792 puto
1408 1739 1464 1780 ad
1491 1739 1547 1787 id,
1581 1739 1695 1792 quod

107 1813 234 1861 volui,
269 1811 633 1863 consequendum.

225 1918 315 1959 Scr.
349 1918 492 1958 Haun.
527 1931 565 1959 a.
599 1919 639 1959 d.
672 1918 740 1958 III.
774 1918 867 1958 Kal.
900 1917 1025 1958 Mart.
1059 1930 1097 1957 a.
1130 1916 1457 1958 MDCCCLVHL

144 2081 171 2123 ¹)
197 2080 328 2125 [Aliter
354 2082 398 2115 de
425 2083 458 2116 h.
484 2082 506 2116 1.
533 2082 687 2116 iudicavi
715 2082 805 2115 Adv.
833 2081 916 2115 Crit.
945 2081 993 2114 III
1021 2093 1052 2124 p.
1082 2078 1176 2122 153]
