1915 3235
841 116 926 158 505

85 258 346 298 persequens
380 247 422 285 et
452 247 670 297 utcunque
703 258 916 287 exornans
958 245 1103 286 mendi
1146 245 1294 286 sedem
1336 257 1423 285 non
1466 257 1676 297 perspex-

87 328 205 357 eram
239 316 376 356 aliove
408 315 537 356 modo
570 328 595 356 a
636 328 737 357 vero
770 316 1090 357 aberraveram.
1153 316 1260 357 Haeo
1292 328 1440 368 quum,
1488 317 1537 355 ut
1577 314 1676 364 dixi,

86 387 242 439 saepius
276 385 468 426 animum
507 386 738 436 subissent,
786 389 1018 440 postquam
1061 386 1143 427 hac
1186 389 1338 427 aestate
1381 385 1488 426 duos
1531 387 1677 438 poste—

86 457 218 498 riores
250 456 381 498 libros
414 457 467 497 de
490 457 654 510 legibus
678 457 833 498 scholis
856 470 1059 498 enarrare
1083 457 1296 506 constitui,
1331 456 1518 509 cogitare
1552 455 1675 508 coepi,

87 529 162 568 aut
192 540 306 568 nunc
336 527 441 568 illud
474 527 696 568 consilium
730 528 1053 580 exsequendum
1086 540 1180 569 esse
1225 529 1300 568 aut
1342 527 1525 568 fortasse
1569 527 1678 567 abii-

89 597 300 638 ciendum.
348 597 512 639 Deinde
545 597 600 638 ad
632 597 744 639 hano
777 598 908 639 animi
940 598 1261 640 inclinationem
1293 598 1474 638 accessit
1498 597 1675 638 alterius

87 667 209 717 illius,
251 680 381 719 quam
415 669 679 709 extrinsecus
713 669 889 710 allatam
922 668 1170 721 significavi,
1219 681 1362 709 causae
1394 670 1676 709 momentum.

87 737 228 788 Quum
262 739 374 779 enim
407 739 554 789 sciam,
603 739 646 779 in
677 738 852 780 Batavis
895 751 1052 780 novam
1097 739 1304 780 librorum
1344 738 1398 780 de
1436 739 1602 792 legibus
1636 741 1679 779 et

86 809 378 850 recensionem
435 814 477 850 et
532 810 847 851 enarrationem
904 822 1037 862 quum
1085 811 1272 851 maxime
1320 810 1465 862 parari
1512 822 1538 850 a
1584 808 1675 850 viro

88 879 255 932 egregie
288 879 344 920 ad
377 893 473 921 eam
504 893 597 921 rem
630 880 851 928 instructo,
892 879 1138 922 faciendum
1170 881 1352 931 videtur,
1397 883 1457 930 ut,
1506 880 1541 920 si
1574 880 1677 932 quid

87 962 164 1002 ego
197 949 253 991 ad
284 950 505 992 meliorem
537 951 692 992 horum
731 951 938 992 librorum
971 952 1157 992 formam
1192 951 1385 992 conferre
1417 951 1593 1003 possim,
1635 950 1679 991 id

85 1032 197 1060 nune
230 1020 502 1072 potissimum
534 1024 771 1074 promatur,
816 1034 900 1073 quo
932 1022 980 1071 is,
1030 1022 1065 1063 si
1098 1022 1211 1072 velit,
1259 1022 1320 1063 uti
1352 1022 1502 1074 possit.
1565 1021 1677 1062 Malo

86 1091 219 1139 enim,
276 1091 378 1143 quid
424 1104 538 1132 nuno
586 1092 638 1132 de
686 1091 832 1132 multis
880 1091 982 1132 locis
1030 1092 1234 1142 sentiam,
1291 1092 1400 1133 seire
1446 1092 1588 1144 ipsum
1638 1095 1680 1132 et

87 1160 269 1202 fortasse
318 1161 447 1202 etiam
495 1163 588 1204 aliis
633 1175 824 1209 narrare,
875 1176 1004 1215 quam
1054 1162 1157 1215 quid
1195 1164 1294 1203 ante
1343 1162 1493 1203 decem
1542 1175 1678 1203 annos

87 1231 308 1272 senserim.

204 1302 429 1344 Librorum
464 1303 516 1343 cle
548 1303 713 1356 legibus
748 1304 915 1345 codices
949 1317 1099 1345 omnes
1132 1317 1184 1344 ex
1217 1316 1302 1344 uno
1324 1303 1466 1345 lacero
1490 1307 1531 1344 et
1553 1303 1678 1344 Valde

89 1375 288 1425 corrupto
322 1376 364 1414 et
394 1373 658 1426 negligenter
691 1371 895 1427 seripto¹)
929 1374 1110 1430 derivati
1143 1377 1255 1424 sunt,
1305 1375 1348 1414 in
1393 1387 1477 1427 quo
1521 1376 1680 1426 praeter

88 1444 171 1485 alia
202 1444 361 1485 menda
393 1457 509 1497 saepe
549 1445 680 1486 etiam
722 1447 899 1498 propter
932 1445 1188 1498 compendia
1220 1444 1436 1485 scribendi
1469 1444 1582 1485 male
1614 1445 1679 1485 in-

89 1515 257 1556 tellecta
289 1517 478 1556 erratum
514 1512 652 1568 erat‘2)
686 1518 728 1557 et
760 1529 893 1568 quum
926 1516 970 1556 hi
1001 1517 1095 1556 tum
1136 1516 1207 1557 alii
1250 1528 1415 1556 errores
1456 1528 1543 1556 non
1581 1528 1679 1556 raro

88 1588 266 1626 eatenus
298 1586 511 1636 occultati,
544 1589 605 1636 ut,
639 1587 674 1628 si
696 1599 783 1628 non
805 1587 1031 1627 sententiae
1054 1587 1245 1639 integrae‚
1279 1588 1324 1626 at
1349 1599 1503 1627 vocum
1532 1588 1680 1627 tamen

88 1655 359 1697 efficerentur
398 1657 548 1698 formae
590 1654 815 1710 Latinaefl)
877 1657 1199 1709 Nonnunquam
1246 1657 1331 1697 iam
1381 1669 1499 1698 error
1545 1670 1679 1698 novos

88 1740 253 1768 errores
286 1725 554 1780 genuerat.4)
587 1728 730 1769 Unum
765 1731 858 1769 erat
889 1728 1105 1781 singulare
1137 1727 1393 1768 mendorum
1427 1740 1560 1780 genus
1593 1740 1680 1769 non

88 1798 334 1851 infrequens
367 1798 410 1839 in
442 1799 584 1839 verbis
618 1800 799 1848 omissis,
841 1799 960 1840 ouius
993 1799 1156 1851 aliquot
1189 1798 1388 1850 exempla
1420 1800 1572 1850 postea
1604 1798 1679 1838 de-

88 1870 352 1919 monstrabo,
386 1882 521 1910 unum
554 1871 597 1910 et
629 1870 812 1910 alterum
845 1870 931 1910 iam
958 1870 1013 1910 ab
1038 1869 1130 1910 aliis
1152 1871 1350 1910 notatum
1375 1864 1526 1920 erat.5)
1574 1868 1679 1909 Haec

89 1952 221 1992 quum
253 1939 313 1981 ita
345 1940 442 1990 sint,
490 1940 626 1981 multo
669 1940 795 1993 plura
837 1940 996 1981 menda
1040 1940 1327 1981 demonstrari
1370 1939 1413 1980 in
1455 1939 1521 1979 his
1560 1939 1679 1980 libris

89 2015 267 2062 possunt
299 2024 428 2063 quam
461 2011 743 2064 probabiliter
776 2011 947 2064 corrigi3
987 2011 1031 2051 in
1064 2010 1337 2051 emendando
1370 2012 1515 2051 autem
1548 2009 1678 2062 paulo

89 2080 264 2122 liberius
295 2082 460 2123 versari
492 2082 692 2123 iubemur
724 2095 855 2134 quam
894 2081 938 2122 in
968 2081 1019 2122 iis
1050 2081 1183 2131 libris,
1225 2093 1407 2133 quorum
1441 2080 1606 2133 antiqui
1637 2083 1681 2122 et

127 2277 154 2321 ¹)
180 2279 411 2324 Negligentiae
438 2285 473 2315 et
498 2280 737 2315 festinationis
763 2280 902 2324 insigne
928 2280 1112 2324 specimen
1139 2283 1193 2314 est
1218 2280 1254 2313 in
1281 2291 1333 2319 eo,
1369 2280 1465 2323 quod
1491 2290 1597 2314 voces
1624 2290 1680 2314 ex-

183 2343 299 2373 trema
323 2343 425 2383 parte
450 2338 545 2383 (quae
571 2339 784 2384 compendio
810 2343 935 2373 notata
961 2338 1052 2381 erat)
1086 2342 1270 2373 truncatas
1297 2349 1378 2372 cum
1407 2339 1485 2372 aliis
1511 2338 1680 2372 librarius

184 2398 362 2439 conflavit,
394 2398 494 2432 velut
519 2399 550 2432 ΙΙ
577 2397 598 2440 ξ
623 2398 668 2432 50
687 2400 898 2442 pontificum
924 2409 967 2432 ex
986 2399 1172 2441 pontifices
1198 2409 1287 2438 eum,
1314 2397 1346 2430 II
1372 2396 1393 2439 ξ
1419 2397 1462 2430 57
1490 2402 1680 2432 contractet

185 2468 226 2491 ex
254 2462 473 2491 contractam
498 2462 529 2491 et
554 2461 620 2491 cet.

128 2512 156 2557 ²)
183 2515 260 2549 Vid.
288 2516 444 2560 exempli
470 2526 588 2557 causa,
622 2526 702 2559 quae
728 2515 845 2549 dicam
873 2515 916 2549 de
942 2516 973 2549 II
999 2514 1020 2558 ξ
1045 2514 1090 2548 32
1124 2514 1294 2556 (summos
1320 2525 1363 2548 ex
1389 2517 1432 2548 si.
1459 2527 1492 2548 n.
1519 2516 1611 2555 deos,
1645 2517 1681 2548 et

185 2576 277 2618 quod
303 2585 346 2608 ex
371 2573 452 2616 dis).
491 2574 624 2609 Contra
651 2574 682 2608 11
707 2572 728 2616 ξ
753 2573 798 2606 47
826 2573 923 2617 (erqo
949 2585 992 2608 ex
1019 2572 1070 2616 eo)
1098 2585 1162 2618 pro
1189 2574 1404 2618 compendio
1430 2572 1597 2607 librarius
1623 2583 1680 2606 ac-

185 2633 289 2677 cepit,
316 2633 412 2677 quod
438 2633 586 2677 plenum
614 2637 700 2667 erat.

128 2689 155 2733 3)
182 2691 228 2725 Ut
253 2692 284 2725 II
311 2690 331 2734 ξ
357 2690 401 2723 22
428 2694 604 2736 quocirca.

127 2747 156 2791 ⁴)
183 2750 289 2784 Velut
313 2751 345 2784 II
371 2749 392 2792 ξ
417 2750 473 2791 56,
500 2761 613 2794 quum
640 2760 683 2784 ex
710 2750 886 2784 adiectivo
912 2750 1033 2793 aliquo
1051 2750 1220 2784 effectum
1246 2754 1339 2784 esset
1360 2752 1461 2790 ineo,
1487 2759 1552 2793 pro
1570 2749 1679 2788 haud,

185 2809 281 2852 quod
307 2809 537 2853 sequebatur,
564 2809 738 2852 seriptum
765 2813 819 2843 est
845 2810 947 2852 quod.

128 2865 158 2909 ⁵)
183 2867 230 2902 Ut
255 2868 270 2901 I
296 2867 317 2910 ἓ
342 2867 388 2901 26
413 2869 583 2902 obscuras
610 2880 670 2902 nec
695 2869 784 2902 satis
811 2866 827 2884 '¹‘
854 2868 1104 2911 intelliyentias
1129 2868 1316 2901 inchoavit.

1702 1667 1751 1691 132
