1915 3235
932 120 1018 162 458

297 248 399 289 Illuc
431 248 558 301 igitur
589 251 872 300 revertamur,
904 250 1008 303 famo
1041 253 1084 291 et
1117 264 1280 292 amasso
1303 251 1450 292 futura
1472 264 1567 292 esse
1589 254 1773 302 vetusta,

124 329 158 353 ⁷3
178 332 257 360 nec
291 319 522 372 quicquam
554 319 761 372 primario
784 334 865 361 usu
888 321 944 361 ad
966 321 1234 374 praeteritum
1256 323 1487 375 pertinere.
1537 322 1590 362 Et
1611 324 1772 372 tamen,

178 389 293 441 quod
326 392 368 430 et
400 389 630 431 dicendum
664 394 729 432 est
759 404 838 444 per
869 404 928 441 se,
961 404 1016 432 ne
1039 392 1258 443 aliorsum,
1292 395 1424 445 atque
1445 392 1640 442 velimus,
1675 405 1773 434 sen-

177 460 311 501 tentia
344 463 492 502 nostra
524 462 850 514 interpretando
881 462 1094 513 trahatur,
1144 465 1187 504 et
1228 463 1345 516 quod
1386 463 1570 504 libenter
1611 477 1679 505 res
1719 464 1776 505 ad

178 531 423 572 universam
457 531 510 572 de
544 532 692 573 formis
726 533 1020 585 grammaticis
1054 533 1391 587 disputationem
1418 535 1683 587 pertinentes
1708 537 1774 576 at-

175 602 392 654 tingimus
441 615 616 655 prorsus
664 606 769 656 puto
818 604 1081 645 elementum
1128 605 1245 656 illud,
1295 605 1414 646 cuius
1462 605 1702 647 adiectione
1750 619 1775 647 a

176 672 320 713 radice
354 673 486 714 distat
515 674 621 727 fasso
664 677 706 716 et
747 676 922 729 ineepso,
973 676 1086 717 addo
1130 676 1262 718 etiam
1304 677 1472 726 levasso,
1521 676 1636 717 idem
1680 689 1775 717 esse

177 745 306 795 atque
339 744 458 794 illud,
492 745 608 796 quod
639 746 791 799 scripsi
823 748 864 787 et
897 759 994 799 quae
1027 747 1179 789 eodem
1212 747 1342 789 modo
1376 747 1536 793 cadunt
1567 746 1773 800 perfecta,
1810 783 1815 787 .

176 814 354 855 habent.
417 814 503 856 Sed
535 815 617 857 hoc
648 830 668 857 s
699 816 742 857 in
775 817 961 858 formam
995 818 1103 859 iusso
1135 831 1221 859 non
1254 818 1371 859 venit
1411 831 1464 859 ex
1501 818 1619 867 iussi,
1659 817 1775 858 unde

178 898 283 926 sane
316 886 359 926 in
393 886 550 927 iussero
582 888 712 938 venit,
745 901 826 928 nec
858 889 956 929 inde
990 888 1348 942 significationem
1379 889 1585 931 traduxit.
1648 888 1775 938 Quod

178 956 304 1009 quale
337 956 403 1007 sit,
445 969 622 1009 possum
662 957 848 999 fortasse
880 959 1025 1012 aliqua
1058 973 1110 1001 ex
1142 963 1266 1014 parte
1299 961 1622 1013 comparatione
1655 959 1775 1000 Grae-

178 1039 326 1068 carum
359 1027 599 1069 formarum
632 1029 875 1070 ostendere.
937 1030 1050 1071 Nam
1084 1044 1217 1084 quum
1249 1033 1438 1073 maxime
1471 1031 1626 1072 litterae
1652 1045 1675 1067 σ
1697 1031 1775 1072 ad-

176 1099 357 1145 iectione
392 1112 416 1139 a
448 1099 593 1140 radice
627 1099 828 1142 deflectat
867 1101 1074 1153 futurum,
1123 1103 1227 1144 nihil
1267 1105 1415 1144 tamen
1455 1115 1506 1143 ea
1546 1101 1689 1142 littera
1722 1124 1777 1129 —

178 1182 271 1211 esse
319 1172 466 1211 autem
513 1184 688 1223 prorsus
737 1172 934 1219 eandem,
984 1186 1069 1214 non
1118 1174 1299 1214 diversae
1347 1174 1540 1226 originis,
1590 1173 1778 1214 ostendit

1896 1295 1915 1319 ss
1891 1195 1915 1290 §ege-3*
1894 1174 1904 1192 ’ὀ
1896 1129 1901 1137 “

178 1241 476 1282 convenientia
510 1241 642 1283 futuri
676 1245 719 1283 et
751 1243 899 1284 aoristi
931 1243 974 1284 in
1008 1257 1059 1285 ea
1091 1245 1332 1285 omittenda
1364 1245 1407 1285 in
1433 1245 1525 1285 aliis
1552 1245 1695 1285 verbis
1722 1267 1775 1271 ——

178 1325 229 1352 ea
261 1312 388 1365 igitur
420 1326 507 1354 non
534 1313 726 1366 impedit,
763 1315 992 1367 quominus
1015 1320 1162 1364 ἔγραψα
1185 1315 1387 1357 contrarii
1409 1315 1630 1368 temporis,
1663 1328 1777 1368 prae-
1879 1323 1910 1379 ᾗς

176 1382 303 1432 teriti,
353 1383 709 1436 significationem
758 1385 955 1438 accipiat.
971 1382 1004 1438 1)
1082 1386 1193 1427 Nam
1241 1389 1354 1436 tum,
1404 1399 1536 1438 quum
1584 1386 1778 1427 nondum
1887 1381 1914 1446 ff„

178 1456 302 1494 erant
334 1454 485 1495 formae
518 1455 827 1508 graminaticae,
861 1457 938 1497 sed
970 1456 1062 1497 fieri
1094 1457 1371 1510 incipiebant,
1406 1471 1522 1510 saepe
1552 1456 1778 1498 accidebat
1883 1438 1906 1514 Ξ

176 1525 433 1575 necessario,
482 1528 530 1566 ut
563 1526 618 1566 ad
658 1527 714 1576 id,
765 1527 881 1579 quod
912 1528 971 1568 ita
1004 1529 1197 1569 animum
1231 1528 1389 1577 feriret,
1439 1531 1487 1570 ut
1519 1528 1778 1581 signandum
1886 1523 1911 1601 ἑκ

176 1595 407 1645 videretur,
456 1597 573 1638 nulla
615 1599 764 1638 tamen
807 1599 953 1640 statim
997 1601 1102 1652 apta
1144 1602 1187 1639 et
1226 1601 1343 1639 certa
1382 1600 1485 1640 nota
1519 1600 1776 1648 occurreret,
1890 1607 1913 1655 5

177 1679 308 1718 quum
349 1668 591 1719 praesertim
631 1670 827 1710 homines
874 1670 1012 1722 magis
1061 1670 1244 1711 obscure
1292 1670 1512 1720 sentirent,
1562 1669 1777 1722 singulare
1888 1644 1915 1770 Ξ

177 1737 339 1789 aliquid
372 1751 465 1779 esse
498 1739 541 1779 in
574 1752 624 1780 eo
657 1740 762 1789 viso,
804 1740 919 1793 quod
951 1742 1097 1782 animo
1131 1741 1406 1794 conciperent
1438 1744 1481 1782 et
1513 1741 1655 1794 eloqui
1687 1740 1776 1781 vel-

176 1808 276 1856 lent,
320 1822 451 1861 quam
486 1810 555 1851 via
588 1813 630 1851 et
661 1812 829 1852 ratione
861 1812 983 1864 signa
1017 1815 1274 1864 quaererent.
1338 1812 1501 1864 Itaque,
1550 1814 1598 1852 ut
1630 1812 1687 1853 ad
1718 1811 1775 1861 id,

177 1879 292 1931 quod
326 1880 506 1932 agimus,
550 1881 632 1922 hoc
665 1882 1005 1932 accommodem,
1055 1897 1187 1935 quum
1221 1884 1550 1936 conciperentur
1581 1883 1672 1923 Visa
1705 1895 1777 1923 ac-

178 1950 341 1991 tionum
375 1954 572 2004 tempore
606 1953 875 1994 diversarum
908 1954 1095 1994 necdum
1130 1956 1274 1995 essent
1312 1956 1511 2007 tempora
1551 1953 1685 2004 verbi,
1733 1954 1777 1994 in

276 2129 367 2162 fecta
394 2131 611 2174 appellabat,
638 2131 852 2166 indicativos
879 2134 941 2165 aut
965 2131 1100 2175 primas
1118 2130 1318 2175 personas),
1346 2142 1461 2175 eaque
1487 2134 1674 2174 comparat
1694 2141 1777 2164 cum

274 2189 457 2230 imipesso,
485 2190 581 2233 quod
610 2191 774 2224 futurum
802 2202 879 2224 esse
906 2191 994 2228 vult,
1028 2190 1184 2224 formam
1211 2190 1321 2224 etiam
1348 2190 1508 2234 aliquam
1534 2190 1610 2234 ipse
1636 2190 1776 2234 fingens

274 2248 485 2290 imvjsesslm,
520 2260 631 2292 quam
656 2261 722 2293 pro
751 2251 919 2293 inm-epse’m
945 2260 1023 2283 esse
1050 2249 1144 2283 dicit.
1199 2250 1244 2283 At
1270 2260 1452 2293 nusquam
1479 2253 1532 2283 est
1541 2262 1549 2291 ;
1589 2252 1624 2282 et
1650 2247 1775 2283 oblivi-

272 2305 393 2345 scitur,
433 2307 478 2340 ad
513 2309 609 2351 quod
643 2308 804 2352 Hjortius
831 2321 864 2353 p.
894 2308 960 2341 132
987 2308 1152 2350 attendit,
1193 2310 1377 2352 ineipessis
1402 2308 1456 2342 bis
1483 2309 1580 2352 apud
1605 2308 1776 2341 Plautum

272 2374 354 2398 cum
381 2366 451 2399 alio
477 2371 655 2410 praesente
683 2368 863 2412 coniungi,
893 2370 1106 2411 {nospes-sam
1133 2379 1216 2401 cum
1234 2367 1356 2401 futuro
1376 2366 1580 2409 (instituam
1597 2367 1668 2401 Mil.
1687 2367 1773 2411 glor.
1882 2357 1895 2415 ζ

272 2423 313 2463 Π,
341 2422 373 2464 2,
400 2424 476 2466 S2);
510 2426 734 2461 obliviscitur
760 2427 916 2471 denique
943 2427 1069 2461 similis
1096 2426 1196 2460 verbi
1215 2432 1354 2470 petesso
1381 2425 1492 2470 (apud
1518 2426 1677 2467 Festum,
1704 2425 1773 2459 Lu·
1887 2431 1896 2456 2

272 2483 436 2523 cretium,
464 2485 674 2519 Ciceronem
694 2485 828 2530 ipsum>
848 2486 1111 2530 compositique
1129 2491 1316 2529 expetesso,
1344 2497 1389 2519 ne
1413 2487 1551 2528 facesso
1577 2488 1612 2518 et
1630 2495 1772 2528 capesso
1879 2469 1895 2528 ξ

271 2552 566 2577 commemorem.
629 2545 756 2589 itaque
794 2545 1052 2589 imperativum
1089 2545 1220 2586 futuri,
1260 2556 1387 2588 quem,
1433 2544 1603 2589 quicquid
1642 2543 1773 2585 dicant,
1878 2537 1904 2588 ἓξ,

272 2600 397 2643 priscae
423 2602 554 2646 linguae
581 2604 839 2638 vindicandum
866 2607 981 2648 putat,
1009 2615 1082 2638 non
1108 2603 1325 2637 habebimus
1353 2605 1522 2647 ineipesse
1549 2602 1702 2647 OEaptiv.
1728 2603 1772 2641 II,
1882 2591 1894 2617 ⁸⁴

272 2658 302 2699 1,
329 2658 400 2701 20).
452 2661 545 2695 Nihil
572 2662 806 2701 intercedam,
846 2664 875 2698 si
914 2664 994 2708 quis
1033 2663 1138 2704 dicat,
1178 2663 1213 2696 id
1245 2663 1480 2704 elementum,
1519 2663 1615 2707 quod
1649 2662 1685 2696 in
1717 2662 1772 2696 his
1883 2670 1893 2692 ³

270 2718 389 2752 verbis
415 2719 593 2763 fingendis
619 2722 730 2756 radici
757 2723 939 2757 adiectum
965 2723 1021 2764 sit,
1055 2726 1164 2766 atque
1191 2723 1237 2763 id,
1271 2733 1342 2766 quo
1376 2725 1480 2756 vetus
1512 2722 1678 2756 futurum
1704 2721 1772 2755 for·
1874 2702 1891 2781 ξ

270 2780 410 2811 matum
438 2778 494 2821 sit,
522 2784 683 2823 cognatae
709 2792 787 2815 esse
814 2781 971 2825 originis.
1876 2782 1896 2844 lg

214 2832 241 2876 ¹)
269 2836 308 2869 In
336 2836 518 2871 Sanscrita
544 2849 689 2882 quoque
716 2840 839 2884 lingua
865 2841 1040 2882 futurum,
1068 2840 1165 2884 quod
1183 2840 1384 2874 secundum
1403 2841 1617 2884 appellatur,
1642 2839 1772 2874 radicis

270 2897 393 2939 kschip
420 2899 474 2930 est
499 2898 746 2940 ksehepsjdmz',
773 2899 1009 2942 praeteritum,
1037 2900 1134 2943 quod
1160 2902 1437 2943 augmentatum
1462 2898 1687 2933 multiforme
1712 2909 1771 2932 vo·
1878 2910 1894 2929 ι)

270 2958 409 2996 carunt,
437 2956 606 3000 quodque
633 2957 766 2991 aoristo
792 2957 909 3001 primo
935 2958 1140 3002 respondet,
1167 2959 1430 3002 akschae'psam.
