1915 3235
953 116 1039 158 552

202 245 296 287 Non
327 245 415 299 fuit
447 246 643 287 armillas
673 250 783 287 tanti
805 247 1016 302 pepigrisse
1054 246 1249 300 Sabinas,
1306 246 1357 288 Ut
1386 252 1625 301 premerent
1663 261 1796 289 sacrae

131 330 182 355 190
201 317 380 371 rbryz'n'z’s
419 330 542 357 arma
582 322 706 371 eaput
745 316 840 370 (cfr.
873 307 961 358 ibd.
989 318 1036 368 ΙΙ,
1071 317 1110 367 5,
1148 318 1167 358 1
1204 320 1247 359 et
1278 318 1326 359 2:
1361 316 1516 360 Nullus
1548 332 1667 359 amor
1690 319 1798 360 tanti

204 392 261 428 est
295 410 362 440 ——,
406 391 451 427 ut
482 387 587 427 mihi
617 388 701 428 sint
732 388 848 428 toties
878 389 1067 429 maxima
1097 393 1192 429 vota
1222 387 1367 441 mori);
1408 389 1568 430 Lucan.
1600 389 1796 430 Pharsal.

202 458 270 507 ΙΙΙ,
312 457 388 499 51:
438 457 524 498 Nee
556 459 717 499 vincere
756 460 876 512 tanti,
929 459 979 500 Ut
1027 459 1174 500 bellum
1222 458 1424 512 differret,
1473 466 1564 502 erat
1610 457 1796 515 (viro).¹)

202 529 314 570 Hinc
354 542 496 582 porro,
545 529 705 571 omisso
747 534 792 570 ut
834 532 877 571 et
919 532 1047 571 certae
1089 531 1150 571 rei
1193 530 1514 583 significatione,
1564 545 1660 584 quae
1706 531 1799 572 fieri

202 602 381 653 propter
413 599 575 652 aliquid
608 601 766 642 debeat
799 601 1064 651 debueritve,
1114 602 1288 654 ponitur
1329 602 1443 642 nude
1485 603 1593 643 tanti
1635 607 1703 652 est,
1751 604 1799 644 ut

203 670 476 723 significetur,
512 671 667 723 agendi
699 671 860 723 aliquid
894 685 1069 713 eausam
1104 685 1211 722 esse,
1245 673 1334 713 sive
1367 672 1420 713 de
1454 675 1570 714 certa
1602 686 1661 722 re,
1702 686 1798 725 quae

204 741 382 782 actionis
426 754 591 782 merces
635 741 689 782 sit
727 755 910 794 quaeque
943 743 1213 784 substantivo
1247 746 1322 784 aut
1352 743 1561 784 infinitivo
1595 756 1799 796 expressa

204 812 385 853 subiecti
426 812 567 853 locum
615 814 774 863 teneat,
824 814 940 854 velut
987 814 1105 867 apud
1147 814 1231 856 Cic.
1265 828 1307 867 p.
1341 814 1441 856 Cael.
1478 814 1544 864 15,
1579 814 1655 855 36:
1704 813 1801 854 Non

197 887 323 937 putat
367 887 440 923 tua
482 883 594 923 dona
637 897 720 924 esse
763 885 882 935 tanti,
932 887 974 926 et
1012 885 1130 938 apud
1171 885 1320 926 Senec.
1362 885 1415 925 de
1448 884 1580 926 Clem.
1615 885 1645 934 Ι,
1678 884 1718 935 9,
1752 883 1799 925 5:

206 953 303 994 Non
336 958 392 995 est
423 955 532 994 tanti
563 956 663 1007 vita,
696 956 733 995 si
755 957 849 1006 eet„
883 955 1046 1005 Quaest.
1080 956 1179 997 Nat.
1202 956 1269 1006 VI,
1304 955 1343 1005 3,
1376 955 1423 996 4:
1461 955 1596 1006 Quum
1627 954 1801 996 timewdi

205 1025 257 1066 sit
290 1038 432 1077 eausa,
465 1039 547 1066 'nora
580 1030 636 1066 est
665 1027 773 1067 tanti
794 1027 913 1079 seire,
946 1041 996 1067 ree
1029 1023 1262 1079 timeasff),
1297 1027 1385 1067 sive
1409 1039 1461 1067 ea
1483 1039 1654 1079 quoque
1676 1027 1802 1079 signi-

206 1096 405 1138 ficatione
438 1097 611 1146 omissa,
655 1098 703 1137 ut
742 1098 1045 1139 tantummodo
1078 1098 1276 1139 universe
1309 1097 1582 1150 intelligatur,
1632 1097 1685 1138 de
1718 1110 1803 1149 quo

205 1168 448 1220 loquamur,
498 1167 641 1208 facere
684 1164 826 1220 operae
869 1169 1056 1221 pretium
1098 1182 1205 1218 esse,
1253 1169 1363 1209 tanti
1402 1181 1495 1209 esse
1528 1168 1583 1218 id,
1633 1168 1686 1209 de
1719 1181 1803 1220 quo

208 1239 431 1292 cogitetur,
480 1243 527 1278 ut
559 1239 774 1291 agendum
808 1240 875 1289 sit,
924 1240 1042 1280 Velut
1075 1240 1192 1292 apud
1225 1239 1475 1281 Ciceronem
1508 1240 1551 1279 in
1584 1239 1702 1279 Verr.
1734 1238 1802 1288 IV,

210 1311 276 1360 12,
312 1310 386 1350 28:
424 1308 666 1362 Fuessttantef,
689 1310 955 1350 mihicrede:
988 1310 1174 1363 haberes,
1207 1310 1316 1365 quod
1338 1309 1596 1363 defenderes.
1650 1309 1804 1362 Operae

207 1381 393 1435 pretium
435 1380 494 1421 ait
527 1364 699 1421 Cicero'
719 1380 911 1422 futurum
947 1381 1076 1422 fuisse
1121 1382 1165 1422 in
1206 1381 1380 1422 tabulas
1424 1394 1514 1422 rem
1557 1380 1720 1421 referre
1763 1382 1806 1420 et

207 1452 437 1493 utilitatem
471 1451 513 1491 id
548 1451 604 1491 ad
637 1451 930 1493 defensionen]
966 1452 1218 1493 habiturum
1251 1452 1395 1492 fuisse.
1460 1450 1644 1503 [Eodem
1676 1451 1805 1492 modo

207 1523 316 1564 Plin.
350 1522 450 1563 Min.
486 1535 552 1574 ep.
586 1522 691 1571 VIII,
734 1522 772 1571 2,
816 1523 862 1572 ὃς
910 1523 1109 1575 negative
1152 1523 1258 1563 dixit
1298 1523 1397 1564 Seu,
1430 1522 1592 1572 Quaest.
1625 1522 1724 1562 Nat.
1756 1521 1804 1572 V,

211 1595 277 1645 18,
313 1594 359 1634 7:
404 1592 497 1632 Non
542 1597 633 1633 erat
665 1594 785 1646 tanti,
834 1595 871 1634 εἰ
910 1594 966 1634 ad
990 1608 1140 1648 pacem
1164 1608 1246 1648 per
1277 1595 1359 1635 ista
1391 1593 1652 1634 veheremur:
1699 1606 1808 1633 narce

209 1679 331 1720 (semme
367 1664 620 1704 evaserirmcs
652 1668 707 1704 tot
739 1665 935 1718 scopulos,
973 1697 980 1704 .
1017 1698 1024 1705 .
1062 1698 1069 1705 .
1114 1666 1205 1719 quis
1238 1666 1316 1705 erit
1347 1665 1472 1705 huius
1503 1663 1660 1704 laboris
1689 1662 1807 1716 fruc-

210 1735 320 1788 tus?]
384 1735 579 1788 Apparet
623 1734 691 1775 hic
734 1734 821 1775 iam
863 1736 1069 1776 transitus
1112 1735 1155 1776 in
1198 1736 1328 1777 aliam
1368 1734 1724 1788 significationem
1766 1735 1809 1774 et

210 1820 333 1860 paene
366 1806 453 1847 iam
487 1805 627 1846 factus
660 1808 738 1856 est,
771 1807 853 1847 nisi
886 1807 1002 1860 quod
1034 1806 1267 1848 obscurum
1301 1810 1366 1847 est
1397 1804 1807 1847 verbi-subiectum.

210 1878 321 1918 Nam
355 1890 487 1929 quum
522 1876 603 1917 diei
635 1878 808 1930 proprie
842 1878 1033 1928 deberet,
1068 1877 1252 1930 effectum
1276 1877 1450 1917 actionis
1481 1876 1590 1917 tanti
1619 1887 1727 1925 esse,
1762 1877 1810 1915 ut

213 1949 318 1989 aetio
350 1950 526 2000 propter
559 1961 659 1989 eum
692 1949 967 2002 suscipienda
1000 1951 1127 1999 esset,
1162 1948 1316 1989 dicitur
1349 1947 1438 1988 fere
1463 1947 1569 1988 aetio
1594 1947 1688 1999 ipsa
1714 1957 1807 1985 esse

214 2020 341 2068 tanti3
389 2032 491 2059 nam
540 2019 584 2059 in
630 2019 703 2060 illa
745 2020 957 2061 brevitate
999 2019 1165 2060 facilius
1204 2019 1249 2060 id
1287 2018 1532 2059 subiectum
1570 2016 1808 2069 suppletur.

213 2089 332 2143 (Fuit
370 2090 478 2130 tanti
519 2090 565 2129 id
604 2090 761 2143 faeere,
819 2104 925 2132 non:
974 2090 1255 2144 defensionem
1296 2088 1460 2141 habere,
1507 2092 1551 2128 ut
1585 2091 1811 2141 propterea

209 2161 353 2214 faeere
386 2158 608 2213 debueris.)
672 2160 832 2202 Contra
872 2164 1021 2202 manet
1052 2161 1189 2213 magis
1229 2161 1273 2200 in
1310 2159 1452 2212 prima
1484 2158 1808 2211 significatione,

214 2232 330 2285 quod
372 2232 499 2272 simili
542 2231 756 2273 brevitate
800 2233 973 2274 dicitur:
1024 2231 1146 2272 Nihil
1190 2235 1246 2272 est
1288 2231 1408 2280 tanti,
1456 2230 1537 2271 hoc
1580 2230 1658 2280 est,
1705 2227 1811 2268 nihil

212 2303 347 2343 habet
378 2305 549 2343 tantum
587 2303 790 2356 pretium,
839 2306 885 2345 ut
928 2302 1168 2344 curandum
1212 2304 1255 2342 et
1296 2301 1458 2354 aliquid
1496 2299 1712 2352 agendum
1744 2299 1811 2349 sit,

214 2386 301 2414 non
334 2386 449 2423 curo,
489 2373 594 2414 nihil
626 2375 686 2415 ita
719 2387 817 2415 mea
849 2374 993 2423 refert,
1034 2375 1081 2414 ut
1112 2385 1240 2425 agere
1274 2371 1434 2424 aliquid
1466 2370 1609 2411 Velim.
1671 2369 1812 2410 Minus

214 2445 330 2485 reete
363 2444 631 2486 Tursellinus
663 2445 755 2485 vult
788 2457 902 2485 esse:
943 2457 1052 2494 „non
1079 2443 1303 2496 expedit“;
1336 2441 1466 2494 paulo
1490 2441 1663 2482 melius:
1703 2452 1813 2490 „non

214 2515 324 2556 tanti
358 2514 603 2555 faciendum
647 2517 754 2556 est“.
819 2516 905 2556 Ter
952 2515 1034 2556 hoc
1081 2514 1229 2555 Cicero
1276 2512 1319 2553 in
1367 2511 1566 2553 familiari
1613 2522 1812 2552 sermone

255 2712 283 2758 ¹)
309 2714 426 2749 Huius
452 2725 539 2748 usus
565 2714 708 2748 inflexio
735 2715 902 2758 quaedam
930 2717 985 2748 est
1010 2713 1107 2758 apud
1133 2712 1322 2756 Virgilium
1348 2711 1384 2745 in
1403 2711 1558 2753 AEn.111‚
1585 2709 1665 2752 453,
1693 2710 1737 2744 de
1763 2709 1814 2743 rei

312 2773 553 2807 incommodae
578 2773 613 2807 vi
640 2776 675 2807 et
706 2776 894 2807 momento
928 2772 974 2806 ad
1006 2772 1284 2806 retardandum:
1323 2772 1392 2804 Hie
1426 2771 1490 2804 tibi
1523 2781 1564 2804 ne
1601 2781 1674 2814 qua
1705 2779 1815 2803 moroe

311 2834 450 2875 fuerint
475 2833 664 2875 dispendia
691 2833 793 2874 tanti,
826 2833 919 2874 Quin
945 2833 1054 2865 adeas
1079 2835 1203 2864 vatem.

256 2889 285 2935 2>
313 2889 367 2934 [In
402 2891 525 2925 Senec.
559 2889 733 2924 Phoeniss.
761 2901 793 2924 v.
820 2890 841 2922 2
874 2892 967 2924 tanti
998 2895 1048 2924 est
1081 2889 1176 2934 apud
1210 2888 1430 2923 infinitivum
1464 2886 1637 2932 praeteriti
1670 2889 1814 2929 tempus

314 2961 462 2994 prorsus
487 2949 681 2994 significat:
709 2960 779 2983 non
798 2947 973 2992 poenitet]
