1866 3216
687 967 724 1024 P
746 985 777 1026 r
796 983 848 1026 ae
867 967 901 1025 f’
909 984 947 1025 a
967 969 994 1025 t
1012 967 1033 1026 i
1054 983 1085 1025 0

374 1086 524 1139 prioris
557 1086 783 1127 voluminis
817 1099 855 1127 a.
889 1086 1250 1128 MDCCCXXXIV
1283 1086 1398 1128 editi.

214 1274 313 1354 Qui
334 1310 415 1351 hoc
438 1310 651 1350 volumine
675 1311 1097 1362 comprehenduntur
1120 1311 1262 1360 libelli,
1297 1311 1336 1356 ii,
1370 1312 1527 1363 praeter
1552 1310 1675 1361 quin-

94 1396 183 1434 tum
219 1396 261 1434 et
291 1393 536 1445 septimum,
582 1405 607 1432 a
640 1405 724 1444 qua
757 1392 979 1433 occasione
1012 1394 1091 1434 orti
1124 1393 1220 1437 sint.
1259 1393 1409 1434 titulus
1448 1393 1538 1446 ipse
1580 1392 1676 1432 libri

93 1475 291 1517 ostendit.
368 1474 704 1527 Programmatis
761 1475 873 1515 enim
927 1475 1161 1516 academiae
1212 1475 1473 1516 Hauniensis
1521 1475 1672 1514 horum

94 1558 280 1610 quinque
327 1570 538 1597 annorum
586 1556 731 1597 inserti
780 1557 965 1598 fuerunt.
1049 1558 1165 1599 Duas
1214 1558 1307 1599 illas
1365 1557 1676 1609 disputationes

93 1643 266 1693 propter
299 1639 539 1692 argumenti
577 1639 898 1680 similitudinem
938 1642 979 1681 et
1019 1639 1315 1692 cognationem
1363 1639 1549 1687 adiunxi,
1598 1651 1676 1679 nec

92 1723 188 1763 ideo
222 1723 275 1763 ab
309 1722 654 1763 academicorum
676 1723 978 1775 opusculorum
1007 1722 1179 1763 nomine
1202 1722 1492 1763 recedendum
1514 1720 1675 1774 putavi.

92 1804 185 1845 Hoc
219 1817 295 1856 ego
329 1804 526 1845 universo
559 1804 772 1845 scribendi
805 1818 973 1858 genere,
1015 1805 1129 1858 quod
1168 1807 1307 1846 totum
1346 1818 1431 1846 non
1471 1807 1560 1845 tani
1601 1817 1675 1844 Vo-

93 1887 256 1927 luntate
289 1888 332 1927 et
363 1886 602 1927 studiorum
642 1887 879 1928 rationibus
918 1888 1079 1940 regitur
1121 1901 1251 1940 quam
1293 1887 1464 1928 aliunde
1502 1886 1674 1939 pendet,

93 1982 175 2010 non
210 1982 383 2022 possum
417 1982 487 2009 me
519 1969 721 2010 delectari
755 1970 908 2010 dicere.
971 1970 1033 2010 Ac
1066 1970 1207 2022 potius
1240 1983 1354 2010 nunc
1387 1969 1529 2013 etiam.
1563 1969 1674 2009 hun(-

93 2052 248 2092 librum
297 2051 611 2104 contemplans,
667 2065 824 2104 angore
881 2052 1068 2104 quodam
1120 2052 1251 2093 animi
1305 2052 1486 2100 afficior,
1543 2064 1673 2103 quum

93 2134 242 2187 cogito,
276 2136 366 2175 tam
398 2134 535 2175 multa
567 2147 592 2174 a
624 2147 693 2174 me
726 2136 814 2175 tam
847 2135 996 2186 paucis
1029 2134 1152 2176 annis
1176 2134 1354 2187 carptim
1389 2146 1482 2174 esse
1515 2132 1674 2185 scripta

93 2217 146 2258 de
179 2216 397 2258 disiunctis
431 2216 693 2268 argumentis
727 2219 769 2257 et
801 2216 975 2257 minutis
1007 2216 1151 2266 rebus,
1192 2230 1322 2269 quum
1361 2216 1531 2256 interim
1571 2215 1675 2256 nihil

94 2312 245 2340 eorum
273 2299 478 2351 perficere
510 2299 735 2351 potuerim,
771 2311 866 2351 quae
888 2311 1027 2351 neque
1051 2299 1267 2340 frustatim
1291 2299 1513 2340 concidere
1536 2311 1674 2350 neque

95 2382 246 2422 Latina
278 2381 469 2422 oratione
502 2381 678 2422 induere
711 2394 849 2434 neque
883 2381 1040 2423 chartis
1073 2382 1128 2422 ad
1162 2381 1548 2423 diversissimorum
1584 2383 1674 2420 stu-

95 2463 261 2504 diorum
293 2464 488 2504 homines
520 2463 777 2516 vagantibus
810 2463 1018 2504 mandare
1040 2464 1253 2505 volebam.
1309 2464 1392 2505 Sed
1417 2476 1546 2515 quum
1571 2462 1675 2503 mihi

94 2546 206 2587 hanc
237 2545 451 2587 scribendi
483 2546 666 2587 formam
697 2546 887 2586 muneris
919 2546 1003 2587 mei
1034 2547 1143 2587 ratio
1183 2549 1225 2586 et
1263 2546 1390 2586 officii
1422 2546 1673 2597 imponeret,

95 2628 193 2669 dedi
225 2641 414 2681 operam.
449 2633 507 2677 ut,
543 2629 711 2670 etiamsi
743 2628 889 2669 tenuia
922 2630 1076 2677 essent,
1118 2641 1213 2680 quae
1245 2627 1576 2680 programmatis
1609 2627 1673 2667 in-

96 2710 381 2760 cluderentur,
429 2724 515 2751 non
559 2715 702 2752 essent
744 2713 891 2752 tamen
931 2711 1094 2760 inania,
1144 2711 1220 2751 sed
1263 2710 1423 2762 aliquid
1464 2709 1675 2750 haberent.

94 2792 206 2842 novi,
247 2792 360 2845 quod
400 2793 622 2846 philologis
661 2793 826 2842 saltem,
867 2793 902 2834 si
941 2794 984 2834 in
1023 2806 1074 2834 ea
1112 2792 1371 2841 incidissent,
1412 2791 1515 2832 utile
1547 2793 1671 2832 esset.

96 2874 204 2915 Nam
239 2877 280 2915 et
310 2875 424 2915 locos
457 2875 618 2928 aliquot
650 2888 701 2916 ex
732 2875 932 2916 historico
964 2876 1116 2916 horum
1141 2875 1376 2916 studiorum
1401 2887 1568 2926 genere,
1603 2873 1674 2927 qui
