1915 3235
146 1207 195 1232 211

974 142 1060 184 570

217 275 363 324 suerit,
411 275 472 324 ut,
516 273 630 314 facta
668 272 837 314 dicendi
869 272 1198 323 intermissione,
1232 286 1488 326 responsum
1523 275 1816 326 exspectaret3

217 357 367 386 ornnes
402 358 454 385 ex
485 343 700 385 rhetorico
732 344 804 385 illo
836 357 993 396 genere
1025 346 1137 394 sunt,
1179 357 1256 397 per
1289 357 1397 397 quas
1430 344 1666 396 quaerendo
1699 344 1817 386 affir-

216 428 402 465 mamus,
437 428 660 467 negamus,
698 414 939 456 refutamus
964 415 1249 465 adversarios,
1284 414 1645 468 reprehendimus
1678 415 1818 456 homi-

216 499 293 527 nes
328 488 404 527 aut
435 486 681 536 laudamus,
725 485 1041 538 conquerimur,
1086 499 1269 539 quaeque
1302 488 1403 527 sunt
1435 486 1605 527 similia.
1668 486 1818 539 Itaque

217 557 317 598 hinc
348 557 467 598 nulla
498 557 648 610 regula
683 557 739 598 ad
772 569 932 609 genera
965 557 1249 598 discernenda
1289 557 1401 598 sumi
1438 558 1607 609 potest3
1654 569 1734 597 nec
1774 556 1819 597 id

217 627 450 669 obscurum
485 627 564 668 erit
605 641 656 668 ea
689 627 902 680 exempla,
952 627 1108 680 quibus
1148 628 1393 681 Kruegerus
1433 629 1475 668 et
1514 627 1586 668 alii
1625 628 1817 678 utuntur,

216 698 413 749 intuenti,
454 698 573 739 velut
605 698 722 748 illud,
765 712 849 751 quo
882 698 1143 749 BillrothiUS,
1194 712 1245 740 ex
1278 699 1461 741 Caesaris
1494 698 1613 739 Bello
1646 697 1754 739 Gall.
1787 698 1817 749 I,

216 770 286 820 40,
335 770 410 811 ubi
450 771 577 822 putat
616 782 765 810 veram
805 782 899 811 esse
940 770 1341 823 interrogationem,
1392 770 1507 823 quod
1548 769 1818 810 coniunctivo

218 840 364 882 Caesar
396 840 543 882 utitur.
608 839 873 890 Quaesivitne
905 840 1033 893 igitur
1065 841 1223 892 Caesar,
1264 841 1383 882 cuius
1417 843 1482 882 est
1514 840 1664 891 oratio,
1699 840 1818 893 quic-

217 924 349 962 quam
394 924 416 951 e
458 910 679 962 militibus,
729 911 786 952 ad
829 911 944 964 quod
986 911 1067 952 sibi
1110 912 1362 965 responderi
1404 912 1560 954 vellet?
1607 912 1744 953 Immo
1783 911 1819 954 is

217 994 303 1022 non
342 981 485 1023 minus
528 982 834 1035 interrogando
880 985 1209 1036 argumentatur
1252 996 1383 1036 quam
1426 983 1469 1024 in
1512 996 1562 1025 eo
1607 982 1818 1036 exemplo,

218 1052 334 1104 quod
367 1053 631 1094 contrarium
665 1054 811 1095 statim
852 1067 903 1094 ex
936 1054 1041 1094 Livii
1074 1054 1147 1095 lib.
1180 1054 1197 1094 I
1230 1067 1265 1095 c.
1300 1054 1356 1095 50
1395 1055 1581 1107 ponitur,
1623 1054 1818 1095 Turnus:

220 1124 289 1164 An
322 1124 543 1178 quicquam
574 1125 794 1178 superbius
827 1138 911 1166 esse
943 1125 1058 1166 cet?
1101 1126 1155 1166 Et
1186 1126 1303 1178 quod
1335 1126 1583 1168 Billrothius
1626 1126 1709 1167 illic
1741 1126 1819 1168 ad-

220 1194 388 1236 scribit:
423 1200 459 1236 et
490 1197 691 1250 (Juoesivit,
727 1196 830 1248 quid
864 1209 963 1237 eum
996 1196 1218 1249 prohibuit
1249 1197 1317 1238 hic
1350 1211 1521 1251 quoque
1551 1197 1818 1239 adscribere:

219 1271 254 1307 et
286 1267 488 1321 quaesivit,
522 1281 622 1308 num
655 1268 876 1323 quicquam
909 1265 1062 1320 cet.?1)

337 1337 642 1380 Confitendum
677 1341 742 1380 est
781 1339 922 1392 igitur,
970 1338 1075 1379 nihil
1115 1338 1257 1380 adhuc
1302 1339 1355 1380 de
1397 1340 1478 1381 hoc
1521 1329 1678 1392 genere
1721 1352 1819 1381 ora-

218 1409 346 1450 tionis
379 1410 588 1451 traditum
623 1423 730 1459 esse,
766 1410 882 1463 quod
915 1410 1143 1450 veritatem
1176 1410 1420 1463 attingeret.
1484 1411 1537 1452 Et
1569 1412 1719 1452 tamen
1750 1423 1818 1452 res

220 1480 345 1521 certis
380 1482 422 1521 et
454 1481 667 1522 facillimis
701 1481 859 1534 regulis
895 1481 1203 1533 comprehendi
1235 1484 1379 1534 potest
1410 1482 1492 1523 hoc
1525 1481 1676 1523 modo:

337 1551 391 1592 A.
456 1551 606 1593 Omnis
639 1552 932 1605 interrogatio,
975 1565 1072 1604 quae
1112 1554 1231 1593 recta
1263 1553 1457 1593 oratione
1489 1553 1537 1594 fit
1570 1551 1820 1606 simpliciter

219 1635 295 1674 per
327 1622 505 1664 modum
540 1623 822 1665 indicativum
849 1624 1008 1677 primm
1048 1628 1084 1664 et
1121 1624 1255 1664 tertiae
1284 1637 1491 1677 per-some,
1539 1623 1583 1664 in
1623 1623 1818 1665 oratione

218 1693 393 1746 obliqua
425 1695 581 1736 transit
613 1695 655 1735 in
689 1694 985 1736 accusativum
1020 1707 1117 1735 cum
1150 1694 1372 1736 infinitivo.
1429 1694 1572 1745 Quum
1606 1695 1719 1736 enim
1754 1695 1818 1735 in-

216 1766 450 1818 terrogatio
482 1765 589 1806 nihil
622 1765 738 1807 aliud
772 1766 827 1806 sit
858 1765 940 1807 nisi
979 1765 1214 1807 declaratio
1254 1768 1329 1807 aut
1368 1765 1568 1807 universe
1608 1766 1664 1807 ad
1703 1765 1818 1807 affir-

216 1836 427 1876 mandum
459 1837 765 1890 negandumve
797 1837 1020 1890 proposita
1052 1839 1128 1878 aut
1160 1838 1281 1878 cuius
1303 1850 1405 1890 pars
1429 1837 1574 1890 aliqua
1596 1837 1818 1890 ignoratur

217 1908 259 1946 et
292 1907 511 1959 quaeritur,
552 1921 774 1961 quumque
812 1908 979 1949 infinita
1012 1908 1325 1949 sententiarum
1358 1908 1499 1950 forma
1530 1909 1574 1949 in
1606 1910 1817 1961 perpetua

216 1978 410 2019 oratione
454 1978 630 2031 obliqua
673 1992 761 2020 non
805 1979 860 2020 ad
901 1981 1063 2020 certam
1098 1979 1289 2032 aliquam
1322 1982 1365 2020 et
1395 1979 1639 2032 proximam
1673 1979 1816 2020 decla-

215 2048 340 2089 randi
373 2050 639 2091 sentIendive
674 2049 1044 2102 significationem,
1079 2050 1155 2091 sed
1188 2051 1245 2092 ad
1267 2051 1514 2103 generalem
1538 2053 1580 2091 et
1602 2052 1817 2091 remotam

215 2119 441 2169 referatur,
477 2121 608 2162 etiam
641 2121 962 2173 interrogativae
985 2121 1211 2162 sententiae
1235 2121 1274 2162 ei
1295 2121 1574 2174 interpositae,
1611 2121 1815 2174 quoniam

214 2189 319 2230 nulli
353 2193 469 2232 certo
503 2191 637 2233 verbo
671 2191 999 2241 subnectuntur,
1041 2192 1238 2245 deposita
1270 2205 1350 2233 sua
1382 2195 1498 2242 nota,
1539 2205 1815 2234 communem

253 2329 281 2372 ¹)
308 2331 465 2366 Omnino
492 2336 625 2374 errant,
659 2333 720 2377 qui
753 2333 1017 2367 obliviscuntur
1049 2331 1326 2375 (obliviscuntur
1351 2337 1475 2367 autem
1501 2333 1607 2368 multi
1634 2336 1669 2368 et
1694 2331 1813 2377 saepe),

308 2392 583 2434 grammaticam
611 2393 746 2426 versari
778 2392 814 2426 in
848 2393 926 2437 ipsa
958 2394 1075 2427 forma
1108 2392 1373 2428 sententiarum
1406 2396 1516 2436 atque
1548 2403 1591 2427 ex
1624 2403 1666 2426 ea
1691 2391 1815 2426 omnia

308 2450 477 2493 pendere,
505 2455 540 2485 et
565 2453 842 2496 grammaticam
868 2453 1128 2496 proprietatem
1154 2463 1197 2486 ex
1216 2463 1258 2486 eo
1277 2452 1467 2496 explicant,
1495 2452 1591 2495 quod
1611 2462 1667 2485 res
1686 2452 1813 2485 eadem

307 2509 377 2542 alio
404 2510 512 2543 modo
539 2511 678 2555 concipi
711 2515 747 2545 et
778 2511 931 2555 proponi
964 2511 1133 2555 potuerit.
1191 2511 1300 2545 Cuius
1332 2511 1472 2555 generis
1505 2511 1713 2555 exemplum
1748 2513 1812 2551 est,

308 2579 433 2611 quum,
473 2580 518 2603 ne
551 2574 728 2613 cogantur
760 2571 892 2605 rectius
919 2572 962 2605 de
989 2570 1266 2615 pronominibus
1293 2572 1484 2614 quisquam
1510 2574 1546 2604 et
1571 2571 1668 2604 ullus
1692 2569 1814 2614 praeci-

307 2639 403 2671 pere,
443 2628 538 2662 hanc
571 2630 809 2663 sententiam:
854 2631 954 2664 Titus
985 2632 1103 2664 ‘rnalor
1135 2635 1185 2663 est
1211 2641 1320 2673 quam
1346 2631 1537 2673 qnisquam
1563 2631 1669 2670 alius,
1708 2639 1813 2673 nega-

307 2687 420 2720 tivam
447 2687 582 2721 dicunt.
634 2688 760 2732 Itaque
787 2689 848 2732 qui
874 2700 990 2733 nuper
1017 2690 1060 2723 de
1093 2689 1148 2723 his
1174 2688 1359 2723 vocabulis
1392 2688 1473 2732 egit,
1507 2687 1812 2731 Stuerenburgius

308 2744 404 2790 (post
430 2746 612 2780 Ciceronis
638 2747 748 2781 libros
781 2748 825 2781 de
851 2747 936 2790 off),
977 2749 1073 2792 quod
1111 2748 1156 2782 ab
1195 2747 1256 2781 illa
1294 2747 1385 2781 falsa
1422 2747 1624 2791 negationis
1663 2746 1811 2780 notione

307 2805 490 2849 profectus
523 2809 610 2847 erat,
650 2817 788 2848 omnes,
827 2818 918 2851 quos
950 2810 1066 2848 norat,
1105 2806 1192 2840 certi
1218 2806 1358 2851 generis
1384 2807 1493 2847 locos,
1532 2806 1569 2839 in
1596 2805 1728 2849 quibus
1754 2805 1811 2840 vel

307 2864 466 2898 maxime
493 2864 628 2898 eminet
654 2868 785 2898 natura
811 2865 1046 2909 pronominis,
1073 2866 1279 2909 generalem
1306 2865 1588 2900 affirmationem
1610 2863 1810 2908 significan-

308 2923 363 2965 tis,
391 2934 504 2967 quum
531 2923 582 2957 sic
609 2923 755 2957 dicitur:
784 2925 877 2957 Mihi
901 2926 1059 2958 accidere
1078 2930 1206 2968 potest,
1234 2926 1327 2969 quod
1349 2926 1517 2968 cuiquam
1537 2928 1663 2967 potest,
1691 2933 1810 2957 corru-

306 2982 376 3023 pit;
404 2981 622 3026 corrupisset
648 2981 781 3025 plures,
808 2983 837 3016 si
864 2983 1032 3018 collectos
1058 2984 1245 3018 habuisset
1254 2996 1261 3024 ;
1289 2983 1352 3018 sed
1379 2983 1423 3017 de
1449 2982 1504 3017 his
1530 2982 1630 3017 alias.
