1915 3235
953 136 1038 177 428

201 270 324 321 puto:
359 281 485 322 (suum
516 266 625 307 Ιῑαηο
658 271 752 307 emate
785 267 974 306 (mittere
1006 278 1087 306 non
1111 265 1356 319 potuissent.
1409 264 1457 305 In
1489 264 1624 306 altero
1657 277 1796 305 mem-

201 341 278 380 bro
310 339 565 379 mendosum
602 339 667 378 est
698 337 835 385 leuius,
869 350 947 389 pro
981 350 1065 389 quo
1098 337 1141 377 in
1166 336 1253 376 Erf.
1288 338 1353 376 est
1383 335 1437 384 lz.,
1471 335 1515 375 id
1548 338 1624 385 est,
1657 336 1701 376 in
1725 335 1797 377 illo

202 410 358 459 codice,
392 410 466 450 hoc
494 411 570 450 aut
603 412 759 456 autenm
810 406 902 459 [hoc
934 407 1065 448 etiam
1097 408 1140 447 in
1173 407 1325 447 ceteris
1359 406 1577 447 codicibus
1610 406 1797 459 antiquis

201 481 331 521 fuisse
378 492 492 521 nunc
532 477 727 531 scimus}
798 478 915 520 Licet
954 478 1081 531 igitur
1120 478 1327 526 scribere;
1375 467 1501 532 (jacam
1547 476 1620 517 hoc
1666 477 1798 518 solum

201 552 382 592 cecitatis
413 551 641 591 mutatione
677 551 907 598 1.·ertissent;
941 562 1091 590 verum
1124 561 1228 589 num
1261 548 1334 588 hoc
1355 548 1486 588 solum
1508 547 1553 588 in
1573 547 1657 588 hac
1678 548 1797 589 locu-

202 624 315 664 tione
349 622 432 662 dici
464 621 613 674 possit,
647 621 691 661 id
714 623 790 671 est,
826 620 1076 669 Romanum,
1111 619 1300 660 dubitari
1322 621 1477 671 potest,
1512 632 1645 671 quum
1668 619 1799 659 solum

201 693 400 734 universe
431 692 533 745 poni
565 691 764 732 videatur
803 694 845 732 et
885 691 937 732 de
977 704 1027 732 eo
1067 690 1172 740 loco,
1223 690 1294 742 qui
1334 689 1614 742 relinquatur,
1663 692 1706 730 et
1745 690 1798 731 de

202 777 264 813 eo,
313 765 357 804 in
405 776 533 815 quem
581 763 799 810 veniatur;
851 766 941 802 tum
989 762 1127 802 solum
1176 762 1283 802 verti
1331 760 1465 801 videri
1513 763 1657 813 potest
1703 762 1798 814 ipsa

202 834 455 887 migratione
505 833 668 885 (itaque
712 833 885 874 additur
932 833 1150 873 interdum
1184 832 1300 873 exilii
1347 830 1506 884 causa),
1554 845 1642 873 non
1689 831 1797 873 alius

202 905 384 946 civitatis
418 904 704 956 susceptione.
768 904 945 944 Meliora
977 906 1124 944 tamen
1156 916 1243 944 non
1281 902 1462 955 reperio,
1511 915 1590 943 nec
1629 902 1799 944 videtur

201 976 350 1017 Cicero
383 976 426 1016 in
458 975 524 1015 his
558 974 923 1026 disputationibus
957 974 1193 1015 admodum
1227 973 1423 1026 religiose
1456 986 1604 1014 veram
1637 973 1724 1014 vim
1758 976 1799 1015 et

200 1060 326 1088 usum
359 1049 554 1087 Veterum
589 1045 870 1086 formularum
906 1058 1094 1086 servare.
1158 1044 1244 1085 Sed
1283 1049 1331 1085 ut
1364 1044 1456 1084 haec
1488 1045 1651 1085 incerta
1684 1047 1797 1094 sunt,

201 1118 258 1159 ita
290 1117 394 1158 illud
428 1120 605 1166 certum,
647 1130 724 1170 pro
766 1116 960 1165 vidimus,
1001 1116 1117 1168 quod
1150 1119 1215 1157 est
1246 1117 1290 1156 in
1323 1115 1540 1156 codicibus
1574 1118 1616 1156 et
1649 1115 1799 1157 editio—

202 1190 341 1236 nibus,
376 1188 654 1229 scribendum
678 1201 773 1228 esse
809 1187 1005 1228 ridemus.
1055 1187 1163 1228 lllud
1195 1186 1406 1240 significat
1427 1199 1520 1226 rem
1542 1186 1724 1227 oratoris
1759 1190 1802 1227 et

201 1260 446 1301 auditorum
494 1259 704 1300 memoria
752 1258 933 1306 factam,
990 1259 1110 1300 cuius
1166 1258 1248 1311 ipsi
1305 1257 1464 1298 fuerint
1518 1259 1797 1309 spectatores,

202 1334 332 1373 testes
366 1332 450 1371 sint
483 1332 548 1383 (ut
583 1329 668 1369 fida·
700 1328 735 1380 ξ-
756 1328 843 1381 30),
886 1331 968 1370 hoc
1000 1329 1205 1370 traditam
1240 1332 1282 1370 et
1315 1328 1440 1381 Vulgo
1473 1331 1635 1377 notam,
1685 1329 1801 1380 quod

201 1403 267 1443 liic
300 1403 441 1443 locum
474 1401 621 1442 habet.
685 1401 796 1441 Nam
831 1400 875 1441 C.
910 1400 1017 1441 Cato
1051 1401 1281 1441 damnatus
1322 1402 1415 1440 erat
1447 1402 1628 1451 septem,
1677 1402 1800 1440 ante-

202 1487 332 1526 quam
368 1473 515 1514 Cicero
549 1474 614 1512 est
646 1474 787 1519 natus,
822 1472 958 1521 annis,
994 1471 1043 1521 Q.
1071 1471 1216 1524 Caepio
1242 1484 1369 1520 anno,
1403 1469 1591 1511 Rutilius
1624 1472 1800 1523 quattu-

201 1545 390 1585 ordecim
423 1545 521 1596 post
553 1542 689 1591 annis,
723 1542 888 1594 reliqui,
923 1545 969 1583 ut
1002 1543 1184 1592 videtur,
1222 1543 1353 1583 etiam
1385 1542 1518 1594 prius.

320 1614 364 1656 C.
396 1615 462 1663 12,
498 1614 552 1655 29
587 1614 684 1654 duae
717 1616 818 1654 sunt
851 1613 1060 1663 codicum,
1095 1627 1278 1666 quorum
1311 1612 1487 1665 aliquod
1511 1614 1578 1653 est
1601 1625 1798 1653 momen-

201 1690 306 1735 tum,
341 1686 578 1738 scripturae,
613 1684 748 1725 altera
782 1683 984 1724 secundae
1012 1684 1186 1725 familiae
1213 1684 1272 1738 (S.
1298 1684 1421 1733 Vict.,
1455 1683 1501 1733 E,
1535 1683 1656 1733 Pali„
1691 1682 1798 1724 Oxx.

203 1755 426 1809 plurium):
476 1756 606 1810 Atque?
649 1761 792 1796 eeterce
835 1756 1020 1795 unitates
1062 1769 1200 1796 omnes
1243 1769 1323 1795 non
1365 1753 1607 1794 dubitarent
1640 1759 1797 1795 nostros

203 1828 382 1881 recipere
423 1828 465 1867 m
512 1840 612 1867 suas
659 1827 856 1874 civitates,
907 1826 1043 1867 altera
1091 1827 1245 1879 prioris
1293 1825 1357 1878 (P,
1406 1825 1553 1874 HerV„
1603 1823 1794 1877 Lamb.):

202 1900 331 1953 Atque·
363 1903 505 1939 cetera*
538 1899 723 1938 civitates
755 1911 836 1938 mm
869 1897 1110 1938 dubitarent
1149 1902 1308 1938 nostros
1347 1909 1484 1936 omnes
1523 1894 1582 1948 (id
1621 1900 1698 1946 est,
1747 1899 1795 1937 ut

201 1969 437 2010 Gulielmus
470 1969 693 2021 vulgarem
727 1981 916 2009 errorem
951 1967 1146 2018 correxit,
1179 1966 1380 2021 homines)
1414 1967 1665 2022 reciperem
1699 1980 1799 2008 suas

148 2051 173 2073 ’Δ
202 2041 406 2089 cit-itate&
456 2052 507 2080 ex
539 2040 605 2081 his
639 2040 899 2081 Garatonius
938 2040 1111 2080 tertiam
1146 2040 1400 2092 composuit,
1451 2052 1582 2092 quam
1615 2038 1798 2080 Orellius

201 2111 380 2163 recepit:
430 2110 561 2165 Atque?
607 2115 750 2151 cetere&
797 2111 983 2151 civitates
1030 2124 1168 2150 omnes
1210 2133 1262 2137 —
1306 2115 1466 2151 nostros
1498 2110 1682 2151 homines
1714 2112 1794 2150 cet.

201 2181 359 2222 Verum
393 2184 499 2231 erat,
534 2181 662 2233 quod,
698 2181 908 2222 Gulielmo
940 2183 1176 2234 praeeunte,
1211 2181 1461 2222 Schuetzius
1494 2181 1646 2229 edidit;
1694 2193 1797 2221 nam

201 2251 409 2293 Romanis
443 2252 643 2292 universe
677 2254 719 2292 et
742 2253 981 2304 generatim
1007 2252 1138 2293 ceteri
1164 2252 1364 2293 contrarii
1397 2254 1628 2304 ponuntur,
1662 2265 1800 2292 omnes

202 2322 301 2363 addi
334 2335 413 2362 nec
446 2335 553 2374 opus
588 2325 680 2363 erat
720 2325 762 2363 et
800 2336 954 2375 parum
995 2319 1206 2375 aptum.¹)
1269 2323 1365 2364 Non
1411 2336 1589 2376 possum
1637 2325 1797 2372 autem,

204 2393 306 2445 quin
339 2394 482 2443 mirer,
518 2394 768 2435 Ciceronem
802 2396 893 2435 tam
924 2393 1076 2434 vitiose
1108 2395 1330 2446 scripsisse
1362 2417 1419 2421 —
1452 2407 1536 2447 quo
1570 2394 1683 2434 enim
1715 2393 1799 2435 alio

204 2464 375 2504 nomine
410 2464 658 2516 appellem?
709 2487 763 2492 —
811 2465 1053 2505 eicitates
1099 2465 1148 2504 in
1187 2479 1306 2506 sucos
1343 2466 1582 2505 civitates
1612 2464 1797 2505 homines

204 2535 398 2587 recipere,
447 2535 561 2575 idem
602 2536 862 2576 vocabulum
902 2535 1070 2576 diverso
1103 2535 1344 2587 significatu
1377 2535 1683 2588 duplicantem.
1746 2535 1800 2576 Et

202 2609 349 2645 tamen
381 2605 442 2645 sic
482 2605 664 2657 scripsit.
729 2606 842 2647 Satis
885 2606 971 2647 iam
1015 2608 1080 2646 est
1122 2606 1367 2655 molestum,
1416 2606 1532 2658 quod
1571 2606 1797 2659 praecedit:

205 2680 245 2715 eet
293 2688 461 2729 (luceque
509 2674 731 2729 (civitas)
782 2700 833 2704 —
884 2678 1064 2717 neaoeessme
1122 2699 1174 2703 —
1233 2681 1289 2717 est
1342 2678 1559 2717 conizmcta
1612 2676 1796 2729 (PEAB3

210 2745 328 2797 Vulgo
376 2745 595 2786 coniuncta
643 2746 729 2799 est),
780 2749 838 2788 ita
879 2771 931 2775 -—
975 2748 1299 2788 communionem
1339 2747 1641 2801 beneficiorum,
1681 2761 1795 2802 102·oe-

239 2907 268 2952 ¹)
295 2908 354 2952 [Et
379 2910 406 2943 P
433 2913 468 2944 et
493 2910 694 2944 Beruenses
720 2911 856 2946 habent
883 2912 1039 2946 codices:
1080 2914 1237 2946 cz've'tates
1268 2923 1386 2946 omnes
1420 2932 1462 2934 —
1494 2917 1636 2947 nostros
1667 2922 1795 2953 omnes,

298 2972 338 3002 ut
365 2969 419 3003 ed.
448 2980 479 3002 a.
508 2968 610 3011 1480,
638 2969 820 3004 Garatonii
849 2970 1093 3004 coniecturam
1120 2971 1344 3005 adiuvantes.
1396 2968 1516 3013 1842]
