<?xml version="1.0" encoding="UTF-8"?>
<!DOCTYPE html PUBLIC "-//W3C//DTD XHTML 1.0 Transitional//EN"
    "http://www.w3.org/TR/xhtml1/DTD/xhtml1-transitional.dtd">
<html xmlns="http://www.w3.org/1999/xhtml" xml:lang="en" lang="en">
 <head>
  <title>
</title>
<meta http-equiv="Content-Type" content="text/html;charset=utf-8" />
  <meta name='ocr-system' content='tesseract 3.04.00' />
  <meta name='ocr-capabilities' content='ocr_page ocr_carea ocr_par ocr_line ocrx_word'/>
</head>
<body>
  <div class='ocr_page' id='page_1' title='image "./ionicolaimadvigi00madvuoft_0360.png"; bbox 0 0 1915 3235; ppageno 0'>
   <div class='ocr_carea' id='block_1_1' title="bbox 970 113 1054 154">
    <p class='ocr_par' dir='ltr' id='par_1_1' title="bbox 970 113 1054 154">
     <span class='ocr_line' id='line_1_1' title="bbox 970 113 1054 154; baseline 0.012 -1"><span class='ocrx_word' id='word_1_1' title='bbox 970 113 1054 154; x_wconf 76' lang='lat'>338</span> 
     </span>
    </p>
   </div>
   <div class='ocr_carea' id='block_1_2' title="bbox 72 242 1814 2986">
    <p class='ocr_par' dir='ltr' id='par_1_2' title="bbox 72 242 1814 2986">
     <span class='ocr_line' id='line_1_2' title="bbox 145 242 1807 295; baseline 0 -11"><span class='ocrx_word' id='word_1_2' title='bbox 145 261 194 284; x_wconf 76' lang='lat'>417</span> <span class='ocrx_word' id='word_1_3' title='bbox 335 243 420 284; x_wconf 85' lang='lat' dir='ltr'>Sed</span> <span class='ocrx_word' id='word_1_4' title='bbox 468 256 615 283; x_wconf 85' lang='lat' dir='ltr'>eorum</span> <span class='ocrx_word' id='word_1_5' title='bbox 664 242 873 291; x_wconf 89' lang='lat' dir='ltr'>codicum,</span> <span class='ocrx_word' id='word_1_6' title='bbox 923 243 994 295; x_wconf 90' lang='lat' dir='ltr'>qui</span> <span class='ocrx_word' id='word_1_7' title='bbox 1039 256 1090 283; x_wconf 79' lang='lat' dir='ltr'>ex</span> <span class='ocrx_word' id='word_1_8' title='bbox 1127 242 1198 283; x_wconf 93' lang='lat' dir='ltr'>illo</span> <span class='ocrx_word' id='word_1_9' title='bbox 1238 242 1442 295; x_wconf 88' lang='lat' dir='ltr'>primario</span> <span class='ocrx_word' id='word_1_10' title='bbox 1481 242 1662 284; x_wconf 75' lang='lat' dir='ltr'>derivati</span> <span class='ocrx_word' id='word_1_11' title='bbox 1693 246 1807 293; x_wconf 89' lang='lat' dir='ltr'>sunt,</span> 
     </span>
     <span class='ocr_line' id='line_1_3' title="bbox 72 313 1806 366; baseline 0.001 -12"><span class='ocrx_word' id='word_1_12' title='bbox 72 330 192 356; x_wconf 81' lang='lat'>418-439</span> <span class='ocrx_word' id='word_1_13' title='bbox 219 315 452 356; x_wconf 79' lang='lat' dir='ltr'>admodum</span> <span class='ocrx_word' id='word_1_14' title='bbox 508 314 613 354; x_wconf 78' lang='lat' dir='ltr'>varii</span> <span class='ocrx_word' id='word_1_15' title='bbox 668 314 808 353; x_wconf 82' lang='lat' dir='ltr'>aetatis</span> <span class='ocrx_word' id='word_1_16' title='bbox 863 313 1204 366; x_wconf 73' lang='lat' dir='ltr'>integritatisque</span> <span class='ocrx_word' id='word_1_17' title='bbox 1253 315 1353 354; x_wconf 83' lang='lat' dir='ltr'>sunt</span> <span class='ocrx_word' id='word_1_18' title='bbox 1399 314 1570 365; x_wconf 84' lang='lat' dir='ltr'>gradus.</span> <span class='ocrx_word' id='word_1_19' title='bbox 1647 313 1806 366; x_wconf 85' lang='lat' dir='ltr'>[Quam</span> 
     </span>
     <span class='ocr_line' id='line_1_4' title="bbox 215 383 1811 437; baseline -0.001 -10"><span class='ocrx_word' id='word_1_20' title='bbox 215 388 281 427; x_wconf 89' lang='lat' dir='ltr'>his</span> <span class='ocrx_word' id='word_1_21' title='bbox 321 385 591 426; x_wconf 83' lang='lat' dir='ltr'>subieceram</span> <span class='ocrx_word' id='word_1_22' title='bbox 632 383 826 425; x_wconf 90' lang='lat' dir='ltr'>codicum</span> <span class='ocrx_word' id='word_1_23' title='bbox 866 397 943 437; x_wconf 89' lang='lat' dir='ltr'>per</span> <span class='ocrx_word' id='word_1_24' title='bbox 984 389 1070 425; x_wconf 90' lang='lat' dir='ltr'>tres</span> <span class='ocrx_word' id='word_1_25' title='bbox 1110 383 1295 424; x_wconf 76' lang='lat' dir='ltr'>familias</span> <span class='ocrx_word' id='word_1_26' title='bbox 1335 396 1356 424; x_wconf 91' lang='lat' dir='ltr'>e</span> <span class='ocrx_word' id='word_1_27' title='bbox 1395 384 1599 436; x_wconf 87' lang='lat' dir='ltr'>primario</span> <span class='ocrx_word' id='word_1_28' title='bbox 1639 385 1811 426; x_wconf 84' lang='lat' dir='ltr'>deriva-</span> 
     </span>
     <span class='ocr_line' id='line_1_5' title="bbox 215 454 1811 514; baseline -0.001 -16"><span class='ocrx_word' id='word_1_29' title='bbox 215 461 357 498; x_wconf 88' lang='lat' dir='ltr'>torum</span> <span class='ocrx_word' id='word_1_30' title='bbox 391 455 722 507; x_wconf 79' lang='lat' dir='ltr'>descriptionem</span> <span class='ocrx_word' id='word_1_31' title='bbox 757 456 798 495; x_wconf 91' lang='lat' dir='ltr'>et</span> <span class='ocrx_word' id='word_1_32' title='bbox 831 454 884 495; x_wconf 90' lang='lat' dir='ltr'>de</span> <span class='ocrx_word' id='word_1_33' title='bbox 917 455 1092 507; x_wconf 85' lang='lat' dir='ltr'>singulis</span> <span class='ocrx_word' id='word_1_34' title='bbox 1125 454 1296 495; x_wconf 87' lang='lat' dir='ltr'>familiis</span> <span class='ocrx_word' id='word_1_35' title='bbox 1330 454 1634 514; x_wconf 77' lang='lat' dir='ltr'>codicibusque</span> <span class='ocrx_word' id='word_1_36' title='bbox 1660 455 1811 508; x_wconf 81' lang='lat' dir='ltr'>dispu-</span> 
     </span>
     <span class='ocr_line' id='line_1_6' title="bbox 214 524 1813 578; baseline -0.002 -9"><span class='ocrx_word' id='word_1_37' title='bbox 214 528 421 569; x_wconf 77' lang='lat' dir='ltr'>tationem</span> <span class='ocrx_word' id='word_1_38' title='bbox 454 527 665 566; x_wconf 89' lang='lat' dir='ltr'>minutam</span> <span class='ocrx_word' id='word_1_39' title='bbox 707 527 749 566; x_wconf 92' lang='lat' dir='ltr'>et</span> <span class='ocrx_word' id='word_1_40' title='bbox 789 524 1023 577; x_wconf 88' lang='lat' dir='ltr'>spinosam,</span> <span class='ocrx_word' id='word_1_41' title='bbox 1073 537 1124 566; x_wconf 89' lang='lat' dir='ltr'>ea</span> <span class='ocrx_word' id='word_1_42' title='bbox 1170 526 1230 567; x_wconf 90' lang='lat' dir='ltr'>ita</span> <span class='ocrx_word' id='word_1_43' title='bbox 1270 527 1313 566; x_wconf 92' lang='lat' dir='ltr'>in</span> <span class='ocrx_word' id='word_1_44' title='bbox 1353 526 1494 567; x_wconf 88' lang='lat' dir='ltr'>fallaci</span> <span class='ocrx_word' id='word_1_45' title='bbox 1535 525 1813 578; x_wconf 82' lang='lat' dir='ltr'>instabilique·</span> 
     </span>
     <span class='ocr_line' id='line_1_7' title="bbox 214 595 1811 649; baseline -0.001 -10"><span class='ocrx_word' id='word_1_46' title='bbox 214 598 497 639; x_wconf 86' lang='lat' dir='ltr'>fundamento</span> <span class='ocrx_word' id='word_1_47' title='bbox 531 596 769 637; x_wconf 90' lang='lat' dir='ltr'>collationis</span> <span class='ocrx_word' id='word_1_48' title='bbox 811 595 967 636; x_wconf 89' lang='lat' dir='ltr'>codicis</span> <span class='ocrx_word' id='word_1_49' title='bbox 1006 595 1260 637; x_wconf 86' lang='lat' dir='ltr'>Parisiensis</span> <span class='ocrx_word' id='word_1_50' title='bbox 1299 609 1340 636; x_wconf 89' lang='lat' dir='ltr'>n.</span> <span class='ocrx_word' id='word_1_51' title='bbox 1375 596 1490 637; x_wconf 74' lang='lat'>7794</span> <span class='ocrx_word' id='word_1_52' title='bbox 1529 610 1555 637; x_wconf 88' lang='lat' dir='ltr'>a</span> <span class='ocrx_word' id='word_1_53' title='bbox 1596 596 1811 649; x_wconf 88' lang='lat' dir='ltr'>Krarupio</span> 
     </span>
     <span class='ocr_line' id='line_1_8' title="bbox 215 667 1811 719; baseline -0.001 -9"><span class='ocrx_word' id='word_1_54' title='bbox 215 670 340 710; x_wconf 80' lang='lat' dir='ltr'>factae</span> <span class='ocrx_word' id='word_1_55' title='bbox 374 668 606 709; x_wconf 85' lang='lat' dir='ltr'>constituta</span> <span class='ocrx_word' id='word_1_56' title='bbox 639 669 744 716; x_wconf 88' lang='lat' dir='ltr'>erat,</span> <span class='ocrx_word' id='word_1_57' title='bbox 779 668 827 706; x_wconf 89' lang='lat' dir='ltr'>ut</span> <span class='ocrx_word' id='word_1_58' title='bbox 858 679 998 719; x_wconf 90' lang='lat' dir='ltr'>neque</span> <span class='ocrx_word' id='word_1_59' title='bbox 1031 667 1169 719; x_wconf 87' lang='lat' dir='ltr'>repeti</span> <span class='ocrx_word' id='word_1_60' title='bbox 1201 680 1315 707; x_wconf 89' lang='lat' dir='ltr'>nunc</span> <span class='ocrx_word' id='word_1_61' title='bbox 1347 667 1438 708; x_wconf 89' lang='lat' dir='ltr'>sine</span> <span class='ocrx_word' id='word_1_62' title='bbox 1471 667 1608 708; x_wconf 89' lang='lat' dir='ltr'>multa</span> <span class='ocrx_word' id='word_1_63' title='bbox 1642 680 1811 708; x_wconf 85' lang='lat' dir='ltr'>correc-</span> 
     </span>
     <span class='ocr_line' id='line_1_9' title="bbox 214 737 1809 790; baseline -0.003 -8"><span class='ocrx_word' id='word_1_64' title='bbox 214 741 329 782; x_wconf 89' lang='lat' dir='ltr'>tione</span> <span class='ocrx_word' id='word_1_65' title='bbox 369 740 560 788; x_wconf 82' lang='lat' dir='ltr'>deberet,</span> <span class='ocrx_word' id='word_1_66' title='bbox 608 751 748 790; x_wconf 90' lang='lat' dir='ltr'>neque</span> <span class='ocrx_word' id='word_1_67' title='bbox 788 737 939 790; x_wconf 79' lang='lat' dir='ltr'>corrigi</span> <span class='ocrx_word' id='word_1_68' title='bbox 979 737 1226 790; x_wconf 89' lang='lat' dir='ltr'>singulatim</span> <span class='ocrx_word' id='word_1_69' title='bbox 1268 739 1358 778; x_wconf 90' lang='lat' dir='ltr'>sine</span> <span class='ocrx_word' id='word_1_70' title='bbox 1400 751 1571 779; x_wconf 88' lang='lat' dir='ltr'>summa</span> <span class='ocrx_word' id='word_1_71' title='bbox 1610 738 1809 779; x_wconf 86' lang='lat' dir='ltr'>molestia</span> 
     </span>
     <span class='ocr_line' id='line_1_10' title="bbox 215 808 1809 861; baseline -0.001 -10"><span class='ocrx_word' id='word_1_72' title='bbox 215 813 257 851; x_wconf 92' lang='lat' dir='ltr'>et</span> <span class='ocrx_word' id='word_1_73' title='bbox 289 823 387 851; x_wconf 90' lang='lat' dir='ltr'>mea</span> <span class='ocrx_word' id='word_1_74' title='bbox 420 812 461 851; x_wconf 93' lang='lat' dir='ltr'>et</span> <span class='ocrx_word' id='word_1_75' title='bbox 492 809 702 850; x_wconf 85' lang='lat' dir='ltr'>lectorum</span> <span class='ocrx_word' id='word_1_76' title='bbox 735 810 894 861; x_wconf 90' lang='lat' dir='ltr'>posset.</span> <span class='ocrx_word' id='word_1_77' title='bbox 944 809 1055 849; x_wconf 90' lang='lat' dir='ltr'>Nam</span> <span class='ocrx_word' id='word_1_78' title='bbox 1089 809 1366 861; x_wconf 84' lang='lat' dir='ltr'>Krarupium,</span> <span class='ocrx_word' id='word_1_79' title='bbox 1402 808 1520 849; x_wconf 91' lang='lat' dir='ltr'>cuius</span> <span class='ocrx_word' id='word_1_80' title='bbox 1552 809 1809 850; x_wconf 84' lang='lat' dir='ltr'>testimoniis</span> 
     </span>
     <span class='ocr_line' id='line_1_11' title="bbox 214 879 1812 934; baseline -0.001 -12"><span class='ocrx_word' id='word_1_81' title='bbox 214 883 423 934; x_wconf 87' lang='lat' dir='ltr'>perpetuo</span> <span class='ocrx_word' id='word_1_82' title='bbox 462 894 566 922; x_wconf 90' lang='lat' dir='ltr'>usus</span> <span class='ocrx_word' id='word_1_83' title='bbox 605 893 723 921; x_wconf 89' lang='lat' dir='ltr'>eram</span> <span class='ocrx_word' id='word_1_84' title='bbox 768 880 824 920; x_wconf 94' lang='lat' dir='ltr'>ad</span> <span class='ocrx_word' id='word_1_85' title='bbox 865 879 1032 920; x_wconf 89' lang='lat' dir='ltr'>codices</span> <span class='ocrx_word' id='word_1_86' title='bbox 1074 879 1392 928; x_wconf 88' lang='lat' dir='ltr'>discernendos,</span> <span class='ocrx_word' id='word_1_87' title='bbox 1443 882 1485 920; x_wconf 92' lang='lat' dir='ltr'>et</span> <span class='ocrx_word' id='word_1_88' title='bbox 1523 880 1660 920; x_wconf 91' lang='lat' dir='ltr'>multa</span> <span class='ocrx_word' id='word_1_89' title='bbox 1701 880 1812 920; x_wconf 89' lang='lat' dir='ltr'>omi·</span> 
     </span>
     <span class='ocr_line' id='line_1_12' title="bbox 215 950 1811 1004; baseline -0.002 -11"><span class='ocrx_word' id='word_1_90' title='bbox 215 954 321 993; x_wconf 89' lang='lat' dir='ltr'>sisse</span> <span class='ocrx_word' id='word_1_91' title='bbox 354 954 396 993; x_wconf 90' lang='lat' dir='ltr'>et</span> <span class='ocrx_word' id='word_1_92' title='bbox 428 952 628 1004; x_wconf 79' lang='lat' dir='ltr'>quaedam</span> <span class='ocrx_word' id='word_1_93' title='bbox 661 963 747 992; x_wconf 93' lang='lat' dir='ltr'>non</span> <span class='ocrx_word' id='word_1_94' title='bbox 780 953 894 991; x_wconf 87' lang='lat' dir='ltr'>recte</span> <span class='ocrx_word' id='word_1_95' title='bbox 935 950 1087 1003; x_wconf 84' lang='lat' dir='ltr'>legisse</span> <span class='ocrx_word' id='word_1_96' title='bbox 1135 953 1177 991; x_wconf 91' lang='lat' dir='ltr'>et</span> <span class='ocrx_word' id='word_1_97' title='bbox 1224 951 1423 1003; x_wconf 89' lang='lat' dir='ltr'>antiquas</span> <span class='ocrx_word' id='word_1_98' title='bbox 1472 951 1627 992; x_wconf 86' lang='lat' dir='ltr'>codicis</span> <span class='ocrx_word' id='word_1_99' title='bbox 1675 951 1811 1003; x_wconf 88' lang='lat' dir='ltr'>scrip-</span> 
     </span>
     <span class='ocr_line' id='line_1_13' title="bbox 214 1021 1810 1074; baseline -0.001 -10"><span class='ocrx_word' id='word_1_100' title='bbox 214 1026 334 1065; x_wconf 90' lang='lat' dir='ltr'>turas</span> <span class='ocrx_word' id='word_1_101' title='bbox 368 1036 393 1064; x_wconf 89' lang='lat' dir='ltr'>a</span> <span class='ocrx_word' id='word_1_102' title='bbox 431 1023 743 1063; x_wconf 84' lang='lat' dir='ltr'>mutationibus</span> <span class='ocrx_word' id='word_1_103' title='bbox 789 1023 831 1062; x_wconf 92' lang='lat' dir='ltr'>et</span> <span class='ocrx_word' id='word_1_104' title='bbox 872 1021 1278 1074; x_wconf 86' lang='lat' dir='ltr'>interpolationibus</span> <span class='ocrx_word' id='word_1_105' title='bbox 1321 1024 1472 1074; x_wconf 89' lang='lat' dir='ltr'>postea</span> <span class='ocrx_word' id='word_1_106' title='bbox 1515 1021 1652 1070; x_wconf 87' lang='lat' dir='ltr'>factis,</span> <span class='ocrx_word' id='word_1_107' title='bbox 1700 1034 1810 1062; x_wconf 91' lang='lat' dir='ltr'>non-</span> 
     </span>
     <span class='ocr_line' id='line_1_14' title="bbox 215 1091 1810 1146; baseline -0.001 -12"><span class='ocrx_word' id='word_1_108' title='bbox 215 1094 340 1134; x_wconf 87' lang='lat' dir='ltr'>nullis</span> <span class='ocrx_word' id='word_1_109' title='bbox 388 1094 512 1146; x_wconf 87' lang='lat' dir='ltr'>longe</span> <span class='ocrx_word' id='word_1_110' title='bbox 559 1092 884 1142; x_wconf 87' lang='lat' dir='ltr'>recentioribus,</span> <span class='ocrx_word' id='word_1_111' title='bbox 933 1105 1090 1145; x_wconf 89' lang='lat' dir='ltr'>parum</span> <span class='ocrx_word' id='word_1_112' title='bbox 1138 1092 1363 1145; x_wconf 84' lang='lat' dir='ltr'>diligenter</span> <span class='ocrx_word' id='word_1_113' title='bbox 1410 1093 1657 1141; x_wconf 82' lang='lat' dir='ltr'>secrevisse,</span> <span class='ocrx_word' id='word_1_114' title='bbox 1706 1091 1810 1132; x_wconf 83' lang='lat' dir='ltr'>satis</span> 
     </span>
     <span class='ocr_line' id='line_1_15' title="bbox 215 1161 1806 1217; baseline -0.003 -11"><span class='ocrx_word' id='word_1_115' title='bbox 215 1165 413 1206; x_wconf 89' lang='lat' dir='ltr'>Halmius</span> <span class='ocrx_word' id='word_1_116' title='bbox 454 1164 768 1205; x_wconf 83' lang='lat' dir='ltr'>demonstravit</span> <span class='ocrx_word' id='word_1_117' title='bbox 807 1162 932 1217; x_wconf 81' lang='lat' dir='ltr'>(Mus.</span> <span class='ocrx_word' id='word_1_118' title='bbox 973 1163 1114 1204; x_wconf 88' lang='lat' dir='ltr'>Rhen.</span> <span class='ocrx_word' id='word_1_119' title='bbox 1148 1163 1255 1204; x_wconf 84' lang='lat' dir='ltr'>Nov.</span> <span class='ocrx_word' id='word_1_120' title='bbox 1295 1163 1385 1204; x_wconf 89' lang='lat' dir='ltr'>Ser.</span> <span class='ocrx_word' id='word_1_121' title='bbox 1425 1163 1516 1204; x_wconf 91' lang='lat' dir='ltr'>Vol.</span> <span class='ocrx_word' id='word_1_122' title='bbox 1551 1162 1609 1204; x_wconf 89' lang='lat' dir='ltr'>IX</span> <span class='ocrx_word' id='word_1_123' title='bbox 1648 1176 1689 1215; x_wconf 91' lang='lat' dir='ltr'>p.</span> <span class='ocrx_word' id='word_1_124' title='bbox 1724 1161 1806 1203; x_wconf 79' lang='lat'>321</span> 
     </span>
     <span class='ocr_line' id='line_1_16' title="bbox 215 1232 1806 1288; baseline -0.003 -11"><span class='ocrx_word' id='word_1_125' title='bbox 215 1234 341 1288; x_wconf 73' lang='lat' dir='ltr'>sqq).</span> <span class='ocrx_word' id='word_1_126' title='bbox 404 1236 553 1288; x_wconf 87' lang='lat' dir='ltr'>Itaque</span> <span class='ocrx_word' id='word_1_127' title='bbox 585 1235 652 1275; x_wconf 91' lang='lat' dir='ltr'>hic</span> <span class='ocrx_word' id='word_1_128' title='bbox 685 1233 935 1275; x_wconf 88' lang='lat' dir='ltr'>summatim</span> <span class='ocrx_word' id='word_1_129' title='bbox 968 1233 1181 1283; x_wconf 79' lang='lat' dir='ltr'>indicabo,</span> <span class='ocrx_word' id='word_1_130' title='bbox 1231 1234 1334 1286; x_wconf 94' lang='lat' dir='ltr'>quid</span> <span class='ocrx_word' id='word_1_131' title='bbox 1372 1246 1486 1274; x_wconf 91' lang='lat' dir='ltr'>nunc</span> <span class='ocrx_word' id='word_1_132' title='bbox 1524 1246 1576 1275; x_wconf 79' lang='lat' dir='ltr'>ex</span> <span class='ocrx_word' id='word_1_133' title='bbox 1614 1233 1686 1274; x_wconf 92' lang='lat' dir='ltr'>illa</span> <span class='ocrx_word' id='word_1_134' title='bbox 1718 1232 1806 1273; x_wconf 90' lang='lat' dir='ltr'>dis-</span> 
     </span>
     <span class='ocr_line' id='line_1_17' title="bbox 215 1303 1809 1359; baseline -0.003 -11"><span class='ocrx_word' id='word_1_135' title='bbox 215 1307 438 1359; x_wconf 86' lang='lat' dir='ltr'>putatione</span> <span class='ocrx_word' id='word_1_136' title='bbox 470 1309 656 1347; x_wconf 88' lang='lat' dir='ltr'>teneam.</span> <span class='ocrx_word' id='word_1_137' title='bbox 720 1304 925 1346; x_wconf 89' lang='lat' dir='ltr'>Omnium</span> <span class='ocrx_word' id='word_1_138' title='bbox 958 1305 1097 1358; x_wconf 86' lang='lat' dir='ltr'>igitur,</span> <span class='ocrx_word' id='word_1_139' title='bbox 1139 1305 1211 1357; x_wconf 87' lang='lat' dir='ltr'>qui</span> <span class='ocrx_word' id='word_1_140' title='bbox 1243 1304 1333 1345; x_wconf 92' lang='lat' dir='ltr'>noti</span> <span class='ocrx_word' id='word_1_141' title='bbox 1365 1307 1477 1354; x_wconf 88' lang='lat' dir='ltr'>sunt,</span> <span class='ocrx_word' id='word_1_142' title='bbox 1519 1303 1809 1345; x_wconf 88' lang='lat' dir='ltr'>Parisiensem</span> 
     </span>
     <span class='ocr_line' id='line_1_18' title="bbox 216 1374 1810 1429; baseline -0.001 -12"><span class='ocrx_word' id='word_1_143' title='bbox 216 1377 335 1418; x_wconf 90' lang='lat' dir='ltr'>illum</span> <span class='ocrx_word' id='word_1_144' title='bbox 368 1380 410 1418; x_wconf 92' lang='lat' dir='ltr'>et</span> <span class='ocrx_word' id='word_1_145' title='bbox 442 1379 570 1417; x_wconf 73' lang='lat' dir='ltr'>aetate</span> <span class='ocrx_word' id='word_1_146' title='bbox 603 1376 721 1429; x_wconf 86' lang='lat' dir='ltr'>(noni</span> <span class='ocrx_word' id='word_1_147' title='bbox 755 1375 869 1416; x_wconf 88' lang='lat' dir='ltr'>enim</span> <span class='ocrx_word' id='word_1_148' title='bbox 902 1376 1048 1417; x_wconf 84' lang='lat' dir='ltr'>saeculi</span> <span class='ocrx_word' id='word_1_149' title='bbox 1081 1374 1162 1428; x_wconf 85' lang='lat' dir='ltr'>est)</span> <span class='ocrx_word' id='word_1_150' title='bbox 1204 1377 1246 1416; x_wconf 90' lang='lat' dir='ltr'>et</span> <span class='ocrx_word' id='word_1_151' title='bbox 1284 1375 1368 1416; x_wconf 88' lang='lat' dir='ltr'>fide</span> <span class='ocrx_word' id='word_1_152' title='bbox 1401 1374 1810 1428; x_wconf 84' lang='lat' dir='ltr'>praestantissimum</span> 
     </span>
     <span class='ocr_line' id='line_1_19' title="bbox 217 1445 1810 1501; baseline -0.003 -11"><span class='ocrx_word' id='word_1_153' title='bbox 217 1462 312 1490; x_wconf 89' lang='lat' dir='ltr'>esse</span> <span class='ocrx_word' id='word_1_154' title='bbox 345 1461 630 1501; x_wconf 85' lang='lat' dir='ltr'>exposueram</span> <span class='ocrx_word' id='word_1_155' title='bbox 664 1450 706 1488; x_wconf 88' lang='lat' dir='ltr'>et</span> <span class='ocrx_word' id='word_1_156' title='bbox 737 1446 1014 1488; x_wconf 88' lang='lat' dir='ltr'>ostenderam</span> <span class='ocrx_word' id='word_1_157' title='bbox 1054 1447 1097 1487; x_wconf 89' lang='lat' dir='ltr'>in</span> <span class='ocrx_word' id='word_1_158' title='bbox 1130 1459 1180 1487; x_wconf 92' lang='lat' dir='ltr'>eo</span> <span class='ocrx_word' id='word_1_159' title='bbox 1212 1447 1331 1487; x_wconf 90' lang='lat' dir='ltr'>nulla</span> <span class='ocrx_word' id='word_1_160' title='bbox 1363 1459 1456 1488; x_wconf 90' lang='lat' dir='ltr'>esse</span> <span class='ocrx_word' id='word_1_161' title='bbox 1488 1445 1645 1487; x_wconf 92' lang='lat' dir='ltr'>indicia</span> <span class='ocrx_word' id='word_1_162' title='bbox 1677 1445 1810 1497; x_wconf 88' lang='lat' dir='ltr'>scrip-</span> 
     </span>
     <span class='ocr_line' id='line_1_20' title="bbox 216 1515 1812 1571; baseline -0.002 -11"><span class='ocrx_word' id='word_1_163' title='bbox 216 1523 325 1561; x_wconf 82' lang='lat' dir='ltr'>turae</span> <span class='ocrx_word' id='word_1_164' title='bbox 372 1519 532 1560; x_wconf 90' lang='lat' dir='ltr'>sensim</span> <span class='ocrx_word' id='word_1_165' title='bbox 581 1520 623 1559; x_wconf 90' lang='lat' dir='ltr'>et</span> <span class='ocrx_word' id='word_1_166' title='bbox 670 1519 793 1571; x_wconf 87' lang='lat' dir='ltr'>quasi</span> <span class='ocrx_word' id='word_1_167' title='bbox 840 1517 1056 1570; x_wconf 81' lang='lat' dir='ltr'>gradatim</span> <span class='ocrx_word' id='word_1_168' title='bbox 1104 1519 1331 1570; x_wconf 78' lang='lat' dir='ltr'>corruptae,</span> <span class='ocrx_word' id='word_1_169' title='bbox 1380 1518 1461 1558; x_wconf 91' lang='lat' dir='ltr'>nisi</span> <span class='ocrx_word' id='word_1_170' title='bbox 1509 1519 1721 1570; x_wconf 87' lang='lat' dir='ltr'>quatenus</span> <span class='ocrx_word' id='word_1_171' title='bbox 1768 1515 1812 1556; x_wconf 89' lang='lat' dir='ltr'>in</span> 
     </span>
     <span class='ocr_line' id='line_1_21' title="bbox 216 1588 1812 1643; baseline -0.003 -12"><span class='ocrx_word' id='word_1_172' title='bbox 216 1590 421 1643; x_wconf 85' lang='lat' dir='ltr'>primario</span> <span class='ocrx_word' id='word_1_173' title='bbox 454 1591 539 1630; x_wconf 89' lang='lat' dir='ltr'>iam</span> <span class='ocrx_word' id='word_1_174' title='bbox 573 1589 781 1630; x_wconf 91' lang='lat' dir='ltr'>mendosa</span> <span class='ocrx_word' id='word_1_175' title='bbox 827 1591 953 1630; x_wconf 88' lang='lat' dir='ltr'>esset.</span> <span class='ocrx_word' id='word_1_176' title='bbox 1003 1590 1044 1629; x_wconf 89' lang='lat' dir='ltr'>et</span> <span class='ocrx_word' id='word_1_177' title='bbox 1084 1588 1239 1629; x_wconf 90' lang='lat' dir='ltr'>deinde</span> <span class='ocrx_word' id='word_1_178' title='bbox 1283 1589 1465 1642; x_wconf 82' lang='lat' dir='ltr'>expletae</span> <span class='ocrx_word' id='word_1_179' title='bbox 1509 1590 1551 1629; x_wconf 91' lang='lat' dir='ltr'>et</span> <span class='ocrx_word' id='word_1_180' title='bbox 1593 1589 1812 1639; x_wconf 86' lang='lat' dir='ltr'>utcunque</span> 
     </span>
     <span class='ocr_line' id='line_1_22' title="bbox 217 1659 1810 1713; baseline -0.003 -10"><span class='ocrx_word' id='word_1_181' title='bbox 217 1664 419 1703; x_wconf 82' lang='lat' dir='ltr'>correctae</span> <span class='ocrx_word' id='word_1_182' title='bbox 453 1661 697 1701; x_wconf 88' lang='lat' dir='ltr'>coniectura</span> <span class='ocrx_word' id='word_1_183' title='bbox 736 1673 788 1700; x_wconf 77' lang='lat' dir='ltr'>ex</span> <span class='ocrx_word' id='word_1_184' title='bbox 826 1659 906 1700; x_wconf 92' lang='lat' dir='ltr'>illis</span> <span class='ocrx_word' id='word_1_185' title='bbox 947 1659 1049 1712; x_wconf 89' lang='lat' dir='ltr'>ipsis</span> <span class='ocrx_word' id='word_1_186' title='bbox 1089 1661 1342 1713; x_wconf 86' lang='lat' dir='ltr'>corruptelis</span> <span class='ocrx_word' id='word_1_187' title='bbox 1383 1660 1525 1709; x_wconf 90' lang='lat' dir='ltr'>ducta,</span> <span class='ocrx_word' id='word_1_188' title='bbox 1573 1661 1810 1712; x_wconf 88' lang='lat' dir='ltr'>patereque</span> 
     </span>
     <span class='ocr_line' id='line_1_23' title="bbox 214 1729 1810 1784; baseline -0.003 -11"><span class='ocrx_word' id='word_1_189' title='bbox 214 1732 257 1773; x_wconf 87' lang='lat' dir='ltr'>in</span> <span class='ocrx_word' id='word_1_190' title='bbox 291 1746 341 1773; x_wconf 91' lang='lat' dir='ltr'>eo</span> <span class='ocrx_word' id='word_1_191' title='bbox 374 1732 510 1772; x_wconf 89' lang='lat' dir='ltr'>multa</span> <span class='ocrx_word' id='word_1_192' title='bbox 542 1731 722 1784; x_wconf 81' lang='lat' dir='ltr'>vestigia</span> <span class='ocrx_word' id='word_1_193' title='bbox 753 1731 904 1783; x_wconf 82' lang='lat' dir='ltr'>primae</span> <span class='ocrx_word' id='word_1_194' title='bbox 937 1731 1161 1784; x_wconf 83' lang='lat' dir='ltr'>scripturae</span> <span class='ocrx_word' id='word_1_195' title='bbox 1194 1733 1346 1784; x_wconf 88' lang='lat' dir='ltr'>postea</span> <span class='ocrx_word' id='word_1_196' title='bbox 1378 1731 1605 1780; x_wconf 85' lang='lat' dir='ltr'>occultata,</span> <span class='ocrx_word' id='word_1_197' title='bbox 1647 1729 1810 1782; x_wconf 88' lang='lat' dir='ltr'>planis-</span> 
     </span>
     <span class='ocr_line' id='line_1_24' title="bbox 215 1801 1807 1856; baseline -0.002 -13"><span class='ocrx_word' id='word_1_198' title='bbox 215 1803 409 1856; x_wconf 89' lang='lat' dir='ltr'>simeque</span> <span class='ocrx_word' id='word_1_199' title='bbox 441 1802 629 1855; x_wconf 75' lang='lat' dir='ltr'>intelligi,</span> <span class='ocrx_word' id='word_1_200' title='bbox 679 1802 896 1854; x_wconf 89' lang='lat' dir='ltr'>quomodo</span> <span class='ocrx_word' id='word_1_201' title='bbox 936 1815 987 1842; x_wconf 82' lang='lat' dir='ltr'>ex</span> <span class='ocrx_word' id='word_1_202' title='bbox 1026 1803 1088 1852; x_wconf 91' lang='lat' dir='ltr'>iis,</span> <span class='ocrx_word' id='word_1_203' title='bbox 1138 1815 1235 1855; x_wconf 82' lang='lat' dir='ltr'>quae</span> <span class='ocrx_word' id='word_1_204' title='bbox 1275 1802 1343 1842; x_wconf 89' lang='lat' dir='ltr'>hic</span> <span class='ocrx_word' id='word_1_205' title='bbox 1376 1801 1525 1842; x_wconf 82' lang='lat' dir='ltr'>leviter</span> <span class='ocrx_word' id='word_1_206' title='bbox 1556 1801 1707 1841; x_wconf 87' lang='lat' dir='ltr'>Vitiata</span> <span class='ocrx_word' id='word_1_207' title='bbox 1739 1812 1807 1840; x_wconf 90' lang='lat' dir='ltr'>es-</span> 
     </span>
     <span class='ocr_line' id='line_1_25' title="bbox 216 1870 1808 1926; baseline -0.003 -12"><span class='ocrx_word' id='word_1_208' title='bbox 216 1877 324 1923; x_wconf 90' lang='lat' dir='ltr'>sent,</span> <span class='ocrx_word' id='word_1_209' title='bbox 357 1874 621 1926; x_wconf 89' lang='lat' dir='ltr'>reliquorum</span> <span class='ocrx_word' id='word_1_210' title='bbox 654 1873 878 1925; x_wconf 81' lang='lat' dir='ltr'>scripturae</span> <span class='ocrx_word' id='word_1_211' title='bbox 911 1875 1016 1914; x_wconf 84' lang='lat' dir='ltr'>ortae</span> <span class='ocrx_word' id='word_1_212' title='bbox 1050 1875 1207 1923; x_wconf 82' lang='lat' dir='ltr'>essent,</span> <span class='ocrx_word' id='word_1_213' title='bbox 1246 1873 1290 1913; x_wconf 91' lang='lat' dir='ltr'>in</span> <span class='ocrx_word' id='word_1_214' title='bbox 1322 1885 1408 1924; x_wconf 91' lang='lat' dir='ltr'>qua</span> <span class='ocrx_word' id='word_1_215' title='bbox 1439 1870 1808 1912; x_wconf 87' lang='lat' dir='ltr'>demonstratione</span> 
     </span>
     <span class='ocr_line' id='line_1_26' title="bbox 216 1942 1812 1997; baseline -0.004 -11"><span class='ocrx_word' id='word_1_216' title='bbox 216 1945 385 1987; x_wconf 87' lang='lat' dir='ltr'>duobus</span> <span class='ocrx_word' id='word_1_217' title='bbox 419 1944 625 1996; x_wconf 82' lang='lat' dir='ltr'>exemplis</span> <span class='ocrx_word' id='word_1_218' title='bbox 664 1956 768 1984; x_wconf 89' lang='lat' dir='ltr'>usus</span> <span class='ocrx_word' id='word_1_219' title='bbox 807 1956 940 1994; x_wconf 84' lang='lat' dir='ltr'>eram,</span> <span class='ocrx_word' id='word_1_220' title='bbox 982 1957 1016 1985; x_wconf 90' lang='lat' dir='ltr'>c.</span> <span class='ocrx_word' id='word_1_221' title='bbox 1054 1944 1120 1994; x_wconf 79' lang='lat'>16,</span> <span class='ocrx_word' id='word_1_222' title='bbox 1161 1944 1214 1984; x_wconf 80' lang='lat'>37</span> <span class='ocrx_word' id='word_1_223' title='bbox 1257 1942 1541 1997; x_wconf 74' lang='lat' dir='ltr'>(populariter</span> <span class='ocrx_word' id='word_1_224' title='bbox 1580 1942 1812 1982; x_wconf 68' lang='lat' dir='ltr'>aistineter-</span> 
     </span>
     <span class='ocr_line' id='line_1_27' title="bbox 217 2011 1809 2072; baseline -0.004 -15"><span class='ocrx_word' id='word_1_225' title='bbox 217 2015 308 2072; x_wconf 72' lang='lat' dir='ltr'>que)</span> <span class='ocrx_word' id='word_1_226' title='bbox 343 2018 385 2057; x_wconf 92' lang='lat' dir='ltr'>et</span> <span class='ocrx_word' id='word_1_227' title='bbox 415 2016 485 2066; x_wconf 79' lang='lat'>49,</span> <span class='ocrx_word' id='word_1_228' title='bbox 522 2015 605 2056; x_wconf 86' lang='lat'>104</span> <span class='ocrx_word' id='word_1_229' title='bbox 637 2013 783 2067; x_wconf 67' lang='lat' dir='ltr'>(otium</span> <span class='ocrx_word' id='word_1_230' title='bbox 817 2013 1090 2067; x_wconf 72' lang='lat' dir='ltr'>malexatur);</span> <span class='ocrx_word' id='word_1_231' title='bbox 1124 2014 1201 2055; x_wconf 92' lang='lat' dir='ltr'>sed</span> <span class='ocrx_word' id='word_1_232' title='bbox 1230 2016 1522 2067; x_wconf 80' lang='lat' dir='ltr'>praeterquam</span> <span class='ocrx_word' id='word_1_233' title='bbox 1547 2011 1663 2065; x_wconf 91' lang='lat' dir='ltr'>quod</span> <span class='ocrx_word' id='word_1_234' title='bbox 1686 2011 1809 2052; x_wconf 84' lang='lat' dir='ltr'>vanis</span> 
     </span>
     <span class='ocr_line' id='line_1_28' title="bbox 217 2082 1810 2140; baseline -0.003 -13"><span class='ocrx_word' id='word_1_235' title='bbox 217 2087 478 2140; x_wconf 87' lang='lat' dir='ltr'>quibusdam</span> <span class='ocrx_word' id='word_1_236' title='bbox 510 2085 675 2127; x_wconf 89' lang='lat' dir='ltr'>indiciis</span> <span class='ocrx_word' id='word_1_237' title='bbox 715 2085 916 2126; x_wconf 86' lang='lat' dir='ltr'>inductus</span> <span class='ocrx_word' id='word_1_238' title='bbox 957 2098 1076 2126; x_wconf 89' lang='lat' dir='ltr'>eram</span> <span class='ocrx_word' id='word_1_239' title='bbox 1123 2085 1167 2126; x_wconf 92' lang='lat' dir='ltr'>in</span> <span class='ocrx_word' id='word_1_240' title='bbox 1214 2084 1367 2125; x_wconf 89' lang='lat' dir='ltr'>falsam</span> <span class='ocrx_word' id='word_1_241' title='bbox 1417 2083 1718 2136; x_wconf 88' lang='lat' dir='ltr'>suspicionem,</span> <span class='ocrx_word' id='word_1_242' title='bbox 1765 2082 1810 2122; x_wconf 92' lang='lat' dir='ltr'>in</span> 
     </span>
     <span class='ocr_line' id='line_1_29' title="bbox 216 2153 1812 2211; baseline -0.004 -11"><span class='ocrx_word' id='word_1_243' title='bbox 216 2159 310 2211; x_wconf 89' lang='lat' dir='ltr'>ipso</span> <span class='ocrx_word' id='word_1_244' title='bbox 342 2157 573 2199; x_wconf 88' lang='lat' dir='ltr'>Parisiensi</span> <span class='ocrx_word' id='word_1_245' title='bbox 604 2156 753 2209; x_wconf 89' lang='lat' dir='ltr'>paucis</span> <span class='ocrx_word' id='word_1_246' title='bbox 787 2155 949 2208; x_wconf 90' lang='lat' dir='ltr'>aliquot</span> <span class='ocrx_word' id='word_1_247' title='bbox 981 2157 1084 2198; x_wconf 88' lang='lat' dir='ltr'>locis</span> <span class='ocrx_word' id='word_1_248' title='bbox 1117 2156 1338 2209; x_wconf 88' lang='lat' dir='ltr'>propriam</span> <span class='ocrx_word' id='word_1_249' title='bbox 1371 2157 1588 2195; x_wconf 82' lang='lat' dir='ltr'>versatam</span> <span class='ocrx_word' id='word_1_250' title='bbox 1621 2165 1716 2194; x_wconf 90' lang='lat' dir='ltr'>esse</span> <span class='ocrx_word' id='word_1_251' title='bbox 1747 2153 1812 2193; x_wconf 93' lang='lat' dir='ltr'>in-</span> 
     </span>
     <span class='ocr_line' id='line_1_30' title="bbox 216 2222 1812 2281; baseline -0.004 -12"><span class='ocrx_word' id='word_1_252' title='bbox 216 2229 559 2281; x_wconf 88' lang='lat' dir='ltr'>terpolationem,</span> <span class='ocrx_word' id='word_1_253' title='bbox 595 2228 632 2268; x_wconf 91' lang='lat' dir='ltr'>ei</span> <span class='ocrx_word' id='word_1_254' title='bbox 663 2229 874 2279; x_wconf 85' lang='lat' dir='ltr'>tanquam</span> <span class='ocrx_word' id='word_1_255' title='bbox 906 2240 1041 2280; x_wconf 90' lang='lat' dir='ltr'>prope</span> <span class='ocrx_word' id='word_1_256' title='bbox 1073 2239 1225 2280; x_wconf 90' lang='lat' dir='ltr'>parem</span> <span class='ocrx_word' id='word_1_257' title='bbox 1259 2228 1302 2267; x_wconf 92' lang='lat' dir='ltr'>et</span> <span class='ocrx_word' id='word_1_258' title='bbox 1333 2226 1547 2278; x_wconf 80' lang='lat' dir='ltr'>separatae</span> <span class='ocrx_word' id='word_1_259' title='bbox 1580 2237 1632 2265; x_wconf 85' lang='lat' dir='ltr'>ex</span> <span class='ocrx_word' id='word_1_260' title='bbox 1660 2222 1812 2264; x_wconf 90' lang='lat' dir='ltr'>arche-</span> 
     </span>
     <span class='ocr_line' id='line_1_31' title="bbox 216 2295 1813 2353; baseline -0.004 -14"><span class='ocrx_word' id='word_1_261' title='bbox 216 2302 320 2353; x_wconf 88' lang='lat' dir='ltr'>typo</span> <span class='ocrx_word' id='word_1_262' title='bbox 353 2298 524 2351; x_wconf 86' lang='lat' dir='ltr'>originis</span> <span class='ocrx_word' id='word_1_263' title='bbox 557 2298 838 2339; x_wconf 80' lang='lat' dir='ltr'>adiunxeram</span> <span class='ocrx_word' id='word_1_264' title='bbox 873 2298 1065 2339; x_wconf 90' lang='lat' dir='ltr'>codicem</span> <span class='ocrx_word' id='word_1_265' title='bbox 1098 2298 1361 2338; x_wconf 83' lang='lat' dir='ltr'>Bernensem</span> <span class='ocrx_word' id='word_1_266' title='bbox 1396 2297 1598 2350; x_wconf 90' lang='lat' dir='ltr'>priorem,</span> <span class='ocrx_word' id='word_1_267' title='bbox 1631 2296 1680 2334; x_wconf 91' lang='lat' dir='ltr'>ut</span> <span class='ocrx_word' id='word_1_268' title='bbox 1710 2295 1813 2334; x_wconf 91' lang='lat' dir='ltr'>tunc</span> 
     </span>
     <span class='ocr_line' id='line_1_32' title="bbox 216 2364 1812 2423; baseline -0.004 -13"><span class='ocrx_word' id='word_1_269' title='bbox 216 2369 441 2423; x_wconf 85' lang='lat' dir='ltr'>putabam,</span> <span class='ocrx_word' id='word_1_270' title='bbox 475 2369 619 2409; x_wconf 83' lang='lat' dir='ltr'>saeculi</span> <span class='ocrx_word' id='word_1_271' title='bbox 652 2368 820 2417; x_wconf 90' lang='lat' dir='ltr'>decimi,</span> <span class='ocrx_word' id='word_1_272' title='bbox 864 2371 912 2409; x_wconf 93' lang='lat' dir='ltr'>ut</span> <span class='ocrx_word' id='word_1_273' title='bbox 943 2382 1056 2410; x_wconf 89' lang='lat' dir='ltr'>nunc</span> <span class='ocrx_word' id='word_1_274' title='bbox 1091 2371 1271 2419; x_wconf 88' lang='lat' dir='ltr'>constat,</span> <span class='ocrx_word' id='word_1_275' title='bbox 1313 2368 1482 2408; x_wconf 87' lang='lat' dir='ltr'>duobus</span> <span class='ocrx_word' id='word_1_276' title='bbox 1515 2364 1681 2407; x_wconf 84' lang='lat' dir='ltr'>saeculis</span> <span class='ocrx_word' id='word_1_277' title='bbox 1714 2365 1812 2417; x_wconf 88' lang='lat' dir='ltr'>post</span> 
     </span>
     <span class='ocr_line' id='line_1_33' title="bbox 217 2436 1812 2493; baseline -0.004 -12"><span class='ocrx_word' id='word_1_278' title='bbox 217 2441 438 2493; x_wconf 89' lang='lat' dir='ltr'>scriptum,</span> <span class='ocrx_word' id='word_1_279' title='bbox 480 2453 666 2492; x_wconf 90' lang='lat' dir='ltr'>eumque</span> <span class='ocrx_word' id='word_1_280' title='bbox 708 2439 884 2480; x_wconf 87' lang='lat' dir='ltr'>alterius</span> <span class='ocrx_word' id='word_1_281' title='bbox 918 2440 1142 2481; x_wconf 85' lang='lat' dir='ltr'>cuiusdam</span> <span class='ocrx_word' id='word_1_282' title='bbox 1176 2439 1351 2480; x_wconf 75' lang='lat' dir='ltr'>familiae</span> <span class='ocrx_word' id='word_1_283' title='bbox 1383 2436 1621 2490; x_wconf 89' lang='lat' dir='ltr'>principem</span> <span class='ocrx_word' id='word_1_284' title='bbox 1654 2447 1812 2488; x_wconf 89' lang='lat' dir='ltr'>posue-</span> 
     </span>
     <span class='ocr_line' id='line_1_34' title="bbox 217 2505 1812 2563; baseline -0.004 -11"><span class='ocrx_word' id='word_1_285' title='bbox 217 2525 325 2561; x_wconf 88' lang='lat' dir='ltr'>ram,</span> <span class='ocrx_word' id='word_1_286' title='bbox 375 2524 502 2563; x_wconf 88' lang='lat' dir='ltr'>quem</span> <span class='ocrx_word' id='word_1_287' title='bbox 551 2523 676 2560; x_wconf 87' lang='lat' dir='ltr'>nunc,</span> <span class='ocrx_word' id='word_1_288' title='bbox 725 2512 958 2563; x_wconf 89' lang='lat' dir='ltr'>postquam</span> <span class='ocrx_word' id='word_1_289' title='bbox 1001 2510 1204 2563; x_wconf 87' lang='lat' dir='ltr'>apparuit</span> <span class='ocrx_word' id='word_1_290' title='bbox 1248 2522 1382 2550; x_wconf 83' lang='lat' dir='ltr'>vanas</span> <span class='ocrx_word' id='word_1_291' title='bbox 1422 2520 1516 2549; x_wconf 88' lang='lat' dir='ltr'>esse</span> <span class='ocrx_word' id='word_1_292' title='bbox 1556 2505 1812 2547; x_wconf 88' lang='lat' dir='ltr'>discriminis</span> 
     </span>
     <span class='ocr_line' id='line_1_35' title="bbox 218 2576 1814 2634; baseline -0.004 -11"><span class='ocrx_word' id='word_1_293' title='bbox 218 2585 342 2623; x_wconf 90' lang='lat' dir='ltr'>notas</span> <span class='ocrx_word' id='word_1_294' title='bbox 374 2595 461 2622; x_wconf 91' lang='lat' dir='ltr'>non</span> <span class='ocrx_word' id='word_1_295' title='bbox 494 2582 630 2622; x_wconf 90' lang='lat' dir='ltr'>solum</span> <span class='ocrx_word' id='word_1_296' title='bbox 666 2595 717 2622; x_wconf 83' lang='lat' dir='ltr'>ex</span> <span class='ocrx_word' id='word_1_297' title='bbox 751 2581 965 2634; x_wconf 87' lang='lat' dir='ltr'>Krarupii,</span> <span class='ocrx_word' id='word_1_298' title='bbox 999 2581 1077 2622; x_wconf 92' lang='lat' dir='ltr'>sed</span> <span class='ocrx_word' id='word_1_299' title='bbox 1110 2581 1240 2622; x_wconf 90' lang='lat' dir='ltr'>etiam</span> <span class='ocrx_word' id='word_1_300' title='bbox 1274 2592 1326 2620; x_wconf 82' lang='lat' dir='ltr'>ex</span> <span class='ocrx_word' id='word_1_301' title='bbox 1351 2578 1496 2620; x_wconf 87' lang='lat' dir='ltr'>Orellii</span> <span class='ocrx_word' id='word_1_302' title='bbox 1522 2576 1737 2618; x_wconf 88' lang='lat' dir='ltr'>erroribus</span> <span class='ocrx_word' id='word_1_303' title='bbox 1771 2577 1814 2616; x_wconf 89' lang='lat' dir='ltr'>et</span> 
     </span>
     <span class='ocr_line' id='line_1_36' title="bbox 219 2650 1812 2704; baseline -0.004 -11"><span class='ocrx_word' id='word_1_304' title='bbox 219 2652 522 2694; x_wconf 88' lang='lat' dir='ltr'>omissionibus</span> <span class='ocrx_word' id='word_1_305' title='bbox 569 2654 778 2704; x_wconf 87' lang='lat' dir='ltr'>sumptas,</span> <span class='ocrx_word' id='word_1_306' title='bbox 829 2665 881 2692; x_wconf 77' lang='lat' dir='ltr'>ex</span> <span class='ocrx_word' id='word_1_307' title='bbox 924 2651 1155 2693; x_wconf 87' lang='lat' dir='ltr'>Parisiensi</span> <span class='ocrx_word' id='word_1_308' title='bbox 1199 2650 1462 2702; x_wconf 90' lang='lat' dir='ltr'>descriptum</span> <span class='ocrx_word' id='word_1_309' title='bbox 1504 2661 1597 2690; x_wconf 91' lang='lat' dir='ltr'>esse</span> <span class='ocrx_word' id='word_1_310' title='bbox 1637 2659 1812 2700; x_wconf 88' lang='lat' dir='ltr'>prorsus</span> 
     </span>
     <span class='ocr_line' id='line_1_37' title="bbox 218 2720 1812 2772; baseline -0.004 -8"><span class='ocrx_word' id='word_1_311' title='bbox 218 2723 393 2764; x_wconf 88' lang='lat' dir='ltr'>Halmio</span> <span class='ocrx_word' id='word_1_312' title='bbox 427 2723 649 2763; x_wconf 88' lang='lat' dir='ltr'>assentior.</span> <span class='ocrx_word' id='word_1_313' title='bbox 712 2723 877 2764; x_wconf 90' lang='lat' dir='ltr'>Deinde</span> <span class='ocrx_word' id='word_1_314' title='bbox 909 2723 1014 2763; x_wconf 89' lang='lat' dir='ltr'>item</span> <span class='ocrx_word' id='word_1_315' title='bbox 1047 2736 1072 2763; x_wconf 90' lang='lat' dir='ltr'>a</span> <span class='ocrx_word' id='word_1_316' title='bbox 1114 2721 1259 2763; x_wconf 91' lang='lat' dir='ltr'>codice</span> <span class='ocrx_word' id='word_1_317' title='bbox 1290 2720 1522 2761; x_wconf 87' lang='lat' dir='ltr'>Parisiensi</span> <span class='ocrx_word' id='word_1_318' title='bbox 1561 2729 1812 2772; x_wconf 84' lang='lat' dir='ltr'>segregave-</span> 
     </span>
     <span class='ocr_line' id='line_1_38' title="bbox 218 2788 1812 2846; baseline -0.004 -12"><span class='ocrx_word' id='word_1_319' title='bbox 218 2807 312 2835; x_wconf 89' lang='lat' dir='ltr'>ram</span> <span class='ocrx_word' id='word_1_320' title='bbox 347 2797 389 2834; x_wconf 91' lang='lat' dir='ltr'>et</span> <span class='ocrx_word' id='word_1_321' title='bbox 420 2794 463 2834; x_wconf 91' lang='lat' dir='ltr'>in</span> <span class='ocrx_word' id='word_1_322' title='bbox 494 2794 622 2834; x_wconf 89' lang='lat' dir='ltr'>tertia</span> <span class='ocrx_word' id='word_1_323' title='bbox 645 2793 808 2834; x_wconf 88' lang='lat' dir='ltr'>familia</span> <span class='ocrx_word' id='word_1_324' title='bbox 830 2806 1061 2846; x_wconf 90' lang='lat' dir='ltr'>posueram</span> <span class='ocrx_word' id='word_1_325' title='bbox 1086 2792 1253 2833; x_wconf 90' lang='lat' dir='ltr'>codices</span> <span class='ocrx_word' id='word_1_326' title='bbox 1276 2805 1301 2832; x_wconf 91' lang='lat' dir='ltr'>a</span> <span class='ocrx_word' id='word_1_327' title='bbox 1324 2791 1535 2832; x_wconf 86' lang='lat' dir='ltr'>Gulielmo</span> <span class='ocrx_word' id='word_1_328' title='bbox 1566 2792 1608 2830; x_wconf 86' lang='lat' dir='ltr'>et</span> <span class='ocrx_word' id='word_1_329' title='bbox 1630 2788 1812 2830; x_wconf 85' lang='lat' dir='ltr'>Grutero</span> 
     </span>
     <span class='ocr_line' id='line_1_39' title="bbox 219 2861 1813 2917; baseline -0.004 -12"><span class='ocrx_word' id='word_1_330' title='bbox 219 2867 464 2917; x_wconf 50' lang='lat' dir='ltr'>usurpatos</span> <span class='ocrx_word' id='word_1_331' title='bbox 498 2863 642 2904; x_wconf 84' lang='lat' dir='ltr'>Sancti</span> <span class='ocrx_word' id='word_1_332' title='bbox 675 2864 868 2913; x_wconf 78' lang='lat' dir='ltr'>Victoris,</span> <span class='ocrx_word' id='word_1_333' title='bbox 903 2863 1275 2912; x_wconf 85' lang='lat' dir='ltr'>Gemblacensem,</span> <span class='ocrx_word' id='word_1_334' title='bbox 1308 2862 1554 2902; x_wconf 90' lang='lat' dir='ltr'>Palatinum</span> <span class='ocrx_word' id='word_1_335' title='bbox 1585 2872 1747 2901; x_wconf 90' lang='lat' dir='ltr'>nonum</span> <span class='ocrx_word' id='word_1_336' title='bbox 1771 2861 1813 2899; x_wconf 91' lang='lat' dir='ltr'>et</span> 
     </span>
     <span class='ocr_line' id='line_1_40' title="bbox 219 2920 1811 2986; baseline -0.004 -10"><span class='ocrx_word' id='word_1_337' title='bbox 219 2936 263 2979; x_wconf 88' lang='lat' dir='ltr'>in</span> <span class='ocrx_word' id='word_1_338' title='bbox 296 2935 447 2976; x_wconf 87' lang='lat' dir='ltr'>ceteris</span> <span class='ocrx_word' id='word_1_339' title='bbox 480 2937 575 2976; x_wconf 88' lang='lat' dir='ltr'>octo</span> <span class='ocrx_word' id='word_1_340' title='bbox 608 2920 873 2975; x_wconf 85' lang='lat' dir='ltr'>orationibus</span> <span class='ocrx_word' id='word_1_341' title='bbox 899 2934 1194 2974; x_wconf 87' lang='lat' dir='ltr'>Erfurtensem</span> <span class='ocrx_word' id='word_1_342' title='bbox 1222 2932 1341 2986; x_wconf 90' lang='lat' dir='ltr'>(nam</span> <span class='ocrx_word' id='word_1_343' title='bbox 1365 2932 1564 2973; x_wconf 88' lang='lat' dir='ltr'>Sestiana</span> <span class='ocrx_word' id='word_1_344' title='bbox 1595 2931 1630 2971; x_wconf 91' lang='lat' dir='ltr'>is</span> <span class='ocrx_word' id='word_1_345' title='bbox 1661 2927 1811 2980; x_wconf 90' lang='lat' dir='ltr'>caret).</span> 
     </span>
    </p>
   </div>
  </div>
 </body>
</html>
