1915 3235
123 1871 173 1895 356

948 90 1034 131 312

196 222 326 263 etiam
359 221 444 262 duo
477 219 745 261 OXonienses
778 220 1043 270 vastandam,
1079 222 1127 260 ut
1158 219 1311 261 merito
1343 220 1474 261 mirer
1506 219 1653 261 Orellii
1684 221 1788 261 irre-

195 293 390 346 ligiosam
437 291 701 344 religionem,
750 291 958 332 mendum
1007 290 1186 332 alicuius
1235 291 1433 349 editionis
1481 303 1578 332 cum
1616 291 1789 344 reliquis

194 362 487 415 propagantis.
557 361 744 403 Additur
791 361 847 402 ad
894 362 1014 403 Fam.
1048 362 1118 411 IX,
1160 362 1207 402 2:
1257 362 1314 402 ad
1361 361 1658 415 oedifieandum
1703 375 1787 403 rem

191 433 422 487 publicolam
465 432 602 474 haeret
633 434 715 474 hoc
746 432 790 473 in
822 432 1083 474 editionibus
1116 435 1213 486 post
1246 432 1485 481 Graeviun1;
1533 433 1789 486 superiores,

195 507 241 545 ut
273 504 366 545 cod.
399 503 525 554 Med„
558 503 723 545 habent
756 504 1066 557 ceclifieandam.
1130 504 1226 557 Ipse
1263 506 1412 545 tamen
1443 516 1579 544 unum
1612 503 1789 545 demon-

194 576 343 617 strabo
376 575 530 625 locum,
565 574 640 615 ubi
673 574 803 616 etiam
836 576 879 616 in
901 575 1093 617 Mediceo
1127 574 1336 616 mendum
1359 575 1433 623 sit3
1466 587 1570 615 nam
1592 574 1649 615 ad
1671 574 1789 615 Fam.

194 647 263 697 IX,
300 647 366 696 16,
401 647 428 687 2
460 647 503 687 in
536 659 586 687 eo
620 659 791 699 quoque
824 646 1032 699 scriptum
1065 649 1149 687 est:
1185 646 1242 686 ad
1274 646 1448 686 istorum
1475 645 1791 686 benevolentiam

194 717 503 758 conciliandam
552 722 588 757 et
634 717 937 772 conlz'yendam.
1015 718 1173 759 Restat
1211 717 1331 758 Brut.
1368 716 1434 765 16,
1469 716 1544 757 62:
1594 715 1652 756 ad
1697 716 1791 757 illu-

192 788 416 830 strandum
447 802 535 829 ‘rem
559 788 790 842 publicam,
839 788 912 842 qui
951 802 1070 830 error
1110 790 1174 830 est
1215 787 1412 828 editionis
1452 786 1641 836 Aldinae3
1688 800 1791 828 nam

193 861 436 913 superiores
470 862 585 901 recte
620 858 933 909 illustrandam,
968 858 1022 900 ad
1057 859 1172 911 quod
1205 872 1306 900 mox
1330 857 1517 899 reditum
1543 860 1620 899 est.
1669 857 1791 899 Orel-

194 932 274 972 lius
307 934 455 972 tamen
489 930 550 984 (in
583 930 684 971 edit.
718 928 839 982 min.)
873 943 959 971 non
992 932 1155 971 temere
1189 929 1470 971 reiiciendum
1503 931 1647 981 putat;
1689 942 1792 970 narn

193 1002 441 1044 huiusmodi
475 1002 689 1055 elegantia
722 1004 765 1043 et
803 1001 1025 1043 recondita
1066 1002 1226 1042 menda
1265 1000 1468 1054 philologi
1507 1013 1593 1041 non
1633 1000 1793 1041 menda

194 1070 525 1126 appellamus.¹)
588 1073 731 1123 Vides,
782 1073 885 1126 quid
928 1073 983 1114 sit
1024 1073 1271 1114 testimonia
1310 1072 1404 1121 sibi,
1453 1074 1500 1112 ut
1533 1072 1698 1124 antiqui
1729 1071 1792 1112 lo-

194 1146 396 1196 quuntur,
445 1157 579 1185 manu
612 1144 767 1185 facere.
831 1145 869 1184 A
903 1144 1107 1185 Cicerone
1142 1145 1338 1184 venimus
1363 1142 1429 1183 ad
1461 1141 1717 1192 Caesarem,'
1741 1155 1794 1183 ex

194 1216 313 1256 cuius
346 1215 394 1256 B.
428 1215 477 1256 G.
511 1216 540 1264 I,
586 1215 640 1256 38
674 1215 991 1256 Ramshornius
1035 1215 1158 1256 citat:
1208 1215 1265 1255 acl
1307 1213 1593 1268 occupandum
1646 1213 1794 1254 Veson-

193 1287 357 1327 tionem.
420 1287 585 1327 Vellem
620 1286 798 1328 dixisset
831 1286 971 1336 simul,
1007 1286 1124 1339 apud
1158 1299 1287 1339 quem
1313 1284 1567 1337 scriptorem
1592 1284 1794 1326 Latinum

194 1357 304 1398 illius
337 1357 484 1410 oppidi
516 1371 676 1400 nomen
710 1357 914 1399 feminino
954 1371 1110 1411 genere
1154 1358 1344 1411 positum
1386 1355 1668 1409 repperisset3
1717 1369 1794 1409 ego

193 1441 280 1469 non
327 1429 469 1470 minus
519 1428 738 1470 Caesarem
786 1429 1075 1470 masculinum
1129 1442 1264 1482 genus
1313 1431 1510 1468 secutum
1558 1439 1652 1468 esse
1701 1427 1794 1469 dico

195 1513 325 1551 «piam
358 1499 539 1541 Dionem
574 1500 785 1549 Cassium,
827 1500 899 1552 qui
931 1500 1157 1549 XXXVIII,
1199 1500 1256 1540 34
1288 1498 1459 1551 scripsit
1494 1499 1553 1534 τὸν
1578 1501 1617 1535 δὲ
1643 1500 1687 1543 δή
1718 1500 1795 1535 θῦε·

194 1579 374 1618 σοντίωνα,
409 1571 691 1612 confirmante
724 1569 940 1612 Narbonis
973 1573 1015 1612 et
1044 1571 1227 1612 aliorum
1251 1569 1462 1622 analogia.
1511 1569 1626 1610 Dixit
1648 1572 1796 1611 tamen

194 1642 308 1683 idem
341 1642 419 1683 DlO
459 1642 633 1684 CHSSlUS
674 1640 834 1694 (LXIII,
882 1640 974 1694 24):
1014 1644 1206 1692 γενόμενος
1245 1646 1287 1678 δὲ
1326 1646 1364 1679 ἐν
1401 1643 1629 1679 Οὔεσοντίωνι
1667 1643 1796 1687 ταύτην

193 1715 408 1762 ἐῑῖολιόρκει;
454 1726 557 1754 nam
598 1716 640 1754 et
679 1713 823 1767 Hippo
863 1727 971 1754 nova
1003 1717 1045 1754 et
1069 1713 1361 1767 pulcherrima
1395 1713 1541 1754 Narbo
1583 1719 1624 1755 et
1654 1713 1796 1768 yelida

194 1784 404 1824 Praeneste
449 1784 671 1837 leguntur,
720 1784 915 1825 variante
963 1798 1064 1834 usu,
1120 1784 1309 1825 maxime
1356 1784 1557 1826 inferiore
1606 1781 1795 1837 aetate.²)

194 1855 344 1896 Verius
379 1855 526 1896 forsan
559 1855 757 1896 videatur
789 1855 846 1896 acl
878 1855 1162 1909 occupandum
1194 1855 1435 1896 Massiliam
1468 1856 1587 1909 apud
1610 1856 1796 1897 eundem

194 1926 411 1967 Caesarem
443 1927 491 1967 B.
526 1926 571 1967 C.
604 1926 634 1976 I,
669 1926 744 1976 34;
792 1939 944 1967 verum
977 1926 1314 1978 Oudendorpius
1354 1926 1584 1980 plerosque
1616 1941 1719 1968 mss.
1753 1929 1796 1967 et

195 1997 291 2037 edd.
324 2000 429 2038 vett.
463 1997 747 2051 occupandam
782 1997 944 2039 habere
977 1998 1145 2046 scribit;
1179 1997 1236 2038 ad
1268 1997 1322 2037 III
1355 2000 1502 2038 autem
1535 1998 1582 2038 B.
1606 1997 1655 2039 G.
1680 2011 1714 2038 c.
1742 1998 1795 2038 14

198 2068 321 2121 vulgo
354 2069 637 2123 occupanclmn
672 2069 740 2109 hic
773 2069 855 2121 legi
889 2072 1082 2117 annotat,
1117 2069 1194 2109 sed
1227 2069 1353 2122 vulgo
1386 2071 1557 2110 tantum
1582 2072 1624 2109 et
1643 2068 1795 2121 forsan

195 2140 238 2179 in
271 2153 355 2180 uno
388 2140 612 2192 alteroque
645 2154 725 2180 ms.
760 2153 931 2192 quoque
965 2141 1023 2180 ita
1056 2140 1198 2180 scribi.
1262 2139 1356 2190 Quo
1399 2140 1491 2181 loco
1525 2139 1642 2192 quod
1673 2140 1794 2192 Apu-

196 2210 263 2250 leii
304 2210 495 2251 codicem
538 2211 751 2263 optimum
794 2210 1088 2252 Florentinum
1124 2211 1196 2251 lib.
1230 2210 1268 2251 X
1300 2224 1342 2263 p.
1377 2211 1462 2251 222
1494 2211 1605 2252 Pric.
1640 2210 1697 2251 acl
1729 2224 1795 2251 ex-

188 2281 445 2334 plorandam
481 2282 844 2323 mcmsuetmlzfnem
876 2282 1040 2323 habere
1073 2281 1255 2334 scripsit,
1298 2281 1353 2331 id,
1395 2295 1527 2334 quum
1562 2281 1795 2335 Apuleium

234 2456 263 2497 ¹)
289 2456 371 2500 [Vix
398 2470 488 2502 opus
515 2462 568 2492 est
595 2459 727 2492 addere
753 2458 889 2492 similes
916 2469 1055 2494 errores
1082 2470 1125 2493 ex
1159 2458 1316 2492 editione
1349 2458 1471 2502 aliqua
1505 2462 1568 2492 aut
1599 2458 1714 2492 infimi
1740 2469 1795 2501 ge-

291 2518 387 2551 neris
419 2517 540 2551 codice
572 2522 788 2562 propagatos
821 2521 885 2552 aut
917 2522 1103 2562 susceptos
1136 2517 1290 2561 Philipp.
1318 2517 1366 2550 XI
1399 2515 1420 2558 §
1446 2516 1511 2558 39,
1550 2518 1673 2551 Somn.
1702 2517 1794 2560 Scip.

291 2588 320 2610 c.
347 2576 379 2616 3,
407 2577 451 2610 de
478 2577 554 2609 Div.
582 2576 597 2609 I
623 2575 643 2618 ἓ
672 2576 724 2610 71.
764 2577 815 2610 De
842 2577 881 2610 N.
902 2577 1004 2617 D.11,
1031 2577 1063 2617 3,
1091 2576 1123 2617 9,
1150 2576 1212 2610 ubi
1238 2575 1408 2610 scribitur
1433 2578 1483 2609 ad
1507 2577 1796 2619 investiyandum

291 2647 400 2676 suem,
427 2639 653 2679 postremum
677 2636 893 2670 vocabulum
913 2636 1182 2680 ineptissimum
1209 2646 1286 2669 esse
1313 2638 1413 2678 patet
1439 2646 1483 2668 ex
1501 2635 1516 2667 I
1535 2634 1578 2668 de
1597 2633 1674 2668 Div.
1693 2633 1714 2676 ξ
1731 2633 1794 2674 31;

291 2705 419 2728 verum
452 2705 524 2728 non
557 2695 854 2729 substituendum
887 2698 964 2729 erat
996 2697 1044 2728 ad
1080 2695 1367 2737 investiyandam
1400 2706 1526 2734 uvam,
1564 2693 1627 2727 sed
1661 2692 1794 2736 simpli-

292 2754 380 2787 citer
406 2754 607 2788 tollendum
635 2754 916 2795 substantivum,
950 2757 990 2788 ut
1022 2754 1187 2788 absolute
1215 2752 1371 2787 dicatur:
1406 2754 1454 2786 ad
1481 2749 1794 2795 investiycmdum]

235 2811 262 2855 ²)
289 2811 423 2855 [Etiam
449 2813 545 2856 quod
572 2813 667 2856 apud
695 2813 764 2846 Cic.
792 2813 835 2846 ad
863 2813 936 2846 Att.
958 2813 983 2850 Ι,
1012 2812 1066 2855 13,
1096 2812 1113 2844 1
1141 2812 1271 2856 legitur
1297 2813 1345 2845 ad
1373 2812 1558 2855 Sicyonem
1583 2821 1795 2854 oppaynan-

292 2873 388 2912 dum,
415 2871 665 2915 Xenophontis
689 2875 722 2905 et
741 2871 895 2905 aliorum
914 2871 1080 2915 exemplo
1099 2870 1316 2911 defenditur,
1336 2880 1548 2913 quanquam
1567 2868 1792 2912 frequentius

294 2930 468 2964 feminino
494 2941 624 2974 genere
650 2930 736 2964 urbs
763 2928 993 2973 appellatur]
