1915 3235
839 122 925 164 535

86 251 349 304 scripsimus,
399 251 705 304 coniungemus
748 253 790 292 et
832 251 1194 299 continuabimus,
1242 254 1290 292 ut
1334 252 1464 293 etiam
1507 265 1592 302 eos,
1643 253 1678 293 si

89 323 173 375 qui,
223 321 325 373 quid
364 321 564 362 universe
605 321 658 362 de
696 323 965 374 superiorum
999 322 1283 375 interpretum
1315 335 1447 375 opera
1478 323 1522 363 in
1554 324 1677 364 Iuve-

86 391 195 433 nalis
227 391 370 432 satiris
402 392 545 444 posita
576 383 813 432 iudicemus
847 395 889 433 et
913 393 956 433 in
981 405 1065 444 quo
1089 406 1201 434 novo
1227 393 1465 434 enarratori
1489 394 1678 434 maxime

87 462 400 503 elaborandum
432 463 648 514 putemus,
698 475 954 515 cognoscere
994 464 1180 515 cupient,
1229 463 1286 504 ad
1324 463 1394 503 illa
1427 463 1677 516 ablegemus

86 532 320 584 statimque
352 532 408 572 ad
440 532 608 585 singula
639 533 878 582 Veniamus,
918 546 1004 574 non
1037 534 1184 586 utique
1218 534 1413 575 ordinem
1445 534 1677 574 satirarum

87 605 330 655 sequentes,
380 603 457 643 sed
488 606 536 643 ut
568 616 750 655 quaeque
782 617 829 644 se
861 604 1107 653 obtulerint,
1158 604 1437 656 expedientes
1471 606 1514 644 et
1544 604 1677 644 inter-

87 673 190 714 dum
224 686 288 722 ea,
337 685 434 724 quae
475 673 519 713 in
561 673 809 725 disputandi
852 674 1093 726 errorisque
1132 675 1308 715 tollendi
1341 687 1495 727 genere
1529 674 1677 715 simili-

84 743 278 784 tudinem
309 743 497 795 aliquam
523 743 761 792 habebunt,
796 747 1112 785 connectentes.
1161 745 1214 785 Et
1236 745 1438 797 primum,
1473 745 1676 798 quoniam

83 816 177 854 tum
209 826 344 854 unum
377 816 418 854 et
452 813 634 854 alterum
668 814 808 855 locum
849 816 1081 868 attigimus,
1130 815 1249 856 cuius
1288 816 1404 856 mala
1444 815 1676 856 verborum

84 884 428 937 interpunctione
471 897 622 924 sensus
670 884 925 926 obscuratus
974 888 1099 935 esset,
1149 886 1255 927 alios
1303 886 1514 938 quosdam
1561 887 1677 928 locos

86 955 212 996 simili
244 968 295 996 ac
326 954 553 996 nonnullos
586 955 715 1006 paulo
747 956 1003 996 notabiliore
1036 969 1179 998 errore
1211 957 1457 998 liberemus.

202 1026 250 1066 In
297 1026 429 1067 satira
471 1026 718 1075 undecima,
769 1039 853 1078 quo
900 1026 993 1067 loco
1040 1027 1251 1067 Iuvenalis
1300 1027 1444 1068 omnia
1491 1027 1676 1079 antiquis

84 1097 368 1149 temporibus,
402 1110 534 1149 quum
568 1097 764 1138 homines
797 1097 1020 1150 frugaliter
1050 1098 1258 1147 viverent,
1303 1098 1482 1138 luxuriae
1516 1100 1558 1138 et
1591 1098 1676 1139 ele-

85 1167 244 1220 gantiae
275 1167 424 1220 ignari,
457 1167 637 1208 meliora
668 1167 800 1208 fuisse
833 1167 1034 1216 ostendit,
1068 1168 1162 1208 haec
1193 1168 1314 1220 ponit
1347 1167 1403 1221 (V.
1441 1169 1520 1208 111
1541 1167 1674 1221 sqq.):

368 1273 404 1313 T
410 1273 649 1326 emplorum
683 1286 854 1326 quoque
886 1274 1091 1314 maiestas
1123 1275 1390 1326 praesentior,
1425 1276 1467 1314 et
1499 1287 1581 1315 Vox

366 1343 500 1385 Nocte
534 1344 621 1385 fere
653 1344 797 1385 media
829 1344 1105 1396 mediamque
1137 1344 1287 1385 audita
1318 1357 1395 1397 per
1426 1344 1593 1393 urbem,

367 1415 509 1456 Litore
543 1415 597 1455 ab
632 1415 793 1456 Oceani
826 1415 956 1456 Gallis
990 1415 1261 1456 venientibus
1296 1418 1338 1456 et
1370 1416 1434 1456 dis

368 1484 568 1526 Officium
601 1487 711 1526 vatis
743 1485 1064 1539 peragentibus,
1098 1486 1164 1527 his
1198 1487 1364 1527 monuit
1395 1499 1487 1527 nos.

366 1555 492 1596 Hanc
523 1557 653 1597 rebus
686 1557 817 1598 Latiis
852 1569 999 1597 curam
1033 1558 1242 1609 praestare
1275 1557 1443 1598 solebat

366 1626 525 1668 Fictilis
559 1630 601 1667 et
632 1627 748 1668 nullo
781 1628 964 1669 violatus
996 1627 1189 1679 Iuppiter
1221 1641 1339 1669 auro.

82 1732 179 1773 Non
221 1732 329 1785 fugit
371 1732 570 1777 editores,
623 1745 770 1774 vocem
812 1734 878 1774 his
919 1734 963 1774 in
1002 1747 1040 1773 v.
1078 1733 1160 1773 114
1203 1746 1358 1786 parum
1402 1734 1676 1775 commodam

83 1816 177 1844 esse
210 1816 260 1843 ac
291 1803 435 1855 potius
457 1804 584 1856 plane
618 1804 818 1845 alienam.
867 1804 1033 1854 Quibus
1057 1805 1170 1844 enim
1196 1804 1289 1845 aliis
1322 1805 1451 1845 rebus
1484 1804 1566 1846 nisi
1597 1818 1676 1846 suo

82 1874 178 1926 ipsa
224 1886 330 1914 sono
376 1886 460 1914 vox
505 1874 590 1923 illa,
639 1887 770 1927 quam
808 1874 889 1915 Aio
930 1875 1106 1915 Locutio
1147 1875 1404 1924 tribuerunt,
1452 1875 1675 1916 Romanos

81 1944 276 1985 monuit?
319 1944 372 1984 Et
402 1943 477 1984 ubi
510 1957 571 1985 eae
604 1944 853 1997 significatae
885 1948 998 1995 sunt,
1032 1948 1080 1985 ut
1112 1945 1182 1986 illo
1215 1946 1470 1998 pronomine
1496 1945 1675 1987 demon-

83 2014 210 2056 strari
242 2015 437 2068 possint?
476 2015 626 2067 Itaque
659 2015 915 2057 Marshallus
948 2016 1021 2057 hos
1052 2016 1180 2056 scribi
1212 2016 1357 2065 voluit,
1391 2016 1579 2057 barbaro
1612 2016 1675 2057 lo-

84 2085 243 2138 quendi
275 2098 444 2138 genere,
476 2085 712 2138 Rupertius
745 2086 823 2135 hic,
857 2087 980 2139 quasi
1015 2086 1257 2127 cavendum
1281 2090 1423 2139 poetae
1447 2087 1588 2136 fuerit,
1621 2100 1675 2128 ne

84 2169 168 2197 vox
199 2157 334 2198 missa
364 2156 547 2196 mediam
577 2170 653 2209 per·
684 2156 827 2197 urbem
859 2157 961 2197 alibi
1003 2157 1225 2198 Romanos
1265 2158 1484 2198 monuisse
1528 2157 1675 2199 crede-

83 2229 215 2267 retur.
230 2223 263 2278 1)
326 2226 482 2268 Omnia
513 2227 742 2280 perspicua
775 2229 899 2268 erunt
931 2228 1127 2268 oratione
1159 2229 1218 2268 sic
1252 2227 1502 2269 distributa:

1402 2325 1444 2363 et
1474 2336 1557 2364 vox

324 2391 458 2432 Nocte
491 2391 580 2432 fere
614 2391 756 2432 media
787 2392 1063 2444 mediamque
1095 2392 1244 2433 audita
1277 2391 1368 2446 (est)
1401 2406 1479 2445 per
1505 2394 1673 2443 urbem,

325 2461 467 2502 Litore
499 2462 554 2502 ab
589 2461 751 2503 Oceani
783 2462 914 2503 Gallis
946 2463 1218 2504 Venientibus
1252 2466 1295 2504 et
1327 2463 1391 2504 dis

326 2531 526 2573 Officium
559 2533 669 2573 Vatis
702 2533 1023 2586 peragentibus.
1086 2533 1164 2574 His
1204 2532 1300 2586 (hac
1337 2548 1429 2575 voce
1461 2539 1498 2575 et
1528 2534 1675 2575 huius-

938 2604 1052 2645 modi
1083 2603 1231 2659 siquis)
1263 2606 1431 2646 monuit
1462 2618 1554 2654 nos,

325 2673 452 2714 Hanc
483 2673 615 2715 rebus
648 2673 779 2714 Latiis
813 2687 961 2715 curam
994 2677 1202 2727 praestare
1235 2675 1403 2717 solebat

324 2743 483 2785 Fictilis
517 2747 559 2785 et
589 2744 707 2785 nullo
740 2744 923 2785 violatus
956 2745 1146 2798 Iuppiter
1177 2759 1297 2787 auro.

119 2881 148 2926 1)
174 2882 307 2927 [Nihilo
333 2883 463 2918 melius
488 2884 718 2918 Heinrichius
744 2886 826 2918 hinc
850 2884 921 2929 legi
945 2885 1038 2923 vult;
1074 2885 1113 2920 G.
1140 2886 1177 2920 E.
1204 2886 1337 2920 Weber
1367 2887 1424 2920 hic
1449 2885 1540 2920 mire
1566 2886 1673 2920 inter-

176 2946 340 2987 pretatur
364 2944 477 2985 dabei,
503 2943 562 2977 bei
588 2943 712 2977 diesen
738 2943 930 2978 einfachen
956 2943 1083 2979 Sitten.
1134 2942 1253 2987 1842]

1696 1745 1747 1769 170
