1915 3235
110 773 161 798 113

935 135 1023 176 490

181 266 360 308 tioribus
394 268 435 306 et
468 278 494 306 a
527 264 686 306 Graecis
718 265 863 317 petitis
896 263 1218 305 confunduntur
1251 266 1293 305 et
1324 264 1380 313 id,
1423 265 1539 318 quod
1580 267 1620 306 et
1658 266 1775 319 apud

182 338 352 379 Graecos
387 338 429 377 et
462 335 578 388 apud
610 335 784 376 Latinos
817 336 956 376 certos
989 335 1273 387 definitosque
1300 335 1506 377 terminos
1529 335 1676 385 habet,
1709 337 1774 377 in-

181 409 346 450 curiose
380 407 437 448 ad
469 420 520 448 ea
553 405 824 456 transfertur,
867 418 964 458 quae
996 405 1120 459 longe
1154 406 1328 456 distant,
1372 408 1414 447 et
1446 419 1514 447 res
1547 407 1775 460 simplicis-

180 479 300 520 simae
333 478 562 519 artificiose
595 477 924 530 perturbantur.

298 549 361 590 Ac
393 549 582 602 primum
615 548 668 589 de
700 542 919 588 indicativi
952 546 1144 600 perfecto
1177 547 1234 588 ad
1266 560 1339 589 eas
1368 560 1435 588 res
1458 547 1776 601 significandas,

181 634 278 673 quae
310 620 401 660 fieri
434 619 633 668 solerent,
682 618 822 671 posito
866 631 999 671 quum
1038 618 1161 659 multi
1202 631 1288 659 non
1330 617 1651 660 distinctissime
1684 618 1776 660 dix-

181 688 373 744 issent¹),
407 690 654 743 nuperrime
686 688 909 730 lValcliius
950 687 1024 741 (ad
1063 689 1202 730 Taciti
1240 689 1425 742 Agricol.
1465 703 1507 742 p.
1544 688 1644 743 104)
1685 703 1777 731 rem

180 774 267 803 non
301 761 525 802 clariorem
567 761 880 813 certioremque
919 759 1031 809 fecit,
1081 760 1157 815 sed
1198 762 1339 801 rectos
1378 760 1485 801 fines
1527 760 1780 814 negligendo

181 832 513 885 implicatiorem
546 831 734 872 reddidit
767 844 1058 883 campumque
1090 831 1348 872 latissimum
1391 831 1536 884 pravis
1569 817 1780 884 interpre-

181 902 417 944 tationibus
452 899 636 955 aperuit.
701 901 784 951 Qui
827 901 943 954 quod
982 902 1097 951 dicit,
1145 903 1331 955 primam
1372 903 1593 944 notionem
1635 902 1781 944 aoristi

182 974 318 1015 Graeci
351 987 445 1015 esse
478 974 540 1014 rei
572 973 691 1026 prius
726 975 768 1013 et
799 985 913 1013 nunc
947 974 989 1013 et
1020 972 1063 1013 in
1094 975 1318 1026 posterum
1358 974 1603 1026 praeteritae,
1651 973 1782 1015 tales-

182 1058 264 1098 que
313 1059 381 1086 res
431 1058 505 1086 eas
555 1056 662 1093 esse,
712 1056 808 1096 quae
856 1042 899 1083 in
940 1044 1080 1084 aetatis
1119 1043 1298 1085 alicuius
1338 1044 1491 1085 habitu
1524 1044 1781 1094 animorum,

181 1129 315 1166 more,
355 1128 436 1156 usu
469 1114 621 1168 positae
655 1113 753 1164 sint,
803 1113 846 1154 id
880 1114 1006 1166 quale
1040 1114 1107 1165 sit,
1142 1114 1340 1168 ignorare
1373 1128 1443 1156 me
1476 1115 1633 1164 fateor3
1681 1128 1783 1156 nam

181 1199 260 1228 nec
293 1186 431 1239 qualis
463 1199 533 1227 res
566 1186 633 1235 sit,
681 1198 777 1237 quae
818 1185 877 1225 sic
911 1186 1056 1227 animo
1089 1186 1368 1239 concipiatur,
1417 1199 1542 1239 paene
1573 1187 1782 1238 tanquam

181 1257 394 1310 posterior
424 1259 520 1298 rota
552 1269 777 1308 nunquam
809 1255 996 1308 priorem
1023 1269 1272 1310 assequens,
1306 1257 1510 1310 intelligo,
1543 1270 1623 1298 nec
1646 1256 1780 1297 talem

182 1341 374 1381 unquam
418 1328 549 1369 fuisse
590 1328 633 1368 in
677 1327 764 1368 ulla
802 1326 948 1380 lingua
988 1327 1172 1369 formam
1213 1328 1334 1368 verbi
1375 1328 1515 1378 credo,
1566 1341 1652 1381 qua
1698 1340 1785 1368 non

182 1399 390 1452 temporis
424 1399 568 1451 aliqua
602 1398 725 1447 ratio,
759 1397 837 1439 sed
869 1397 930 1438 rei
962 1397 1096 1450 ipsius
1129 1401 1287 1440 natura
1310 1412 1501 1452 praesens
1526 1401 1569 1440 et
1590 1398 1784 1439 futurum

183 1470 450 1511 excludentis
483 1471 727 1517 notaretur3
777 1469 820 1510 id
861 1469 961 1517 scio,
1011 1471 1053 1509 et
1086 1469 1223 1511 Graeci
1265 1469 1412 1511 aoristi
1444 1470 1662 1511 notionem
1697 1468 1785 1522 pri-

184 1555 315 1591 mam,
366 1541 482 1594 quod
525 1540 581 1581 ad
621 1540 901 1580 indicativum
945 1541 1141 1590 attineat,
1189 1540 1376 1594 positam
1419 1554 1514 1582 esse
1546 1541 1590 1581 in
1621 1539 1786 1592 simpli-

184 1614 357 1655 cissima
389 1612 451 1653 rei
484 1611 716 1665 praeteritae
756 1610 1079 1663 significatione,
1128 1613 1171 1652 in
1210 1611 1443 1661 narrando,
1493 1625 1572 1653 nec
1615 1611 1787 1653 Graecos

184 1698 392 1737 unquam,
443 1696 576 1736 quum
622 1682 840 1735 ingenium
882 1696 1102 1724 moremve
1135 1683 1275 1724 aetatis
1308 1683 1488 1724 alicuius
1522 1695 1786 1724 commemo—

184 1757 293 1805 rent,
343 1754 503 1796 aoristo
551 1753 626 1801 uti,
675 1753 755 1793 nisi
803 1752 876 1793 ubi
926 1753 979 1794 de
1018 1754 1238 1806 praeterita
1278 1755 1407 1795 aetate
1448 1755 1639 1795 narrent.
1703 1751 1789 1793 Sed

187 1826 380 1867 confudit
422 1825 486 1866 vir
529 1826 718 1878 optimus
762 1826 949 1880 aliquam
983 1830 1142 1866 mutem
1178 1827 1219 1866 et
1251 1839 1391 1866 omnes
1424 1829 1576 1874 (etates,
1625 1835 1789 1877 proque

187 1910 237 1938 ea
270 1910 330 1947 re,
366 1910 476 1950 quae,
513 1910 647 1949 quum
681 1901 723 1937 et
756 1897 810 1937 sit
843 1898 885 1937 et
918 1896 1047 1937 fuerit
1080 1898 1121 1937 et
1154 1896 1301 1937 futura
1333 1897 1400 1945 sit,
1434 1897 1578 1948 potest
1611 1897 1652 1936 et
1677 1907 1789 1947 prae-

187 1969 298 2009 senti
330 1970 527 2020 tempore
559 1969 681 2009 verbi
713 1967 805 2009 fieri
838 1967 1054 2008 interdum
1089 1967 1170 2008 dici
1213 1969 1254 2008 et
1295 1967 1514 2020 praeterito
1557 1964 1789 2018 aliquando

189 2039 303 2080 facta
342 2039 524 2088 narrari,
574 2038 796 2080 substituit
830 2038 1073 2080 mirabilem
1113 2039 1229 2080 illam
1271 2051 1363 2079 rem
1405 2051 1579 2091 semper
1610 2038 1790 2090 praeter-

190 2110 309 2150 itam.
371 2109 648 2162 Relinquitur
688 2109 817 2162 igitur
857 2122 910 2150 ex
942 2109 1025 2150 hac
1058 2109 1252 2151 obscuris
1286 2109 1429 2150 verbis
1463 2107 1656 2150 involuta
1688 2106 1790 2148 doc-

191 2180 303 2221 trina
348 2180 453 2222 nihil
497 2180 626 2230 aliud,
676 2180 756 2221 nisi
800 2180 915 2233 quod
954 2180 1058 2222 satis
1099 2183 1249 2222 notum
1293 2182 1398 2228 erat,
1447 2179 1490 2220 in
1522 2192 1568 2220 re
1601 2182 1642 2220 et
1675 2190 1791 2230 saepe

193 2251 308 2292 facta
342 2254 384 2292 et
415 2251 507 2292 fieri
540 2251 666 2292 solita
689 2250 860 2292 Graecos
884 2252 965 2293 hoc
992 2252 1219 2304 posterius,
1253 2251 1345 2292 fieri
1368 2251 1518 2300 solere,
1553 2249 1792 2302 significare

193 2323 266 2371 ita,
300 2325 347 2363 ut
380 2322 541 2364 factam
574 2324 766 2363 narrent.
831 2322 981 2375 Neque
1015 2322 1098 2363 alio
1131 2323 1348 2375 pertinent
1381 2321 1580 2374 exempla
1613 2320 1792 2361 collecta

195 2406 219 2434 a
251 2392 463 2443 Walchio,
496 2393 628 2434 nihilo
660 2393 732 2434 illa
764 2394 814 2434 iis
849 2394 1030 2445 aptiora,
1065 2406 1161 2446 quae
1195 2406 1247 2434 ex
1279 2393 1388 2434 libro
1420 2392 1644 2433 notissimo
1677 2390 1788 2431 Mat-

194 2462 312 2504 thiaei
344 2463 432 2516 peti
465 2461 726 2516 poterant&
775 2464 860 2505 Sed
894 2477 946 2504 ex
978 2464 1049 2505 illa
1082 2464 1261 2505 confusa
1295 2463 1489 2505 doctrina
1512 2463 1676 2503 factum
1710 2463 1788 2510 est,

196 2536 243 2574 ut
275 2533 497 2575 Walchius
531 2534 573 2575 in
606 2535 758 2575 Latina
792 2535 1031 2576 imitatione
1064 2535 1182 2576 nullo
1215 2535 1305 2575 fere
1330 2534 1586 2582 discrimine,
1621 2545 1646 2573 a
1679 2544 1791 2585 prae-

235 2730 265 2774 ¹)
291 2732 368 2766 Vid.
397 2732 675 2766 Gronovius-ad
703 2733 827 2767 Senec.
856 2734 999 2778 Hippol.
1027 2733 1096 2767 510
1132 2737 1166 2768 et
1199 2734 1243 2768 ad
1278 2734 1402 2767 Senec.
1430 2732 1540 2777 Epist.
1569 2730 1647 2774 114,
1686 2731 1792 2765 Bent-

293 2792 384 2826 leius
417 2792 461 2825 ad
495 2792 619 2825 Horat.
653 2791 718 2826 Od.
746 2793 804 2832 III,
837 2792 894 2833 23,
928 2793 982 2834 19,
1021 2792 1232 2837 Wopkensii
1263 2793 1359 2826 Lect.
1394 2792 1486 2826 Tull.
1513 2803 1546 2835 p.
1573 2789 1655 2831 238,
1693 2789 1793 2823 Butt-

295 2861 453 2884 mannus
478 2850 523 2884 ad
551 2850 760 2892 Quintilian.
787 2851 863 2891 XII,
891 2852 922 2892 9,
956 2850 988 2885 4.
1040 2851 1277 2888 Goerenzium,
1310 2851 1491 2891 Beierum,
1524 2849 1791 2888 Frotscherum,

297 2909 470 2943 Kritzium
497 2909 570 2942 suis
597 2909 684 2943 locis
711 2909 919 2943 nominabo.

238 2966 266 3011 ²)
294 2968 492 3003 Grammat.
521 2967 630 3002 Graec.
658 2966 678 3010 ἓ
704 2966 782 3008 502,
810 2967 831 3001 3
858 2968 912 3002 ed.
939 2968 972 3002 2.
