1915 3235
794 146 876 186 277

41 278 159 319 cuius
203 275 389 318 addendi
433 288 563 316 causa
606 276 747 327 patet3
794 274 838 315 in
871 287 905 316 c.
941 275 978 324 7,
1020 275 1076 316 23
1109 274 1180 328 (is)
1213 276 1356 318 obstat
1389 276 1630 318 Arusianus

39 348 204 389 Messus
237 346 296 400 (p.
330 346 416 388 244
448 346 642 387 Lindem.
688 344 782 397 [VII
812 359 853 398 p.
886 345 974 387 490
1004 345 1165 398 Keil.]).
1227 346 1354 388 Addo
1386 347 1525 388 Divin.
1562 348 1628 397 17,

38 418 94 459 55
133 418 273 458 omnia
313 420 354 459 et
386 416 458 457 lib.
491 416 520 461 Ι,
570 416 639 465 36,
688 416 744 457 92
777 429 887 464 emm
936 415 1148 469 simulque
1188 416 1259 457 lib.
1292 417 1322 467 Ι,
1374 418 1439 468 10,
1489 418 1544 459 28
1578 431 1629 459 ex

37 485 236 527 omnibus
278 486 527 527 melioribus
571 486 693 527 codd.
740 485 811 539 (de
844 486 922 528 Gu.
957 487 983 527 2
1022 486 1107 527 vid.
1140 487 1310 540 Zumpt.
1345 486 1464 540 app.)
1504 489 1628 529 resti-

36 555 244 597 tuendum
284 569 378 598 esse
417 559 567 610 aptum
612 557 818 598 celeritati
860 557 1119 598 narrationis
1164 558 1405 611 asyndeton
1450 560 1627 613 arpenti,

35 627 156 667 vestis
200 628 413 682 straqulce.
463 630 502 668 et
552 640 586 668 0.
621 628 697 676 29,
748 628 803 668 72
849 627 1086 669 tollendum
1136 641 1230 670 esse
1277 629 1627 682 supplementum

36 696 173 738 Guelf.
221 697 374 750 prioris
407 711 502 739 esse.
566 697 727 739 Contra
758 698 854 739 Act.
887 698 916 747 Ι,
966 698 1005 747 8,
1054 698 1107 740 21
1148 698 1415 741 restituenda
1449 702 1511 741 est
1544 713 1628 742 vox

29 779 193 820 pueros,
227 767 390 809 nullam
423 768 553 810 aliam
585 769 641 810 ob
675 782 851 810 causam
884 768 1055 818 omissa,
1090 769 1170 810 nisi
1203 770 1318 822 quod
1350 772 1495 823 posset
1528 770 1627 811 bre-

34 835 127 877 vius
171 850 342 890 quoque
390 841 429 879 et
477 839 719 892 generalius
767 839 869 888 dici;
918 840 1116 882 librarius
1164 840 1360 890 homines,
1409 854 1628 882 summum

32 920 180 956 servos,
228 921 315 950 non
354 911 444 951 tam
478 910 629 951 Latine
655 924 811 964 pueros
843 911 1092 952 addidisset.
1156 910 1260 960 Iam,
1310 911 1473 964 opinor.
1522 912 1627 953 nihil

33 977 250 1030 impediet⁷
285 981 514 1033 quominus
548 994 600 1022 ex
633 981 724 1023 solo
757 981 894 1022 Guelf.
929 982 968 1031 2,
1009 994 1034 1022 a
1067 994 1151 1034 quo
1185 981 1411 1023 dissentire
1444 983 1627 1023 Leiden-

32 1060 121 1089 sem
157 1061 209 1090 ex
241 1051 408 1093 silentio
438 1052 693 1093 concludere
725 1065 812 1093 non
836 1052 946 1101 licet,
980 1052 1233 1093 restituatur
1257 1052 1352 1093 Act.
1382 1053 1410 1102 Ι,
1449 1054 1514 1102 11,
1549 1053 1626 1094 32:

33 1121 196 1173 capiam
228 1120 413 1173 fructum
456 1136 504 1164 ex
537 1124 821 1175 accusatione;
860 1123 1079 1177 perficiam
1122 1125 1201 1164 cet.
1245 1122 1338 1175 (cfr.
1379 1123 1625 1164 Emendatt.

32 1189 75 1230 in
107 1190 191 1231 Cic.
225 1191 356 1234 libros
390 1193 542 1246 philos.
577 1208 618 1247 p.
657 1193 770 1247 152),
813 1196 852 1235 et
892 1194 964 1235 lib.
998 1195 1027 1243 Ι,
1070 1194 1137 1242 38,
1179 1194 1232 1234 97
1268 1207 1320 1234 ex
1352 1194 1490 1236 Guelf.
1524 1195 1551 1235 2
1585 1197 1625 1236 et

31 1260 277 1313 Lagomars.
312 1263 367 1305 29
401 1270 607 1318 coynosset
638 1278 716 1318 pro
748 1265 921 1318 vulgato
955 1270 1228 1319 comensem-em
1269 1278 1355 1306 non
1398 1265 1513 1318 quod
1545 1266 1626 1306 hoc

31 1330 123 1373 1000
156 1332 256 1374 ferri
287 1334 369 1375 1100
401 1334 518 1375 nullo
551 1335 680 1377 modo
712 1336 862 1388 possit.
896 1336 974 1377 sed
1006 1335 1122 1388 quod
1153 1337 1364 1388 perpetua
1398 1338 1460 1377 est
1494 1336 1625 1377 libra-

30 1402 190 1444 riorum
224 1404 407 1445 alterum
440 1405 544 1446 illud
578 1418 673 1447 cum
708 1407 789 1448 hac
829 1407 968 1448 forma
1008 1406 1303 1448 commutandi
1346 1407 1623 1457 consuetudo.

29 1475 206 1525 propter
238 1487 369 1527 quam
403 1476 459 1517 ad
493 1477 677 1518 eandem
712 1479 1020 1519 correctionem
1054 1478 1095 1518 in
1129 1491 1163 1518 0.
1194 1478 1231 1526 7,
1270 1478 1335 1525 18,
1370 1477 1442 1518 ubi
1476 1491 1625 1519 neces-

31 1544 143 1585 saria
177 1547 253 1593 est,
287 1546 532 1588 faciendam
565 1547 721 1589 sufficit
753 1549 986 1590 auctoritas
1010 1548 1140 1589 solius
1163 1549 1285 1590 istius
1308 1549 1464 1589 codicis
1488 1550 1625 1601 Lago-

30 1615 293 1657 marsiniani.
312 1614 345 1669 1)

148 1686 539 1730 Commemoranda
575 1691 636 1730 est
672 1690 874 1742 deinceps
907 1690 1033 1731 tertia
1068 1690 1269 1742 quaedam
1299 1690 1543 1732 huiusmodi
1570 1691 1625 1732 ad

30 1756 160 1799 libros
192 1759 356 1810 priores
389 1760 668 1801 Verrinarum
702 1760 922 1813 pertinens
956 1761 1180 1802 dissensio.
1228 1761 1338 1802 Puto
1373 1761 1485 1802 enim
1513 1762 1624 1802 anti-

31 1840 136 1879 quas
170 1829 331 1882 aliquot
364 1830 718 1883 interpolationes
750 1831 819 1872 hic
851 1832 985 1873 latere
1017 1845 1095 1884 per
1127 1844 1276 1873 omnes
1317 1832 1484 1873 codices
1526 1845 1623 1884 per—

29 1901 222 1952 vagatas,
257 1903 373 1942 ortas
399 1914 450 1942 ex
476 1903 590 1943 notis
609 1901 919 1954 marginalibus
937 1904 977 1943 et
997 1902 1342 1943 interlinearilms
1362 1903 1473 1943 inter
1491 1903 1624 1943 verba

30 1971 210 2012 oratoris
242 1973 438 2025 receptis.
489 1986 596 2025 quas
640 1973 674 2013 si
717 1985 803 2014 non
845 1973 1007 2014 tollere.
1058 1973 1355 2014 demonstrare
1394 1976 1541 2015 tamen
1583 1975 1623 2014 et

29 2043 180 2082 notare
212 2044 305 2084 tuto
338 2043 476 2091 liceat,
512 2043 568 2084 ad
601 2056 783 2096 eamque
816 2057 907 2085 rein
936 2044 1183 2096 Zumptium
1206 2044 1347 2084 minus
1371 2043 1621 2085 attendisse.

31 2110 171 2161 Quam
202 2115 326 2154 vetus
359 2114 451 2154 haec
485 2114 537 2154 sit
572 2114 778 2155 librorum
813 2115 1068 2167 corruptela.
1117 2116 1235 2167 patet
1276 2127 1408 2166 quum
1454 2126 1505 2154 ex
1538 2114 1621 2163 illo,

31 2183 144 2233 quod
176 2186 277 2224 ante
310 2185 659 2235 commemoravi,
704 2185 859 2227 codicis
894 2186 1088 2226 Vaticani
1123 2185 1418 2226 additamento
1452 2185 1494 2225 in
1527 2185 1621 2226 libr.

67 2379 94 2423 ¹)
120 2383 171 2416 Ex
196 2384 324 2418 iisdem
350 2384 466 2419 tribus
493 2385 703 2419 melioribus
736 2386 849 2425 codd..
883 2385 1117 2419 dissentiente
1152 2384 1267 2419 Guelf.
1297 2384 1327 2425 1,
1360 2385 1397 2418 in
1423 2385 1540 2419 Divin.
1570 2384 1624 2426 17,

123 2441 168 2475 55
193 2443 426 2478 scribendum
452 2447 557 2488 puto:
584 2450 624 2477 ut
643 2445 813 2487 proefevto
833 2445 886 2477 ille·
902 2445 1105 2487 religionem
1133 2444 1277 2477 Veneris
1294 2445 1434 2477 nomine
1452 2444 1623 2477 obiiceret.

125 2502 315 2546 Vulgatam
342 2503 559 2546 scripturam
578 2504 781 2546 reliyz'onem
810 2504 953 2537 Veneris
971 2513 1172 2546 nomenque,
1200 2513 1310 2546 quam
1337 2502 1394 2536 vel
1413 2501 1626 2546 exquisitior

124 2561 317 2595 verborum
344 2561 431 2595 ordo
457 2561 550 2595 tueri
576 2561 689 2595 videri
716 2562 838 2606 possit,
865 2561 901 2595 in
930 2572 970 2595 eo
998 2561 1165 2595 vitiosam
1191 2560 1320 2603 iudico,
1349 2562 1445 2605 quod
1471 2560 1625 2605 graviori

125 2621 307 2663 reliqionis
332 2621 508 2654 vocabulo
535 2620 643 2654 inane
675 2631 716 2654 ac
742 2621 820 2654 leve
846 2631 972 2654 nomen
998 2619 1218 2664 superaddit.
1268 2620 1479 2664 Ignoratum
1506 2619 1623 2660 credo,

124 2678 206 2722 quid
236 2683 329 2713 esset
354 2680 558 2722 rele'yionem
587 2680 744 2719 obiicere,
772 2679 851 2712 ideo
876 2680 1079 2721 reliqionem
1111 2680 1255 2713 Veneris
1281 2678 1514 2719 intellectam,
1541 2678 1624 2712 inde

124 2737 363 2771 mutationem
395 2741 524 2772 ortam.
575 2738 627 2771 Ex
661 2738 725 2772 Gru.
754 2738 785 2779 1,
824 2741 864 2772 ut
902 2738 969 2772 hoc
1007 2741 1212 2772 extremum
1250 2738 1393 2778 addam,
1433 2737 1624 2780 Zumptius

124 2795 159 2829 in
185 2796 264 2829 libr.
291 2796 320 2829 V
347 2807 374 2830 0.
401 2795 456 2837 47,
498 2795 565 2829 125
598 2807 678 2831 eam
711 2796 926 2840 scripturam
954 2796 1105 2837 induxit,
1144 2807 1215 2840 qua
1250 2796 1382 2830 vulnus
1415 2796 1475 2830 vix
1509 2796 1624 2830 occul-

126 2857 230 2895 tetur,
257 2855 392 2888 nedum
419 2851 578 2889 sanetur.
618 2855 708 2889 Nam
735 2866 801 2889 nec
827 2855 1022 2889 verborum
1040 2855 1178 2898 positus
1196 2855 1384 2899 permittit,
1411 2858 1450 2889 ut
1477 2854 1623 2898 genitivi

127 2912 185 2946 illo
210 2913 288 2946 loco
314 2923 334 2946 a
360 2924 448 2947 voce
474 2916 532 2948 ius
557 2914 750 2958 pendeant.
787 2924 853 2947 nec
886 2913 1016 2947 dicitur
1041 2914 1195 2948 obtinere
1221 2915 1283 2947 hoe
1308 2916 1366 2947 ius
1392 2915 1623 2956 eowatv'om‘s,

128 2976 163 3004 ιιύ
188 2973 415 3015 deprecemur
441 2983 505 3016 pro
532 2983 585 3013 eo,
613 2973 709 3016 quod
737 2975 806 3006 est:
834 2974 913 3006 iure
939 2974 1161 3015 coynatiom's
1187 2973 1350 3007 obtinere.

1647 1417 1697 1443 341
