1915 3235
967 115 1051 156 30ss

211 253 369 305 praeter
401 249 566 301 reliqua
605 246 811 295 subsidia,
862 245 917 286 ab
962 244 1054 286 aliis
1098 244 1317 285 interdum
1359 243 1554 296 neglecta
1600 248 1673 284 aut
1713 257 1810 297 quae

211 335 350 374 nuper
397 319 684 366 accesserant,
734 316 790 357 ad
838 315 1075 357 Caelianam
1123 314 1444 356 emendandam
1493 327 1626 367 quum
1668 313 1810 368 ipsum

212 393 331 434 illum
364 391 556 432 codicem
587 389 879 430 Parisiensem
912 389 1006 427 tum
1047 385 1155 427 duos
1188 385 1280 426 eius
1311 384 1485 435 similes,
1534 385 1719 426 alterum
1757 398 1812 426 ne
1855 400 1859 403 ·

214 465 342 504 aetate
375 461 550 514 quidem
582 460 709 512 longe
741 458 1000 507 inferiorem,
1035 457 1290 507 Beruenses,
1325 456 1609 506 adhibuisset,
1652 456 1708 497 ad
1740 456 1812 497 Se-

214 535 399 575 stianam
442 532 522 573 hos
564 531 819 579 Bernenses,
868 531 1000 581 atque
1039 528 1082 568 in
1122 528 1194 569 illa
1232 527 1356 580 longe
1395 527 1595 580 plurima,
1643 527 1688 567 in
1732 526 1814 568 hac

214 604 431 658 permulta
463 604 576 644 bene
607 601 879 649 restituisset,
919 599 1121 652 idemque
1154 611 1269 639 nunc
1301 598 1393 639 sine
1426 597 1558 639 dubio
1591 597 1741 639 fecerit.
1771 597 1815 638 in

214 675 342 717 tertia
373 674 446 715 illa
479 675 686 721 oratione,
736 685 822 713 non
855 672 960 720 erat,
1010 683 1085 711 cur
1122 672 1299 722 propter
1332 682 1396 719 ea,
1446 682 1543 722 quae
1576 668 1814 717 restabant,

214 760 328 788 nova
360 746 489 787 editio
530 745 822 797 susciperetur
864 742 1058 795 ipsarum
1101 742 1358 790 orationum,
1407 740 1485 781 sed
1528 739 1637 780 alius
1681 752 1731 780 ea
1774 740 1817 780 in

215 819 355 859 lucem
404 816 651 869 proferendi
698 814 853 856 modus
903 812 998 866 eligi
1047 812 1249 853 debebat.
1313 811 1402 852 Nec
1449 810 1727 851 Vatinianam
1777 813 1817 851 et

217 888 532 936 Cornelianam,
583 889 718 939 quum
761 883 1003 938 praesertim
1043 883 1099 924 ad
1131 882 1258 923 huius
1292 881 1645 923 emendationem
1676 882 1818 922 minus

218 958 367 1013 profici
414 960 574 1011 posset,
622 970 701 1010 per
747 969 793 997 se
842 955 970 996 edere
1009 967 1153 1007 operae
1192 953 1379 1006 pretium
1412 952 1655 994 videbatur,
1719 952 1817 1003 Sed,

217 1031 333 1084 quod
366 1031 465 1080 dixi,
514 1032 563 1070 ut
603 1028 885 1081 superessent
915 1028 1014 1078 post
1047 1024 1193 1066 Orellii
1235 1038 1384 1065 curam
1422 1024 1541 1065 haud
1572 1023 1633 1064 ita
1664 1036 1817 1076 pauca,

218 1115 313 1155 quae
347 1101 449 1142 addi
482 1101 672 1153 possent,
722 1099 910 1151 primum
957 1110 1006 1138 eo
1050 1096 1214 1137 facturn
1258 1098 1335 1145 est,
1386 1095 1503 1148 quod
1545 1095 1588 1136 in
1621 1095 1821 1136 Sestiana

217 1172 578 1226 praestantissimo
612 1169 769 1211 codicis
802 1168 1058 1210 Parisiensis
1091 1168 1153 1208 rei
1191 1167 1390 1220 gerendae
1433 1166 1636 1219 praesidio
1670 1165 1820 1214 caruit,

219 1243 334 1296 quod
374 1241 665 1283 Bernensibus
712 1253 799 1282 non
842 1252 1017 1292 prorsus
1058 1239 1330 1291 compensari
1378 1238 1482 1279 satis
1533 1251 1585 1278 ex
1632 1237 1822 1279 Caeliana

219 1314 396 1367 intelligi
428 1315 584 1366 potest.
634 1312 749 1353 Tum
782 1324 884 1351 vero
917 1323 1004 1351 non
1037 1309 1176 1350 solum
1209 1309 1253 1350 in
1284 1310 1347 1359 iis,
1383 1322 1480 1362 quae
1513 1309 1822 1350 auctoritatum

220 1385 390 1426 delectu
437 1385 650 1433 nituntur,
699 1382 857 1423 iudicia
905 1381 1069 1433 aliquot
1117 1380 1207 1421 eius
1255 1379 1503 1432 improbare
1552 1393 1697 1433 cogor,
1746 1379 1823 1421 sed

220 1457 423 1506 maxime,
471 1456 546 1497 ubi
589 1453 749 1496 menda
792 1455 868 1494 aut
911 1450 1060 1494 contra
1100 1452 1402 1493 auctoritatem
1447 1450 1669 1504 arguenda
1702 1452 1823 1492 erant

151 1539 202 1565 378
222 1532 310 1577 aut,
344 1527 432 1568 iam
465 1527 569 1568 satis
603 1525 800 1566 codicum
833 1523 1079 1565 testimonio
1113 1522 1321 1571 convicta,
1357 1535 1410 1562 ex
1441 1521 1598 1563 horum
1630 1522 1823 1563 obscuris

222 1597 411 1651 vestigiis
445 1596 711 1650 corrigenda,
746 1595 869 1648 plura
902 1594 1052 1635 relicta
1085 1593 1397 1643 animadverto,
1441 1606 1538 1646 quae
1570 1592 1719 1634 videor
1751 1605 1824 1633 ex-

222 1670 340 1722 plere
383 1665 572 1722 posse.¹)
635 1666 742 1707 Haec
790 1665 917 1719 igitur
960 1665 1105 1706 omnia
1149 1664 1318 1706 decrevi
1363 1665 1523 1706 sensim
1567 1663 1824 1705 academicis

262 1832 289 1876 ¹)
315 1833 484 1874 Omnino,
524 1844 569 1867 ne
602 1832 689 1876 quid
724 1831 961 1871 dissimulem,
1002 1841 1115 1875 quum
1141 1830 1178 1864 in
1205 1830 1329 1864 Orellii
1355 1829 1575 1864 editionibus
1602 1829 1824 1873 singulorum

318 1893 537 1937 scriptorum
563 1890 664 1935 (nam
691 1902 821 1935 corpus
847 1890 936 1924 illud
962 1890 1240 1924 Ciceronianum
1267 1889 1337 1923 alio
1363 1889 1471 1923 modo
1496 1889 1732 1923 iudicandum
1758 1888 1826 1931 est)

320 1952 501 1986 delectum
528 1950 774 1985 subsidiorum
801 1952 836 1984 et
862 1952 1003 1984 rectum
1030 1950 1246 1993 plerumque
1272 1948 1446 1983 iudicium
1464 1948 1576 1982 verba
1600 1959 1709 1982 sensu
1727 1958 1828 1982 cassa

319 2022 494 2056 spernens
522 2013 556 2045 et
582 2009 821 2054 multiplicem
849 2009 1052 2043 doctrinam
1078 2009 1241 2053 probem,
1278 2011 1402 2042 tamen
1436 2018 1557 2041 acrem
1584 2007 1829 2051 subtilemque

319 2070 636 2114 investigationem
664 2069 795 2103 veteris
822 2079 909 2102 usus
935 2068 1109 2112 loquendi
1135 2071 1170 2101 et
1196 2078 1345 2102 sensum
1372 2067 1408 2101 in
1435 2067 1503 2100 hoc
1529 2077 1660 2110 genere
1688 2069 1828 2101 certum

320 2129 486 2164 nonnihil
513 2129 688 2169 desidero,
716 2139 759 2162 ex
787 2138 858 2172 quo
884 2127 935 2168 fit,
963 2130 1003 2161 ut
1029 2127 1346 2170 interpretationes
1373 2126 1537 2160 locorum
1559 2126 1753 2160 dubiorum
1779 2125 1829 2159 in-

322 2189 467 2223 terdum
493 2188 602 2232 paulo
628 2187 794 2221 licentius
820 2187 933 2231 fingat
966 2186 1004 2220 in
1037 2186 1219 2229 rebusque
1257 2185 1503 2229 grammaticis
1542 2195 1639 2219 nunc
1676 2185 1829 2219 nonnul-

322 2248 440 2282 lorum
468 2248 571 2281 vanis
596 2246 903 2291 disputationibus
930 2246 1142 2289 refragetur,
1182 2244 1254 2288 qui,
1295 2244 1381 2288 quid
1415 2243 1595 2278 sermonis
1621 2243 1747 2278 formis
1774 2255 1830 2278 ex-

323 2307 511 2351 primatur,
539 2306 716 2350 ignorant,
750 2316 846 2339 nunc
873 2305 915 2338 iis
942 2305 1182 2344 adhaerescat3
1221 2307 1300 2337 tum
1328 2304 1371 2337 de
1398 2303 1616 2347 scriptorum
1643 2304 1830 2337 voluntate.

323 2365 545 2408 consilioque
572 2365 608 2398 in
634 2364 753 2398 verbis
780 2363 968 2408 ponendis,
1010 2364 1053 2397 de
1086 2363 1304 2396 mendorum
1339 2366 1374 2396 et
1411 2362 1738 2406 discrepantiarum
1765 2361 1831 2395 ori-

323 2424 466 2468 ginibus
492 2427 527 2457 et
560 2424 677 2458 causis
710 2423 961 2467 similibusque
994 2423 1102 2457 rebus
1140 2422 1324 2455 interdum
1361 2432 1492 2465 parum
1532 2421 1757 2455 considerate
1796 2424 1830 2455 et

324 2483 434 2526 paulo
461 2483 691 2517 festinantius
718 2482 877 2517 iudicare
904 2482 1057 2523 videtur,
1086 2492 1158 2515 non
1184 2481 1271 2514 satis
1293 2481 1484 2514 attendens
1511 2481 1556 2514 ad
1584 2480 1635 2514 rei
1661 2483 1832 2514 naturam

326 2546 361 2576 et
387 2542 432 2575 ad
460 2553 512 2583 ea,
540 2554 620 2586 quae
645 2542 723 2576 fieri
750 2542 899 2586 possint.
946 2541 1055 2575 Cuius
1082 2540 1143 2581 rei,
1171 2551 1216 2573 ne
1243 2540 1440 2574 obscurum
1467 2540 1524 2579 sit,
1553 2539 1639 2583 quid
1665 2539 1831 2580 sentiam,

326 2602 533 2645 exemplum
573 2601 780 2645 praecipiam
820 2612 862 2635 ex
902 2600 1074 2634 Sestianae
1112 2598 1285 2633 orationis
1318 2610 1346 2632 c.
1373 2597 1429 2640 20,
1463 2598 1483 2640 ξ
1510 2598 1566 2639 46,
1600 2598 1662 2632 ubi
1696 2599 1830 2632 editur:

326 2662 570 2703 (lepuyncwam
596 2663 720 2703 potius
754 2673 832 2694 rum
864 2671 1012 2702 summo,
1053 2670 1119 2692 non
1156 2659 1273 2691 dicam
1305 2659 1422 2701 exitio,
1461 2660 1522 2691 sed
1549 2659 1710 2701 periculo
1744 2663 1833 2691 certe

326 2725 441 2753 vestro
468 2720 739 2763 liberorumque,
767 2731 875 2763 quam
902 2730 971 2752 non
999 2719 1045 2761 id,
1080 2718 1173 2761 quod
1198 2717 1362 2750 omnibus
1388 2718 1620 2759 impendebat,
1647 2728 1742 2750 unus
1761 2728 1833 2760 pro

328 2779 491 2812 ommibus
517 2780 731 2822 διαθῶμεν-θυι
758 2790 799 2811 αι·
824 2779 1006 2811 subirem?
1034 2777 1137 2810 Unus
1164 2776 1344 2809 Gesnerus
1371 2774 1627 2809 animadvertit
1655 2774 1705 2816 (in
1728 2774 1833 2808 Chre-

328 2841 434 2871 stom.
463 2837 532 2870 Cic.
560 2849 592 2880 p.
621 2835 714 2878 22⁸3),
749 2837 845 2880 quod
878 2847 942 2880 ego
977 2835 1161 2869 neminem
1195 2834 1494 2867 animadvertisse
1521 2834 1696 2877 putabam
1723 2837 1757 2867 et
1784 2833 1832 2867 in-

329 2896 520 2939 dignabar,
560 2906 672 2939 quum
714 2895 808 2928 idem
848 2895 1013 2928 dicebam
1053 2892 1103 2935 (in
1142 2893 1273 2937 disput.
1309 2893 1352 2926 de
1387 2893 1567 2926 emendat.
1604 2893 1690 2926 loce.
1724 2892 1831 2936 aliqu.

330 2958 435 2988 oratt.
464 2954 533 2988 Cic.
561 2966 594 2998 p.
623 2953 690 2986 144
718 2952 818 2995 not).
846 2954 1041 2987 delendum
1070 2964 1147 2986 esse
1182 2964 1261 2987 non.
1297 2963 1368 2995 quo
1395 2951 1535 2985 adiecto
1562 2951 1710 2986 ridicule
1736 2962 1833 2995 pror-
