1915 3235
175 566 208 591 (55

984 134 1071 175 452

231 267 412 316 diamur,
461 268 520 315 ut,
571 265 792 317 explicatis
840 264 1077 305 formarum
1127 264 1464 315 discriminibus,
1514 266 1740 317 addamus,
1790 267 1825 308 si

230 338 331 390 quid
365 338 444 378 erit
476 336 674 377 subtilius
708 336 760 376 de
792 336 959 376 ratione
993 335 1231 388 syntactica
1264 333 1623 389 disserendum.¹)

347 407 575 460 Antiquior
608 409 673 447 est
706 419 757 447 ex
790 406 839 447 iis
873 405 1034 455 formis,
1084 419 1180 459 quae
1221 406 1414 447 futurum
1454 410 1654 449 exactum
1694 409 1824 461 signi-

228 479 371 529 ficant,
422 492 485 528 ea,
535 491 631 530 quae
663 477 707 517 in
739 490 782 518 so
816 478 915 527 exit,
966 477 1120 518 eodem
1154 478 1283 519 modo
1317 478 1511 519 derivata
1544 491 1569 519 a
1601 478 1721 519 verbi
1753 491 1824 519 ra-

230 550 335 600 dice,
377 563 461 602 quo
494 549 611 601 apud
645 548 818 589 Graecos
852 547 1046 589 futurum
1079 548 1287 601 primum3
1335 548 1481 601 itaque
1515 549 1570 589 ab
1604 548 1735 598 initio,
1778 551 1827 590 ut

228 635 328 662 mox
377 619 624 673 apparebit,
675 619 791 672 apud
839 619 1014 660 Latinos
1063 632 1233 672 quoque
1281 619 1412 660 futuri
1460 619 1687 672 simplicis,
1736 633 1824 661 non

229 692 379 741 exacti,
413 691 506 732 haec
539 691 679 732 forma
712 691 804 731 fuit.
855 690 940 731 Sed
974 690 1063 731 eius
1098 689 1257 743 duplex
1287 691 1532 732 necessario
1557 693 1622 731 est
1645 691 1823 743 species.

227 764 337 805 Nam
372 763 414 803 in
453 762 503 803 iis
543 762 699 812 verbis,
745 774 841 814 quae
875 766 1034 802 exeunt
1076 762 1119 802 in
1164 763 1486 811 consonantem,
1528 762 1678 814 iisque,
1729 775 1824 814 quae

227 837 325 888 post
358 836 667 875 consonantem
700 833 743 873 in
776 833 979 885 praesenti
1014 832 1180 873 addunt
1211 832 1395 873 litteram
1432 833 1448 872 ’ἰ
1468 846 1555 874 non
1576 832 1824 882 radicalem,

228 906 435 955 futurum,
469 906 517 945 ut
550 906 888 945 consentaneum
924 905 1000 953 est,
1035 903 1173 944 simile
1206 906 1270 944 est
1302 903 1433 945 futuri
1457 904 1688 945 Verborum
1712 904 1825 944 eius-

229 978 328 1018 dem
361 976 528 1030 generis
561 976 823 1025 Graecorum,
874 976 920 1015 ut
961 987 1039 1014 axo
1078 975 1342 1027 respondeat
1381 975 1431 1025 ei,
1482 975 1597 1028 quod
1637 976 1700 1015 est
1732 977 1825 1024 ἅξω;

229 1061 280 1089 ea
313 1050 460 1089 autem
499 1047 646 1097 verba,
697 1059 793 1099 quae
833 1045 970 1086 vocali
1000 1042 1311 1094 terminantur,
1361 1046 1547 1087 formam
1587 1047 1827 1098 sequuntur

228 1119 460 1160 verborum
494 1118 756 1167 Graecorum,
791 1130 886 1169 quae
920 1130 1030 1169 pura
1053 1117 1266 1166 dicuntur,
1302 1119 1348 1157 ut
1370 1117 1526 1158 levasso
1549 1117 1637 1167 fiat,
1673 1129 1824 1170 quem-

229 1189 464 1231 admodum
501 1191 651 1238 γελάσω,
725 1189 838 1229 Nam
882 1188 998 1240 quod
1038 1188 1197 1240 duplex
1239 1191 1304 1229 est
1351 1188 1548 1238 sibilans,
1599 1188 1666 1229 vel
1709 1187 1827 1240 apud

229 1261 401 1302 Graecos
435 1260 633 1312 antiquos
667 1273 821 1301 sonum
854 1259 965 1300 inter
999 1272 1129 1300 unam
1172 1261 1213 1300 et
1246 1259 1456 1311 duplicem
1492 1259 1679 1300 litteram
1712 1258 1826 1300 vari-
1868 1300 1880 1304 ⁷

229 1346 338 1383 asse,
383 1331 569 1373 ostendit
609 1330 841 1384 geminatio
875 1330 992 1383 apud
1027 1330 1170 1383 epicos
1204 1330 1377 1380 usitata,
1417 1334 1597 1378 ἕγέλασσα.
1660 1330 1826 1372 Verbo-

228 1417 324 1445 rum
357 1404 400 1444 in
434 1404 447 1443 ι’
486 1402 735 1443 exeuntium
780 1400 964 1454 (quartae
1010 1401 1338 1454 coniugationis)
1381 1401 1509 1442 nullae
1552 1402 1827 1454 reperiuntur

230 1474 474 1516 huiusmodi
508 1474 679 1522 formae3
728 1474 960 1514 verborum
1003 1473 1046 1525 in
1087 1486 1105 1513 e
1145 1473 1391 1513 cadentium
1433 1473 1648 1525 quaedam,
1698 1473 1827 1514 nullae

228 1548 377 1587 tamen
410 1558 558 1586 eorum
597 1544 843 1594 verborum,
893 1557 990 1596 quae
1036 1557 1054 1584 e
1096 1556 1210 1585 verae
1252 1543 1408 1585 radicis
1451 1546 1619 1597 partem
1663 1543 1828 1585 habent

229 1616 335 1670 (fleo,
371 1614 488 1668 cet.);
523 1618 653 1668 atque
686 1628 748 1656 eae
781 1614 952 1668 partim,
986 1616 1034 1655 ut
1055 1614 1296 1667 perfectum
1321 1615 1556 1656 eorundem
1579 1615 1825 1665 verborum,

228 1689 497 1741 impurorum
529 1688 762 1728 verborum
786 1688 1028 1738 sequuntur
1050 1686 1275 1736 rationem,
1310 1690 1357 1726 ut
1389 1687 1512 1736 iusso,
1546 1687 1718 1739 partim,
1752 1686 1827 1726 ubi

228 1759 468 1812 perfectum
502 1759 544 1799 in
577 1759 622 1798 ui
654 1758 752 1807 exit,
787 1771 1008 1810 purorum,
1048 1760 1097 1798 ut
1128 1757 1321 1798 habessit.
1335 1753 1370 1809 ²²)
1431 1757 1537 1798 Haec
1570 1771 1703 1810 quum
1735 1759 1827 1798 tam

267 1911 295 1956 ¹)
323 1912 464 1946 Inutilis
503 1915 556 1946 est
594 1922 758 1945 errorum
797 1911 938 1955 pridem
977 1911 1205 1945 sublatorum
1245 1910 1454 1954 exagitatio;
1500 1910 1622 1954 itaque
1661 1913 1826 1944 veterum

325 1971 656 2016 grammaticorum,
685 1970 745 2014 qui
769 1972 883 2013 fecero
911 1970 1131 2004 coniunctivi
1158 1970 1321 2004 futurum
1343 1970 1586 2014 appellabant,
1613 1969 1705 2003 ratio
1726 1969 1827 2004 nulla

324 2043 345 2066 a
371 2042 429 2065 me
455 2031 659 2064 habebitur.

267 2089 294 2133 ²)
321 2091 553 2134 Singularum
594 2090 795 2123 formarum
835 2089 1001 2132 exempla
1039 2088 1314 2122 auctoritatibus
1353 2088 1496 2122 munire
1528 2087 1617 2121 nihil
1651 2099 1740 2132 opus
1774 2091 1827 2122 est

324 2154 406 2194 post
433 2150 619 2184 Struvium
646 2149 778 2191 ffleber
804 2148 861 2181 die
888 2147 1010 2181 latein.
1038 2148 1214 2181 Declinat.
1241 2159 1275 2181 u.
1303 2147 1489 2191 Coniugat.
1516 2159 1549 2190 p.
1578 2146 1644 2180 172
1670 2145 1765 2191 sqq.)
1792 2151 1827 2181 et

326 2209 507 2253 Hjortiu'm
540 2209 633 2250 (Den
667 2207 821 2242 latinske
856 2207 1210 2250 Coniugationslaere.
1262 2206 1415 2241 Hauniae
1448 2205 1538 2251 1827
1565 2218 1598 2250 p.
1626 2205 1693 2239 128
1720 2205 1825 2250 sqq).

325 2268 454 2302 Tertiae
480 2267 742 2311 coniugationis
768 2267 963 2300 verborum
990 2270 1024 2300 et
1050 2266 1219 2300 secundae
1245 2266 1291 2300 ad
1317 2266 1461 2300 tertiam
1480 2265 1730 2300 accedentium
1749 2265 1827 2299 haec

325 2327 491 2371 exempla
516 2327 737 2371 collegerunt
764 2325 935 2369 (primam
961 2336 1156 2369 personam
1182 2336 1287 2369 pono,
1315 2325 1343 2359 si
1365 2336 1407 2359 ea
1426 2324 1613 2369 reperitur,
1641 2324 1678 2358 in
1699 2324 1826 2358 ceteris

326 2386 445 2427 aliam,
473 2397 552 2429 quae
570 2384 778 2429 reperitur):
804 2386 903 2428 faaro,
931 2397 1010 2425 (aro,
1039 2386 1167 2427 atesim,
1195 2396 1310 2428 capso,
1331 2396 1485 2428 accepso,
1503 2395 1653 2428 occepso,
1672 2395 1823 2427 reeepso,

327 2448 422 2479 iusso
454 2443 575 2487 (huius
608 2445 726 2488 prima
758 2455 913 2488 persona
947 2448 1001 2478 est
1034 2444 1130 2488 apud
1156 2443 1277 2487 Virgil.
1304 2443 1440 2477 AEneid.
1467 2443 1525 2484 XI,
1558 2443 1637 2485 467,
1671 2443 1746 2477 sive
1780 2443 1824 2476 ab

326 2504 475 2547 antiquo
501 2508 608 2548 poeta
634 2508 780 2548 sumpta
806 2504 881 2537 sive
915 2504 959 2538 ad
993 2507 1153 2538 veterem
1188 2503 1391 2546 analogiam
1418 2503 1589 2539 format&
1629 2513 1648 2536 a
1675 2501 1821 2545 Virgilio

326 2564 480 2607 sumpsit
507 2563 566 2597 Sil.
594 2564 703 2598 Italic.
731 2564 805 2603 XII,
835 2562 927 2604 175),
960 2564 1092 2606 effeoez's,
1127 2564 1296 2605 respeoeis,
1329 2564 1489 2605 eoeeessis,
1524 2563 1631 2604 dixis,
1667 2562 1824 2604 induxis,

326 2624 433 2665 tax-is,
467 2625 618 2666 sponsis,
652 2624 795 2665 obiexis,
830 2624 974 2656 avn'ssz's
1007 2620 1076 2663 (vel
1103 2621 1223 2665 potius
1251 2619 1400 2663 amisis),
1431 2622 1565 2664 pao-sis,
1602 2621 1732 2664 clepsit,
1766 2631 1823 2654 ex-

327 2683 446 2721 cussit,
482 2683 615 2723 finiaris,
650 2683 831 2723 e.1·stl'n.ri†,
870 2683 1055 2724 (adempsit,
1093 2682 1222 2723 rap-sit,
1262 2682 1402 2723 serpsit,
1440 2681 1627 2723 surrepsit,
1666 2681 1825 2721 incensit,

327 2742 461 2778 0(·‹¹e'sz't;
502 2740 594 2774 addo
629 2742 774 2783 inrepsit
807 2740 902 2784 apud
935 2740 1088 2773 Paulum
1124 2742 1158 2773 et
1189 2741 1404 2783 sam-rempsit
1428 2750 1492 2783 pro
1519 2739 1704 2772 sustulerit
1729 2737 1826 2782 apud

327 2799 492 2840 Festum,
532 2799 577 2832 ab
610 2799 759 2842 antiquo
802 2799 911 2833 verbo
944 2801 1102 2833 sum-imo
1141 2796 1199 2840 (de
1232 2800 1308 2832 ulso
1340 2798 1411 2831 vid.
1445 2798 1563 2831 Struv.
1596 2809 1629 2841 p.
1657 2796 1741 2837 1793
1781 2796 1825 2830 de

327 2860 474 2898 cme'se'm,
513 2858 607 2901 quod
644 2860 790 2900 empsim
824 2869 901 2892 esse
935 2858 1101 2899 debehat,
1140 2858 1237 2891 idem
1268 2857 1339 2891 ibd.
1374 2860 1409 2890 et
1435 2857 1627 2891 Muellerus
1660 2856 1706 2890 ad
1731 2855 1823 2889 Fest.

328 2928 360 2960 p.
387 2914 487 2958 366);
533 2918 631 2950 narie
670 2917 714 2949 ab
754 2928 854 2951 noceo
892 2918 928 2951 in
967 2917 1111 2951 tertiam
1151 2916 1439 2960 coniugationem
1477 2918 1688 2950 transeunte
1726 2913 1824 2963 addit

327 2975 590 3009 Ramshornius
623 2986 663 3008 ex
698 2975 802 3009 Festo
835 2987 866 3009 V.
899 2978 1020 3010 Tama.
1072 2976 1202 3009 Primae
1236 2974 1495 3018 coniugationis
1527 2974 1703 3017 exempla,
1744 2983 1824 3017 quae
