1915 3235
820 133 903 174 577

65 260 182 310 dant,
225 273 312 301 non
343 272 484 312 pauca
515 262 706 313 reperias
740 262 796 303 ad
827 263 939 304 hanc
973 263 1158 304 formam
1190 264 1363 316 scripta.
1428 264 1481 305 Et
1512 266 1660 305 tamen
1680 277 1731 301 219

63 330 157 371 haec
199 330 284 371 duo
328 330 444 382 apud
487 332 686 384 antiquos
725 335 768 373 et
805 335 964 374 natura
996 336 1039 374 et
1070 347 1151 375 usu
1183 333 1293 375 adeo
1326 338 1426 375 sunt
1460 334 1658 384 discreta,

63 402 111 441 ut
141 413 364 452 nunquam
399 405 499 441 ante
533 402 760 443 cadentem
784 403 988 445 orationis
1012 405 1168 445 veteris
1194 404 1440 445 castitatem
1464 417 1659 446 commu-

61 472 208 511 tentur
238 470 319 511 nisi
350 471 508 512 mendo
547 472 771 524 scripturae
812 476 887 514 aut
925 473 1239 527 interpretandi
1270 474 1451 515 inscitia.
1515 474 1658 525 Quum

64 541 177 582 enim
210 541 361 582 Latine
395 541 588 592 dicimus,
638 543 759 584 verbi
792 556 936 594 causa,
982 544 1111 597 fixum
1147 550 1215 595 est,
1264 547 1497 597 utrumque
1530 546 1658 599 signi-

61 612 181 653 ficari
213 614 368 664 potest,
403 616 444 653 et
475 613 619 654 fixisse
652 613 853 666 aliquem,
887 615 1112 667 participio
1146 617 1187 656 et
1218 615 1352 657 verbo
1385 616 1657 658 substantivo

62 683 105 723 in
136 695 269 723 unam
301 683 521 723 notionem
554 683 733 736 perfecti
765 684 925 736 passivi
959 685 1314 735 coalescentibus,
1349 688 1391 727 et
1415 699 1529 727 nunc
1553 687 1658 728 illud

61 753 194 793 fixum
234 765 424 801 manere,
472 755 521 794 ut
566 754 840 806 participium
887 756 1050 796 statum
1097 756 1284 808 aliquem
1332 756 1393 797 rei
1435 756 1656 810 significet,

60 824 256 873 verbum,
306 837 405 864 eum
453 826 614 865 statum
663 837 778 865 nunc
825 838 932 866 esse.
995 826 1084 866 Nec
1132 827 1246 867 enim
1294 828 1471 868 Latinus
1516 841 1657 871 sermo

59 895 328 947 praeteritum
360 897 532 947 tempus
565 895 626 935 rei
658 897 790 947 gestae
825 898 866 936 et
897 909 1089 948 praesens
1121 897 1183 938 rei
1217 898 1383 950 agendo
1417 899 1582 940 effectae
1617 903 1655 941 et

59 966 276 1006 manentis
307 968 411 1006 nota
442 965 530 1006 ulla
563 965 798 1019 distinguit.
853 966 996 1016 Quum
1030 971 1176 1008 autem
1206 968 1337 1021 fimum
1368 969 1455 1022 fuit
1488 970 1654 1020 dicitur,

59 1049 193 1077 unum
227 1036 503 1089 significatur,
551 1037 819 1088 praeteritum
861 1040 1033 1090 tempus
1077 1040 1138 1079 rei
1182 1040 1346 1081 effectae
1388 1043 1430 1081 et
1463 1041 1507 1081 in
1539 1044 1655 1083 statu

61 1107 203 1160 aliquo
235 1106 465 1155 manentis,
500 1108 545 1147 ut
579 1107 805 1160 participio
839 1110 991 1158 status,
1027 1110 1172 1159 Verbo,
1208 1123 1307 1151 eum
1333 1111 1477 1161 fuisse,
1513 1112 1656 1154 decla—

57 1180 190 1218 retur.
253 1178 403 1230 Itaque
436 1177 584 1218 Cicero
617 1191 695 1230 pro
729 1178 867 1220 Sestio
901 1180 970 1229 25,
1004 1180 1060 1220 55
1093 1194 1223 1233 quum
1250 1181 1371 1223 dicit:
1405 1183 1510 1237 [eyes
1532 1198 1653 1238 qzmm

59 1262 150 1303 quse
182 1249 279 1289 latre
311 1252 418 1300 sunt,
452 1253 539 1288 tum
571 1262 679 1299 rem,
714 1263 804 1303 (juce
828 1251 1111 1304 prommlfsatw
1140 1251 1328 1304 fuerunt,
1369 1253 1475 1294 alias
1508 1257 1655 1295 narrat

57 1318 168 1360 latas
203 1332 309 1369 esse,
345 1319 450 1360 alias
485 1319 752 1372 aliquamdiu
783 1321 1079 1374 promulgatas
1112 1323 1382 1374 pependisse,
1418 1325 1656 1378 eodemque

56 1390 186 1430 modo
227 1403 306 1442 pro
339 1389 458 1430 Sulla
491 1390 559 1439 23,
595 1391 650 1431 65
676 1391 797 1432 dicit:
832 1392 897 1432 ἶριν
928 1392 1018 1433 dies
1046 1392 1133 1444 fuit
1161 1394 1374 1446 proposita
1401 1408 1572 1448 pancos,
1615 1399 1653 1437 et

59 1460 102 1500 in
141 1460 337 1501 oratione
381 1460 523 1513 prima
561 1461 604 1501 in
637 1461 730 1502 Cat.
766 1462 809 1511 Τ,
855 1462 906 1502 16
948 1462 1036 1517 (qui
1074 1462 1149 1503 tibi
1180 1477 1369 1517 pers-(epe
1408 1466 1465 1505 ad
1505 1466 1653 1507 aedem

57 1531 265 1571 constituti
294 1530 487 1583 fuerunt)
528 1531 720 1572 habuisse
759 1532 989 1574 Catilinam
1023 1536 1245 1575 senatores
1280 1535 1335 1575 ad
1369 1536 1532 1577 caedem
1565 1551 1655 1578 eon-

55 1602 217 1642 stitutos
249 1600 352 1654 (non
385 1603 640 1643 constituisse
679 1602 868 1656 tantum)
913 1604 1137 1656 significat.
1188 1607 1227 1645 et
1272 1606 1315 1646 in
1360 1607 1513 1647 eadem
1557 1621 1654 1649 ora-

55 1672 171 1713 tione
203 1671 306 1723 §24
336 1671 615 1725 (constitutum
646 1672 749 1726 fm'tf)
783 1687 869 1715 non
902 1675 1041 1716 solum
1076 1676 1355 1716 constitutum
1390 1690 1484 1718 esse
1509 1691 1654 1720 sacra-

55 1744 165 1784 rium
215 1744 329 1793 dicit,
378 1744 468 1794 sed,
518 1757 650 1796 quum
701 1747 814 1785 esset
860 1746 994 1786 semel
1043 1747 1337 1797 constitutum,
1387 1748 1654 1801 aliquamdiu

56 1815 281 1855 mansisse.
343 1815 439 1855 Non
483 1815 624 1856 minus
656 1815 783 1856 huius
817 1816 968 1857 formae
1000 1818 1241 1869 proprietas
1276 1819 1436 1859 eminet
1468 1819 1511 1859 in
1544 1826 1653 1860 orat.

56 1899 134 1938 pro
166 1886 302 1926 Balbo
335 1884 358 1937 ἓ
392 1886 467 1926 2οε
523 1885 670 1926 Totum
702 1886 775 1926 hoe
806 1887 849 1926 ‘ln
885 1901 931 1927 ea
962 1886 1048 1939 fnit
1073 1889 1256 1941 positum
1297 1903 1456 1942 semper
1491 1891 1652 1930 ratione

57 1960 178 2011 atque
209 1957 425 2005 sententia,
459 1959 534 1997 aut
566 1957 609 1997 in
641 1957 835 1998 oratione
867 1971 944 2010 pro
978 1958 1107 1999 domo
1131 1971 1165 1999 c.
1189 1959 1259 2004 43,
1296 1960 1398 2000 111:
1434 1960 1540 2001 Eius
1571 1975 1650 2002 non
1672 1973 1724 1997 22*

57 2027 173 2081 Zonqe
216 2040 242 2067 α
291 2026 505 2081 Tsmaqris
546 2028 819 2068 simulacrmn
863 2043 882 2069 e
923 2043 1133 2069 marmore
1177 2030 1219 2069 2’22.
1251 2031 1437 2083 sepulcro
1469 2033 1650 2084 positum

54 2097 160 2150 fuit3
207 2110 350 2150 neque
383 2098 496 2139 enim
544 2101 694 2139 narrat
732 2099 899 2151 signum
940 2100 1129 2152 positum
1164 2113 1270 2149 esse.
1319 2101 1397 2141 sed
1430 2101 1488 2142 ibi
1521 2102 1652 2144 fuisse

57 2166 263 2220 (positum
296 2166 445 2220 fuisse)
478 2181 557 2209 nec
590 2169 676 2209 iam
711 2182 818 2210 esse.
883 2168 989 2222 [Cic.
1022 2171 1141 2211 Verr.
1176 2171 1224 2220 Π,
1261 2172 1357 2221 104,
1392 2172 1458 2221 IV,
1495 2173 1577 2214 103
1611 2176 1652 2214 et

58 2239 154 2288 127,
199 2239 251 2279 de
293 2238 365 2280 Or.
400 2239 468 2288 ΙΙΙ,
512 2239 551 2288 3,
598 2239 686 2292 10.]
749 2240 854 2280 Livii
898 2241 1044 2287 Verba,
1095 2255 1191 2294 quae
1225 2244 1325 2282 sunt
1360 2242 1456 2283 libri
1488 2243 1561 2284 Ic.
1598 2244 1651 2285 19

56 2307 153 2362 (Bis
184 2309 335 2350 deinde
367 2332 424 2337 —
455 2310 622 2351 clausus
652 2310 738 2362 fuit
771 2309 922 2363 Ianus)
955 2312 1100 2363 plures
1132 2312 1360 2364 proferunt
1382 2318 1425 2354 et
1447 2316 1563 2355 recte
1592 2315 1651 2356 sic

55 2379 310 2433 intelligunt,
343 2382 392 2421 ut
423 2380 490 2421 bis
524 2380 730 2421 accidisse
764 2384 976 2431 narretur,
1010 2385 1057 2423 ut
1090 2382 1357 2435 aliquamdiu
1380 2384 1508 2425 Ianus
1534 2386 1650 2426 clau-

55 2463 127 2491 sus
160 2453 370 2492 maneret.
433 2451 519 2492 Sed
559 2464 689 2503 quam
731 2454 893 2493 certum
935 2453 989 2493 sit
1029 2453 1265 2494 formarum
1307 2453 1549 2504 discrimen,
1599 2469 1651 2497 ex

55 2521 135 2562 illis
168 2521 274 2562 Livii
306 2521 408 2562 locis
441 2524 636 2574 apparet,
685 2523 728 2562 in
768 2523 924 2575 quibus
965 2523 1046 2564 hoc
1078 2523 1213 2565 altero
1247 2524 1376 2566 modo
1411 2525 1464 2566 de
1496 2540 1650 2568 monu-

53 2592 210 2633 mentis
244 2592 535 2645 operibusque
568 2592 770 2644 loquitur,
820 2606 916 2645 quae
961 2592 1153 2646 (prorsus
1186 2597 1231 2635 ut
1264 2595 1308 2635 in
1340 2595 1411 2637 illo
1444 2597 1648 2638 orationis

53 2674 132 2714 pro
165 2662 294 2704 domo
325 2661 436 2714 loco)
468 2662 551 2703 hac
582 2675 669 2703 una
702 2666 805 2705 nota
827 2664 1038 2717 significat
1060 2664 1292 2717 aliquando
1323 2666 1480 2708 alicubi
1503 2667 1647 2717 fuisse.

55 2746 134 2774 sua
173 2735 302 2774 aetate
333 2747 420 2775 non
452 2747 693 2787 superesse,
734 2734 852 2775 velut
884 2733 952 2786 [IL
996 2734 1048 2775 13
1081 2737 1188 2776 extr.
1223 2734 1282 2788 (in
1316 2750 1479 2777 summa
1514 2737 1646 2778 Sacra

53 2803 123 2843 via
160 2803 246 2856 fuit
276 2805 418 2858 posita
456 2807 572 2859 rirgyo
610 2804 797 2846 insidens
836 2803 951 2859 equo)
992 2805 1052 2858 et]
1092 2806 1177 2856 VII,
1219 2807 1244 2847 3
1287 2806 1392 2859 (fixa
1427 2807 1513 2859 fnit
1545 2806 1647 2860 (lex)

54 2872 198 2914 dextro
230 2874 355 2915 lateri
387 2875 491 2917 cedis
523 2874 652 2928 Iovis)
687 2878 729 2916 et
760 2876 826 2925 VI,
861 2875 930 2925 29,
964 2875 1051 2925 ubi,
1087 2889 1219 2929 quum
1254 2877 1314 2918 sic
1347 2877 1468 2918 dicit:
1516 2877 1648 2918 Dedi-

59 2948 192 2984 catum
229 2950 301 2985 est
333 2944 519 2999 (signum
552 2946 661 2987 Iovis
694 2945 987 2999 Imperatoris)
1020 2947 1129 2988 inter
1160 2948 1306 2988 cellam
1340 2947 1452 2988 Iovis
1485 2962 1532 2988 ccc
1565 2947 1650 2988 Mi-

1316 3016 1361 3050 37
