1915 3235
127 1378 178 1404 305

129 2367 180 2394 306

954 1023 1038 1085 IX.

339 1138 421 1198 De
459 1138 693 1215 aliquot
730 1137 970 1198 lacunis
1010 1138 1289 1198 codicum
1326 1136 1603 1197 Lucretii.
1617 1135 1650 1203 ¹)

317 1328 607 1409 Enarrabam
640 1365 837 1418 proxima
869 1364 1012 1406 hieme
1044 1365 1200 1406 scholis
1229 1364 1487 1406 academicis
1512 1366 1682 1417 partem
1707 1363 1793 1405 Lu-

200 1437 317 1478 cretii
336 1437 535 1478 carminis
555 1436 607 1477 de
625 1449 770 1477 rerum
788 1438 958 1477 natura.
999 1436 1047 1476 ln
1072 1449 1124 1477 ea
1149 1435 1421 1477 enarratione
1445 1448 1561 1488 saepe
1586 1433 1791 1476 admirari

199 1508 385 1557 subibat,
429 1512 697 1560 quantopere
730 1507 1126 1548 recentissimorum
1168 1506 1294 1547 huius
1327 1506 1468 1559 operis
1501 1506 1715 1547 editorum
1748 1508 1793 1547 et

198 1578 483 1631 interpretum
517 1591 658 1631 operae
692 1579 736 1619 in
767 1578 897 1618 rebus
930 1578 1239 1630 sententiisque
1266 1577 1529 1630 explicandis
1561 1578 1789 1629 praestaret

198 1662 284 1690 non
316 1649 455 1690 solum
488 1649 678 1703 Dionysii
710 1648 909 1690 Lambini
954 1649 1166 1690 industria
1206 1651 1248 1690 et
1287 1648 1494 1698 doctrina,
1543 1647 1622 1689 sed
1663 1648 1795 1689 etiam

200 1720 281 1761 Th.
316 1720 520 1770 Creechii,
563 1719 642 1760 viri
686 1719 875 1772 alioquin
907 1732 993 1761 non
1025 1719 1292 1760 subtilissimi
1324 1719 1480 1772 ingenii
1511 1731 1591 1760 nec
1624 1731 1793 1772 magnae

200 1790 463 1839 eruditionis,
511 1791 555 1831 in
595 1790 896 1843 disputationis
935 1790 1083 1831 ordine
1123 1790 1422 1843 persequendo
1463 1791 1665 1830 accurata
1697 1789 1790 1831 dili-

198 1862 355 1915 gentia,
405 1874 622 1914 quamque
663 1861 771 1902 falso
811 1861 938 1914 vulgo
971 1865 1013 1902 et
1052 1861 1107 1901 ab
1141 1860 1377 1902 editoribus
1410 1865 1453 1902 et
1486 1861 1540 1902 ab
1574 1860 1667 1902 aliis
1700 1873 1793 1902 cre-

200 1933 385 1982 deretur,
419 1932 714 1974 recentissimo
746 1935 941 1984 tempore
974 1932 1018 1972 in
1050 1931 1331 1973 emendandis
1357 1934 1400 1973 et
1424 1932 1480 1973 ad
1502 1932 1794 1985 integritatem

200 2003 452 2044 revocandis
486 2003 671 2044 Lucretii
702 2002 846 2043 verbis
880 2003 1143 2055 permultum
1176 2002 1419 2056 profectum
1452 2015 1559 2053 esse,
1602 2003 1791 2044 maxime

201 2074 248 2115 G.
282 2073 553 2115 Wakefieldii
585 2069 797 2126 studiisfl)
859 2073 898 2114 Is
933 2074 1047 2114 enim
1079 2087 1213 2126 quum
1244 2073 1288 2114 in
1320 2073 1599 2126 scriptoribus
1633 2073 1791 2114 Graecis

201 2144 377 2185 edendis
411 2144 678 2186 coniectandi
716 2145 961 2185 temeritate
1010 2147 1053 2185 et
1098 2145 1267 2185 inscitia
1313 2157 1473 2185 nomen
1519 2156 1645 2185 suum
1684 2144 1796 2185 inter

200 2215 437 2268 philologos
484 2216 759 2266 infamasset,
815 2214 859 2256 in
906 2215 1091 2256 Lucretii
1147 2215 1336 2256 carmine
1384 2215 1551 2257 edendo
1600 2214 1795 2256 codicum

202 2286 504 2327 auctoritatem
538 2286 745 2328 extollens
779 2289 822 2328 et
852 2286 896 2327 in
929 2299 1078 2328 eorum
1110 2286 1331 2328 libidinem
1363 2286 1571 2337 invectus,
1612 2286 1684 2338 qui
1715 2299 1794 2338 pro

201 2356 385 2398 Lucretii
402 2357 545 2398 verbis
571 2356 858 2398 audacissime
887 2370 967 2399 sua
990 2357 1329 2410 supposuissent,
1363 2357 1493 2399 fidem
1517 2356 1645 2398 nimis
1671 2356 1796 2397 facile

200 2428 363 2468 invenit
395 2427 512 2480 apud
544 2440 631 2478 eos,
681 2427 753 2481 qui
794 2429 838 2469 in
876 2429 1171 2481 superioribus
1205 2428 1464 2470 editionibus
1497 2428 1634 2469 multa
1666 2427 1794 2468 nimis

201 2510 306 2539 sane
339 2498 545 2539 audacter
576 2499 837 2552 interpolata
869 2499 1089 2541 videbant.
1138 2499 1223 2541 Sed
1254 2498 1564 2540 Wakefieldius
1597 2496 1796 2552 (praeter-

239 2695 268 2740 l)
293 2697 530 2742 Programma
565 2698 740 2742 scriptum
766 2709 798 2733 a.
826 2697 918 2732 1832
949 2699 995 2733 ad
1026 2698 1260 2733 indicendum
1293 2702 1427 2733 coetum
1459 2698 1718 2739 academicum,
1757 2697 1794 2731 in
1857 2723 1859 2725 .

296 2767 367 2800 quo
393 2756 582 2790 medicinae
608 2757 733 2791 doctor
758 2757 826 2791 rite
853 2758 1145 2802 inauguraretur.

238 2812 265 2857 ²)
291 2814 543 2849 Eichstaedtius
581 2815 807 2850 Wakefieldii
846 2816 1003 2851 editione
1041 2817 1212 2851 effectum
1250 2827 1327 2850 esse
1365 2815 1557 2857 iudicabat,
1600 2818 1660 2858 „ut
1697 2825 1794 2849 nunc

296 2874 455 2915 demum,
490 2885 598 2918 quem
631 2874 862 2909 librariorum
888 2877 1014 2919 stupor
1047 2878 1156 2919 atque
1183 2874 1362 2910 editorum
1388 2874 1539 2909 audacia
1564 2873 1668 2909 nobis
1693 2883 1796 2918 paene

296 2932 497 2976 eripuisset,
525 2932 733 2967 Lucretium
760 2933 796 2967 in
822 2933 989 2968 Lucretio
1016 2932 1326 2978 agnosceremus.“
