1915 3235
818 97 902 137 349

43 213 185 268 ⁴vultu
217 227 432 269 confidere
465 227 592 276 dicat,
626 226 707 267 nisi
739 225 849 267 sorte
880 227 928 265 ut
959 227 1121 266 terreat
1154 224 1331 277 aliquos,
1376 238 1426 265 ac
1458 238 1544 266 non
1576 238 1655 277 po-

65 299 162 348 tius,
213 298 317 339 alios
351 310 401 339 eo
434 297 600 349 decipi?
648 296 849 337 Efficiunt
887 295 1041 336 deinde
1073 296 1141 336 hae
1173 297 1442 344 coniecturae,
1494 297 1538 336 ut
1570 295 1655 336 iam

64 382 178 409 nunc
226 368 373 409 Cicero
419 367 619 408 Pisonem
669 368 817 419 aperte
864 366 1039 407 irrideat
1086 366 1480 418 contumelioseque
1527 366 1654 415 dicat,

65 438 168 479 nihil
201 441 360 491 praeter
392 438 557 478 vultum
579 437 785 478 habuisse
807 437 948 489 gravis
970 436 1176 483 hominis;
1210 435 1326 488 quod
1349 438 1497 477 contra
1525 436 1656 477 totius

65 509 145 550 loci
178 509 436 550 sententiam
470 510 548 549 est.
611 508 817 560 Proponit
850 507 977 559 enim,
1017 508 1180 559 quanta
1212 506 1341 546 fuerit
1373 506 1657 558 debueritque

67 593 160 620 esse
192 579 416 621 hominum
449 579 502 619 de
534 578 604 619 illo
637 578 794 631 opinio.
857 577 1026 620 Postea.
1069 590 1198 629 quam
1238 577 1272 617 is
1305 576 1500 617 homines
1534 576 1657 617 fefel-

66 650 173 699 lerit,
223 649 336 690 dicit.
401 648 582 690 Orellius
616 650 775 693 autem,
825 648 897 700 qui
930 647 1160 689 Gabinium
1192 647 1348 688 iterum
1381 648 1559 699 propter
1592 659 1657 695 ea,

67 733 163 772 quae
195 722 447 772 sequuntur,
481 717 726 772 inculcat1),
767 731 908 771 neque
941 717 1120 770 vestigia
1152 717 1377 770 scripturae
1409 717 1657 769 incorrupta

68 803 217 831 curare
265 803 405 842 neque
452 791 712 832 sententiam
752 802 892 842 neque
934 801 1177 829 sermonem
1220 788 1421 828 Latinum
1454 787 1660 828 hocloco

66 861 248 901 videtur.
312 861 425 911 Quid
457 864 522 903 est
555 861 667 902 enim
701 860 922 914 supercilio
954 864 1155 913 tanquam
1186 863 1284 899 nota
1315 857 1461 898 inuri?
1503 857 1660 910 Turpi-

66 931 225 972 tudinis
258 933 360 973 nota
393 932 504 972 inuri
537 930 688 984 aliquis
723 931 876 972 dicitur
908 930 1133 982 omnisque
1167 929 1338 970 foeditas
1371 931 1413 969 et
1436 928 1660 981 turpitudo

66 1003 147 1044 isto
179 1002 352 1044 nomine
387 1002 642 1055 appellatur,
692 1002 769 1042 sed
813 1000 921 1042 alius
964 1000 1149 1041 hominis
1192 1000 1468 1052 supercilium
1510 1001 1662 1040 notam

68 1073 149 1114 dici
181 1073 493 1126 supercilioque
526 1072 713 1124 aliquem
746 1072 870 1120 inuri,
915 1074 1108 1112 monstra
1146 1073 1248 1111 sunt
1287 1070 1510 1111 sermonis
1575 1069 1661 1110 Sed

68 1157 217 1184 omnes
257 1143 300 1184 in
341 1157 392 1184 eo
431 1156 456 1183 a
494 1143 687 1183 veritatis
735 1142 922 1194 vestigiis
971 1141 1188 1190 aberrant,
1238 1141 1353 1193 quod
1400 1140 1662 1181 vocabulum

68 1219 264 1268 tanquam
299 1215 341 1255 in
374 1213 574 1255 omnibus
616 1213 833 1254 codicibus
875 1215 990 1253 certo
1029 1212 1121 1253 loco
1160 1211 1361 1264 positum.r
1411 1224 1495 1263 quo
1534 1224 1662 1251 nemo

68 1285 111 1325 id
144 1298 195 1325 ex
227 1274 312 1326 alia
344 1284 445 1326 sede
479 1283 766 1324 translaturus
798 1283 841 1323 in
872 1282 1313 1324 incommodissimam
1347 1284 1452 1329 erat,
1486 1281 1664 1322 licenter

68 1358 370 1408 transponunt.
440 1354 566 1405 Quod
606 1354 865 1395 vocabulum
913 1366 1046 1406 quum
1095 1353 1150 1393 ad
1197 1352 1409 1393 videretur
1448 1353 1664 1404 pertinere

68 1439 155 1467 non
201 1425 348 1478 possit,
400 1428 598 1478 apertum
647 1427 723 1473 est,
774 1425 904 1465 etiam
953 1437 1005 1464 ex
1051 1424 1196 1476 positu
1243 1422 1475 1464 Verborum
1524 1425 1565 1463 et
1613 1435 1665 1463 ex

69 1496 267 1548 imagine,
318 1510 412 1549 quae
447 1498 509 1537 est
543 1496 585 1536 in
619 1495 751 1536 verbo
785 1495 874 1544 niti,
924 1497 1021 1547 post
1060 1499 1261 1548 tanquam
1295 1493 1502 1534 excidisse
1537 1484 1663 1534 voca-

70 1567 219 1607 bulum
253 1567 621 1620 comparationem
656 1566 892 1606 continens.
956 1565 1001 1605 Id
1045 1565 1171 1616 quale
1214 1563 1343 1604 fuerit
1385 1567 1426 1604 et
1469 1577 1521 1604 ex
1562 1563 1665 1604 duc-

69 1639 191 1679 tuum
216 1637 506 1684 similitudine,
541 1639 717 1689 propter
740 1650 869 1688 quam
895 1636 1062 1677 excidit.
1099 1638 1140 1676 et
1161 1635 1375 1675 sententia
1397 1636 1666 1675 monstrante

70 1708 247 1761 reperiri
279 1721 356 1761 per
388 1721 433 1749 se
467 1708 703 1748 certissime
736 1710 899 1759 potest;
934 1707 1012 1747 fuit
1045 1706 1178 1747 enim:
1212 1706 1291 1746 niti
1315 1710 1515 1759 tanquam
1539 1719 1561 1745 v
1574 1704 1667 1745 ade

71 1779 294 1820 videretur.
359 1779 445 1819 Sed
493 1779 696 1830 quoniam
745 1779 787 1818 in
834 1777 1080 1818 huiusmodi
1128 1776 1258 1817 rebus
1303 1775 1474 1816 difficile
1515 1777 1577 1816 est
1612 1775 1667 1815 ad

71 1850 250 1891 firmiter
283 1849 546 1892 credendum
579 1849 774 1889 homines
809 1848 1036 1896 adducere,
1072 1847 1225 1888 accidit
1252 1845 1571 1899 percommode,
1607 1847 1666 1893 ut,

71 1922 151 1961 nisi
184 1921 369 1961 multum
403 1920 539 1968 fallar,
574 1919 819 1960 testimonio
852 1917 1120 1971 grammatici
1154 1917 1309 1957 veteris
1342 1917 1386 1956 in
1417 1916 1499 1956 hac
1532 1916 1667 1968 scrip-

71 1994 168 2032 tura
202 1992 264 2032 uti
296 1992 525 2043 possimus.
574 1991 685 2030 Nam
717 1989 911 2029 Valerius
944 1989 1112 2029 Probus
1146 1986 1281 2040 (apud
1306 1986 1558 2027 Putschium
1590 1986 1666 2027 col.

75 2061 204 2114 1475)
249 2062 313 2102 bis
360 2075 412 2102 ex
455 2062 660 2102 Cicerone
704 2060 824 2100 citat:
873 2060 987 2099 vultu
1029 2064 1231 2112 tanquam
1278 2057 1392 2105 rade,
1442 2057 1557 2108 quod
1600 2056 1669 2096 vix

74 2133 262 2173 dubitari
301 2135 443 2185 potest
486 2132 586 2184 quin
627 2132 724 2171 hinc
758 2129 989 2182 sumpserit
1029 2129 1282 2180 vultumque
1321 2141 1398 2180 pro
1443 2126 1669 2179 supercilio

73 2203 155 2244 levi
187 2203 408 2244 memoriae
454 2216 596 2243 errore
640 2200 845 2254 posuerit.
910 2200 1127 2240 Tenemus
1170 2199 1297 2251 igitur
1342 2198 1525 2239 formam
1572 2210 1669 2238 ora-

73 2274 220 2314 tionis:
269 2278 313 2314 ut
355 2274 426 2314 illo
469 2274 689 2327 supercilio
725 2305 732 2312 .
769 2304 777 2312 .
813 2304 820 2312 .
858 2304 865 2311 .
902 2304 909 2311 .
952 2271 1021 2310 ille
1061 2271 1138 2310 niti
1179 2274 1377 2323 tanquam
1426 2268 1527 2308 vade
1563 2267 1669 2308 vide-

74 2349 203 2394 retur,
252 2344 484 2397 imaginem
524 2344 807 2396 aptissimam,
857 2341 1114 2382 sententiam
1148 2341 1370 2393 superiora
1403 2337 1577 2393 (piynus
1609 2339 1672 2378 'ree'

69 2414 265 2469 publicoe)
299 2415 517 2468 eleganter
548 2414 788 2454 variantem
823 2414 864 2453 et
896 2412 1233 2464 amplificantem
1273 2414 1315 2451 et
1354 2409 1475 2463 quasi
1517 2409 1670 2450 confir-

75 2487 281 2535 mantem,
316 2487 363 2526 ut
395 2485 632 2537 saepissime
666 2484 783 2536 apud
816 2483 1065 2524 Ciceronem
1098 2483 1157 2523 fit.
1207 2482 1293 2523 Sed
1325 2481 1428 2533 quid
1454 2480 1524 2521 illo
1551 2480 1672 2520 vultu

76 2558 285 2609 tanquam
318 2556 428 2597 vade
461 2557 611 2596 nixum
645 2554 784 2604 fuerit,
825 2553 1129 2594 inveniendum
1171 2556 1248 2594 est.
1311 2552 1359 2592 Id
1390 2552 1476 2592 iam
1511 2550 1673 2603 aliquid

76 2626 323 2668 huiusmodi
356 2640 448 2668 esse
481 2626 624 2675 debet,
668 2625 720 2665 de
755 2637 838 2676 quo
870 2624 1012 2664 timeri
1044 2624 1243 2676 potuerit,
1290 2623 1444 2663 deinde
1477 2621 1671 2675 (propter

78 2695 163 2749 ille)
197 2711 332 2738 unum
365 2697 539 2749 aliquod
573 2698 613 2737 et
647 2695 887 2743 definitum,
921 2707 1020 2743 non,
1054 2697 1102 2735 ut
1133 2707 1201 2735 res
1235 2694 1421 2746 publica,
1455 2692 1669 2745 generale,

118 2858 144 2902 ¹)
169 2860 247 2894 Non
274 2864 388 2898 recte;
416 2872 498 2895 nam
527 2860 685 2904 primum
713 2859 757 2892 de
782 2857 911 2891 Pisone
937 2858 1024 2899 solo,
1051 2861 1091 2891 ut
1117 2858 1160 2891 de
1186 2857 1337 2891 Gabinio
1356 2867 1475 2900 supra,
1503 2855 1672 2899 loquitur,

174 2920 304 2953 deinde
331 2919 522 2954 hominum
549 2930 609 2953 eos
636 2917 927 2961 comparantium
953 2927 1159 2950 sermonem
1187 2918 1458 2950 commemorat.

1687 1716 1735 1740 451
