1915 3235
799 113 884 155 469

50 248 98 296 V.
136 249 170 288 1.
205 242 321 298 311)
385 244 583 286 Ceterum
623 257 677 285 ne
719 245 813 284 haec
845 242 1017 296 quidem
1052 241 1106 282 ad
1139 241 1323 282 formam
1355 240 1399 280 in
1430 252 1472 280 so
1505 239 1636 292 perti-

50 330 165 363 nere,
199 317 320 369 patet
352 318 394 356 et
426 315 586 356 dictum
621 316 686 355 est
717 319 818 355 ante
849 327 890 366 p.
925 313 994 354 80.

167 387 326 427 Verum
358 385 452 426 haec
482 387 586 426 nota
617 387 729 434 sunt,
764 397 859 436 quae
893 396 1041 424 eorum
1075 395 1206 423 causa
1237 380 1370 434 attigi,
1411 394 1507 433 quae
1540 383 1638 432 post

52 457 233 499 dicenda
266 460 413 504 erunt3
461 469 514 496 ne
545 455 649 496 illud
683 454 856 508 quidem
888 455 1094 507 ignotum,
1136 455 1178 493 et
1208 454 1356 493 tamen
1387 451 1529 492 minus
1561 451 1637 491 tri-

51 531 157 577 tum,
199 540 331 580 quum
365 527 419 568 sit
451 526 507 567 ad
538 525 723 579 primam
755 525 974 566 notionem
1007 522 1515 570 accommodatissimum,
1555 521 1637 561 La—

52 599 162 640 tinos
211 597 389 639 actionis
436 597 666 650 praeteritae
715 597 917 636 eventum
964 594 1157 635 futurum
1203 593 1285 634 hac
1331 592 1453 632 verbi
1499 591 1639 632 forma

50 671 215 710 notare.
277 668 388 709 Rem
422 667 657 720 significavi
689 679 820 719 supra
853 665 911 719 (p.
946 664 1018 718 78)
1056 666 1225 717 triaque
1266 662 1462 715 exempla
1501 661 1637 715 posui,

51 740 95 780 in
127 740 282 792 quibus
314 738 514 780 omnibus
547 737 742 778 additum
776 739 868 778 erat
897 736 1014 789 faxo.
1077 735 1240 776 Eodem
1273 746 1427 787 genere
1459 733 1639 774 Plautus

51 810 184 851 utitur
215 809 429 858 Rud.1V,
469 809 509 858 4,
551 808 626 849 91:
675 808 712 848 si
756 807 874 860 falsa
921 807 1073 859 dicam,
1118 806 1287 859 frustra
1334 804 1478 844 clioeero
1526 802 1640 857 (quae

50 881 260 922 hactenus
294 877 411 931 dixi).
475 878 612 919 Graeci
645 891 815 931 quoque
848 878 1040 918 futurum
1073 876 1247 918 tertium
1279 875 1340 916 ita
1371 876 1549 927 ponunt,
1593 876 1641 913 ut

51 951 364 1003 Aristophanes
404 948 516 989 Nub.
554 948 664 989 1439
697 950 815 997 μάτην
839 950 1075 989 κεκλαύσεται.
1151 946 1281 1000 Apud
1312 945 1487 986 Latinos
1525 947 1639 985 Vete-

52 1035 119 1063 res
153 1022 283 1062 etiam
317 1020 611 1061 conjunctivus
644 1019 776 1060 futuri
809 1019 959 1069 exacti,
1009 1021 1057 1059 ut
1093 1018 1174 1059 hoc
1214 1017 1359 1058 statim
1391 1015 1640 1068 praecipiam

53 1105 104 1133 ex
136 1092 199 1141 iis,
235 1104 331 1144 quae
363 1092 462 1143 post
494 1090 676 1131 dicenda
709 1092 846 1139 erunt,
888 1090 956 1130 sic.
978 1089 1235 1142 ponebatur,
1283 1089 1331 1127 ut
1363 1086 1480 1139 apud
1510 1086 1640 1127 Plau-

52 1165 143 1203 tum
176 1162 429 1203 Menaechm.
462 1161 510 1211 V,
545 1162 583 1211 9,
620 1162 640 1201 1
677 1163 719 1202 et
753 1162 777 1201 2
811 1159 959 1213 (nihilo
991 1160 1124 1200 hercle
1156 1173 1204 1199 ea
1236 1171 1364 1198 eausa
1397 1157 1532 1211 mayz's
1559 1156 1641 1197 Fa-

52 1234 178 1285 eietis,
227 1237 272 1273 ut
319 1245 388 1286 eqo
434 1231 555 1272 hodie
604 1231 841 1272 abstulerim
884 1231 1048 1284 pallam
1090 1235 1125 1270 et
1163 1228 1362 1283 spinther,
1403 1227 1640 1282 pessumoe).

52 1303 208 1344 Bacch.
240 1303 306 1351 IV,
341 1302 380 1352 4,
415 1303 471 1344 50
503 1301 759 1357 (Emunyam
791 1302 924 1342 hercle
955 1301 1159 1342 hominem
1183 1299 1313 1354 probe
1344 1299 1477 1351 hodie,
1517 1313 1567 1339 ‘ne
1598 1299 1643 1338 id

52 1374 324 1428 nequicquam
356 1372 542 1426 dixerit),
576 1373 757 1414 Mostell.
790 1373 819 1421 Ι,
860 1373 899 1421 3,
934 1372 1002 1422 95,
1049 1371 1222 1412 Trucul.
1255 1370 1304 1419 H,
1349 1370 1388 1419 3,
1433 1366 1519 1421 9.²)
1582 1370 1643 1410 Ex

53 1445 264 1485 inferioris
298 1445 437 1485 aetatis
470 1444 751 1496 scriptoribus
783 1443 1002 1484 indicativi
1035 1442 1094 1483 sic
1125 1441 1252 1494 positi
1278 1441 1476 1493 exempla
1500 1440 1642 1481 habeo

54 1515 269 1557 Ciceronis
304 1515 402 1564 duo,
437 1515 493 1555 ad
525 1514 605 1565 Qu.
631 1515 698 1555 Fr.
724 1515 753 1563 Ι,
787 1515 815 1555 4
847 1513 870 1565 ξ
902 1514 949 1554 4:
988 1512 1187 1554 Omnibus
1218 1512 1319 1552 meis
1351 1512 1473 1551 eoeitio
1505 1510 1641 1563 fuero.

55 1589 97 1627 et
134 1599 212 1639 pro
252 1586 404 1626 Flacco
444 1586 514 1634 41,
560 1585 641 1626 103
682 1583 962 1639 (prodidero),
1009 1587 1101 1625 tum
1149 1582 1309 1636 Virgilii
1356 1583 1400 1622 in
1447 1582 1539 1622 AEn.
1573 1581 1641 1622 IX.

55 1657 158 1698 785:
198 1656 358 1697 Tantas
379 1661 538 1711 straqes
559 1657 727 1710 ‘impune
750 1670 831 1710 per
866 1655 1005 1696 urbem
1030 1655 1239 1706 Ecliderit,
1275 1654 1466 1693 [racemum
1482 1653 1645 1706 primos

54 1733 110 1768 tot
148 1729 308 1768 miserit
344 1727 477 1768 Orco?
521 1739 547 1768 a
587 1740 671 1780 quo
709 1740 795 1767 non
834 1727 1018 1767 multum
1060 1725 1239 1766 discedit
1275 1724 1372 1764 libri
1404 1723 1457 1763 IV
1496 1736 1644 1764 versus

55 1799 137 1839 591
173 1797 265 1851 (ibit
297 1798 363 1838 hie
395 1803 431 1838 et
462 1799 614 1838 nostris
647 1798 824 1838 illuserit.
851 1797 1013 1837 ade-ena
1039 1794 1188 1847 rebus).
1223 1797 1265 1835 et
1290 1794 1502 1835 Iuvenalis
1526 1793 1644 1834 initio

55 1871 199 1910 satirae
231 1869 402 1922 primae:
452 1868 628 1922 Impune
671 1881 765 1922 erqo
809 1868 911 1907 milti
954 1867 1188 1907 recitaverit
1231 1866 1298 1905 ille
1338 1870 1512 1919 toqatas,
1563 1865 1646 1905 Hie

56 1940 212 1995 eleyos?
258 1941 425 1993 impune
457 1938 567 1979 diem
600 1940 897 1992 consumpserit
930 1940 1072 1992 inglens
1111 1935 1342 1989 Telephus?
1387 1935 1478 1989 (ubi
1510 1935 1645 1976 Hein-

55 2011 212 2052 richius
255 2010 573 2051 coniunctivum
616 2023 692 2062 pro
735 2010 926 2062 optativo
971 2022 1066 2049 cum
1100 2009 1147 2043 ἄν
1184 2008 1285 2060 poni
1325 2006 1396 2047 ait.
1446 2006 1551 2047 mire
1597 2020 1645 2047 ac

55 2094 179 2134 paene
212 2081 493 2123 Goerenziano
526 2079 687 2132 niodo).
751 2080 1031 2125 Coniunctivi,
1077 2092 1204 2131 quem
1237 2078 1363 2130 vulgo
1398 2091 1422 2117 a
1455 2077 1646 2129 perfecto

54 2166 142 2194 non
178 2153 459 2205 distinguunt,
494 2152 619 2205 plura
653 2151 849 2203 exempla
883 2153 995 2198 sunt,
1031 2150 1245 2190 Ciceronis
1279 2147 1353 2201 (ad
1377 2148 1466 2189 Att.
1493 2149 1541 2198 ΙΙ,
1580 2149 1645 2189 17ε

97 2350 125 2393 1)
150 2352 255 2386 Ennii
280 2363 427 2386 versum
454 2352 549 2396 apud
577 2352 663 2386 Gen.
685 2351 743 2393 XI,
770 2350 791 2383 4
819 2349 918 2391 (Hoee
944 2355 982 2383 tu
1008 2351 1073 2383 etsi
1090 2360 1257 2392 perverse
1283 2350 1386 2392 dices,
1411 2351 1517 2392 facile
1543 2350 1649 2382 Achi-

152 2423 211 2446 vos
240 2411 396 2454 flexeris>
434 2422 508 2445 non
540 2421 704 2451 numero,
743 2410 827 2454 quia
858 2409 907 2442 ibi
936 2410 1079 2452 fleoeeris
1110 2419 1174 2452 pro
1206 2407 1329 2441 futuro
1357 2407 1558 2442 dubitativo
1585 2411 1648 2445 est,

153 2481 226 2504 non
252 2473 388 2504 exacto.
438 2469 517 2503 Non
542 2473 639 2503 recte
664 2469 870 2502 Wunderus
896 2468 932 2501 in
960 2467 1139 2502 Ciceronis
1165 2470 1254 2500 orat.
1280 2477 1345 2509 pro
1371 2466 1518 2500 Plancio
1544 2477 1572 2500 c.
1593 2465 1648 2501 25.

154 2528 199 2562 60
225 2540 268 2563 ex
294 2540 367 2563 uno
394 2528 528 2563 nullius
555 2528 779 2562 auctoritatis
806 2527 928 2561 codice
954 2526 1081 2560 edidit:
1108 2527 1259 2568 Horum,
1286 2527 1319 2558 si
1343 2526 1530 2568 dili-qemei-
1556 2536 1650 2568 quoe-

155 2599 221 2631 res,
247 2590 307 2622 vix
333 2589 504 2621 decimam
525 2592 666 2631 partem
694 2588 895 2630 reppereris
919 2587 1038 2629 yloria
1063 2586 1220 2628 diynam.
1259 2583 1354 2618 Nihil
1381 2583 1477 2617 enim
1503 2595 1649 2627 prorsus

155 2646 202 2680 ibi
228 2647 298 2680 loci
323 2650 378 2680 est
403 2646 525 2680 futuro
552 2649 677 2680 exacto
704 2646 740 2679 in
767 2648 900 2680 eventu
932 2644 1140 2688 quaestionis
1173 2642 1384 2687 simpliciter
1409 2643 1648 2686 praedicendo.

155 2705 224 2739 Sed
251 2705 347 2749 quod
373 2705 532 2739 Klotzius
559 2715 602 2739 ex
628 2704 773 2748 optimis
794 2704 976 2738 codicibus
996 2703 1131 2737 tenuit:
1157 2705 1190 2736 si
1217 2721 1258 2724 —
1285 2713 1422 2746 quaeres
1440 2721 1483 2724 —
1502 2704 1649 2745 reperis.

155 2764 346 2798 ferendum
371 2775 444 2798 non
470 2767 534 2798 est.
585 2764 697 2797 Recte
726 2763 865 2804 „nescio
892 2761 991 2806 quis“
1022 2762 1118 2806 apud
1145 2762 1330 2802 Orellium,
1358 2761 1394 2794 id
1421 2764 1484 2796 est.
1512 2764 1552 2794 ut
1577 2760 1649 2803 opi-

155 2833 231 2863 nor,
258 2823 334 2867 ipse
362 2822 516 2857 Orellius
541 2824 696 2866 reperies
721 2821 828 2855 scribi
853 2821 941 2855 vult.

99 2879 129 2922 ²)
154 2879 305 2924 [Eodem
331 2882 498 2925 pertinet,
526 2881 622 2925 quod
648 2881 779 2924 legitur
804 2881 908 2914 Truc.
936 2881 992 2921 IV,
1018 2879 1051 2921 2,
1078 2879 1139 2913 23:
1166 2881 1255 2913 mihi
1281 2879 1512 2914 commentari
1536 2879 1648 2917 liceat,

158 2952 198 2974 ne
223 2941 352 2975 oblitus
377 2942 473 2984 siem,
501 2941 595 2984 quod
619 2937 756 2982 didici]

1660 954 1694 979 8⁷
