1915 3235
126 2820 155 2842 Η

158 2819 173 2842 4

946 125 1033 167 530

192 254 439 308 perspicue:
474 253 609 295 Haud
641 254 829 308 equidem
862 256 1066 296 assentior
1074 270 1092 307 ;
1123 260 1168 296 tu
1199 260 1338 296 tumen
1370 256 1427 296 acl
1448 257 1613 311 reliqua
1626 271 1788 311 perflas

195 327 325 366 celim.
388 326 493 366 Mire
537 325 667 366 etiam
709 326 879 367 Atticus
919 327 1103 379 abrupte
1144 328 1186 367 et
1217 340 1341 379 paene
1374 328 1531 369 rustice
1565 328 1786 370 dissensus

192 398 258 438 sui
300 397 405 437 nihil
448 397 504 437 ad
543 409 635 437 rem
674 396 928 449 pertinentis
962 397 1298 438 declarationem
1330 398 1576 450 interponit,
1624 400 1668 439 in
1701 412 1787 451 qua

193 469 427 508 Lambinus
460 468 613 508 saltem
647 468 874 508 contrariae
913 468 1139 508 sententiae
1179 471 1221 509 et
1260 481 1356 509 cum
1396 468 1562 522 reliqua
1593 469 1787 511 oratione

191 551 326 579 nexus
359 541 508 579 notam
542 538 732 591 aliquam
764 538 1014 590 requirebat
1047 537 1121 591 (At
1154 538 1255 593 eye).
1304 540 1390 580 Sed
1419 541 1550 592 caput
1578 540 1683 581 illud
1706 543 1785 581 est.

139 619 172 644 *it-²»
193 609 275 650 Hic
307 610 420 650 enim
461 609 628 649 Atticus
669 623 694 650 a
727 608 873 658 Quinti
915 610 1129 650 sententia
1173 610 1444 652 tribunorum
1483 610 1622 663 plebis
1662 613 1786 664 pote-

191 682 352 720 statem
394 679 681 732 improbantis
725 681 912 732 graviter
954 681 1164 730 dissentit,
1213 695 1314 722 mox
1358 695 1392 722 c.
1429 682 1479 722 17
1524 681 1614 722 init.
1655 682 1784 732 idem,

191 751 295 791 nihil
334 750 415 791 sibi
454 764 645 803 unquam
685 751 893 803 populare
926 752 1153 804 placuisse,
1194 751 1314 801 dicit3
1353 752 1499 804 itaque
1531 752 1622 793 sine
1655 753 1788 794 dubio

192 835 289 862 cum
323 821 481 871 Quinto
515 821 553 862 ei
586 821 883 863 conveniebat.
947 822 1086 871 Patet,
1130 823 1224 863 haec
1263 823 1377 863 male
1416 823 1584 864 divulsa
1616 836 1710 865 esse
1744 825 1787 864 et

190 906 326 934 unum
358 892 617 934 Vocabulum
651 894 989 934 commutatione
1021 879 1108 934 non
1139 894 1400 946 infrequenti
1431 894 1644 935 vitiatum.
1706 894 1786 935 At-

188 964 274 1004 tico
307 963 420 1004 enim
454 964 599 1004 omnia
632 964 863 1004 tribuenda
895 968 996 1005 sunt
1028 965 1088 1005 sic
1120 964 1301 1017 scripta:
1337 964 1422 1005 Nec
1454 964 1684 1005 mehercule
1717 978 1787 1019 690

190 1048 290 1075 scme
324 1048 349 1075 α
385 1035 535 1086 Quinto
577 1039 716 1075 uestro
749 1034 960 1076 dissentio.
1025 1035 1211 1088 Optime,
1261 1048 1394 1087 quum
1433 1036 1602 1076 Marcus
1642 1035 1790 1085 Quinti

191 1118 236 1146 se
268 1108 459 1146 veterem
493 1105 735 1146 dissensum
770 1118 1000 1158 agnoscere
1036 1106 1225 1163 dixisset,
1262 1106 1431 1146 Atticus
1464 1120 1588 1147 suam
1614 1108 1789 1148 senten-

189 1177 296 1217 tiam
328 1176 475 1226 Qujnti
507 1176 713 1228 adiungit.
762 1176 832 1216 Ad
865 1177 1210 1218 coniunctionem
1244 1190 1397 1218 vocum
1429 1178 1658 1218 mehercule
1689 1191 1790 1218 saue

192 1247 377 1288 conferri
408 1250 550 1300 potest
582 1247 654 1288 lib.
688 1247 736 1297 II,
771 1247 811 1296 4,
846 1248 893 1289 8:
935 1262 1035 1288 saue
1067 1248 1233 1302 qudem
1263 1249 1449 1297 hercule,
1499 1249 1583 1289 alia
1617 1261 1670 1289 ex
1702 1249 1788 1289 Te—

191 1319 328 1359 rentio
360 1318 495 1359 habet
527 1318 770 1359 Schellerus
802 1332 844 1371 p.
871 1319 999 1368 9715,
1034 1319 1295 1360 Forcellinus
1329 1320 1459 1360 etiam
1492 1319 1633 1360 Plaut.
1668 1319 1788 1360 Trin.

190 1390 257 1439 ΙΙΙ,
293 1389 332 1440 3,
367 1390 438 1430 53.

310 1460 355 1501 C.
391 1460 458 1510 15,
493 1460 569 1501 33:
618 1459 733 1500 Num
777 1474 846 1515 eqo
890 1461 935 1500 iu
974 1461 1057 1501 istu
1087 1474 1179 1501 sum
1210 1462 1427 1513 sententia,
1475 1475 1559 1516 qua
1590 1466 1627 1502 te
1655 1461 1790 1514 fuisse

190 1545 351 1584 semper
392 1532 487 1583 scio,
536 1531 646 1571 nihil
680 1536 721 1571 ut
750 1530 885 1584 fuerit
916 1532 961 1571 iu
992 1531 1214 1585 suffruyiis
1249 1546 1337 1572 (foce
1368 1532 1541 1583 melt'us;
1587 1531 1672 1585 sed,
1723 1531 1790 1572 ob-

190 1603 317 1642 tium
349 1616 405 1642 au.
428 1603 575 1655 possit,
609 1602 833 1642 videndum
867 1607 935 1642 est.
999 1602 1126 1643 Hunc
1158 1603 1300 1644 locum
1333 1603 1631 1655 significabam
1656 1615 1790 1655 supra

190 1686 232 1726 p.
270 1673 350 1714 13s
383 1673 427 1713 in
458 1675 575 1714 nota.
624 1672 764 1722 Quem
797 1674 924 1722 enim,
958 1673 1033 1714 ubi
1065 1674 1312 1714 admonitus
1346 1674 1437 1723 erit,
1471 1674 1603 1723 fallet,
1638 1675 1790 1714 contra

190 1744 474 1784 vetustiorum
507 1756 635 1784 usum
668 1743 770 1785 dici:
814 1743 1040 1784 videndum
1072 1749 1141 1794 est,
1177 1758 1233 1784 an.
1265 1744 1441 1785 obtineri
1465 1745 1626 1798 possit?
1675 1744 1788 1785 Sub-

191 1816 308 1856 venit
339 1828 450 1856 unus
484 1815 620 1856 codex
650 1815 944 1864 Monacensis;
991 1828 1094 1856 nam
1128 1815 1179 1856 de
1214 1815 1365 1856 ceteris
1398 1815 1566 1864 siletur;
1613 1817 1788 1856 rectene

191 1886 244 1927 de
277 1886 491 1935 omnibus,
525 1886 693 1935 nescio3
726 1886 770 1926 in
800 1885 872 1927 illo
905 1888 990 1926 est:
1034 1885 1106 1926 sed
1137 1887 1337 1940 optimum
1369 1887 1495 1943 etium
1519 1890 1707 1939 possunt,
1741 1885 1786 1926 id

192 1960 277 1998 est:
326 1957 397 1998 sed
425 1958 670 2011 -optc'uerine
713 1957 799 1997 ium
830 1958 977 2010 possit.
1040 1957 1326 2010 Aptissimum
1359 1959 1425 1998 est
1458 1958 1557 1997 tam.
1621 1955 1787 2006 Quaerit

192 2029 319 2079 enim,
352 2042 457 2069 num
489 2028 556 2069 his
587 2027 858 2080 temporibus
889 2027 981 2068 fieri
1013 2029 1161 2080 possit,
1196 2029 1311 2081 quod
1343 2030 1472 2069 antea
1496 2027 1620 2068 facile
1643 2026 1787 2068 fuerit.

191 2099 348 2139 Mirum
381 2101 458 2147 est,
506 2100 550 2139 in
590 2111 634 2139 re
674 2111 753 2139 nec
785 2098 931 2151 ignota
964 2111 1043 2138 nec
1083 2098 1243 2139 difficili
1285 2099 1415 2139 etiam
1447 2111 1562 2139 nunc
1600 2098 1787 2151 peccari.

192 2170 317 2210 Velut
361 2170 414 2210 de
453 2170 503 2210 N.
544 2170 594 2210 D.
636 2169 708 2209 lib.
742 2169 790 2218 II,
838 2172 904 2218 115,
948 2170 1017 2217 48,
1067 2169 1141 2209 ubi
1188 2169 1376 2222 optimus
1424 2170 1606 2222 quisque
1653 2169 1789 2210 codex

192 2241 345 2281 habet:
391 2254 439 2281 ue
470 2241 544 2281 lzoe
576 2240 741 2295 (scaldem
765 2239 934 2294 physici
967 2240 1194 2294 intellt'yere
1217 2241 1415 2294 potuistis
1448 2242 1542 2290 cet„
1584 2240 1785 2290 editores,

192 2324 246 2352 ne
278 2311 439 2352 scilicet
470 2311 815 2363 interrogationis
848 2311 978 2351 index
1010 2311 1343 2361 desideraretur,
1384 2324 1406 2351 e
1446 2310 1646 2364 pessimis
1679 2310 1787 2351 arri-

192 2384 400 2433 puerunt:
451 2396 507 2422 au
546 2377 706 2422 nelma
744 2381 910 2435 quidem
951 2383 1030 2422 cet.
1094 2382 1146 2422 Et
1185 2385 1333 2423 tamen
1364 2382 1469 2423 nihil
1501 2394 1574 2422 eos
1607 2381 1788 2422 offendit

192 2453 236 2493 in
268 2452 420 2493 eadem
454 2452 658 2493 orationis
692 2452 832 2493 forma
864 2450 1062 2504 (apodosi
1093 2453 1400 2505 interrogativa
1423 2466 1448 2494 a
1469 2466 1520 2493 ue
1544 2475 1597 2480 ——
1621 2451 1789 2507 quidem

193 2521 427 2574 incipienti)
461 2522 513 2562 de
545 2523 596 2563 N.
620 2522 669 2563 D.
696 2523 725 2572 I,
758 2522 828 2572 44,
865 2523 948 2562 122
981 2524 1057 2563 aut
1089 2523 1141 2563 de
1163 2523 1254 2564 Fin.
1278 2523 1326 2573 ΙΙ,
1360 2523 1428 2573 24,
1464 2523 1518 2564 79
1549 2521 1645 2575 [aut
1666 2522 1786 2563 Verr.

192 2593 240 2641 II,
281 2592 350 2642 40,
392 2592 461 2632 98.
509 2593 575 2641 IV,
618 2594 686 2643 35,
730 2594 797 2634 78.
845 2593 894 2643 V,
934 2594 1003 2639 63,
1047 2593 1143 2634 163.
1190 2593 1300 2634 Phil.
1334 2594 1381 2643 II,
1422 2593 1492 2644 45,
1535 2593 1652 2646 115]
1724 2592 1787 2633 De

194 2663 379 2704 Divinat.
412 2663 441 2713 I,
477 2663 545 2712 39,
581 2664 636 2704 84
668 2666 766 2716 post
797 2664 1103 2717 Hottingerum
1136 2664 1251 2705 male
1283 2665 1343 2705 sic
1375 2665 1698 2717 interpungunt,
1740 2665 1787 2704 ut

194 2735 285 2774 haec
324 2733 379 2774 sit
418 2734 715 2785 interrogatio:
765 2733 812 2774 St
858 2736 968 2775 ratio
1007 2749 1164 2775 meeum
1206 2735 1326 2788 facit,
1374 2736 1412 2775 si
1452 2740 1607 2786 eventa,
1652 2757 1709 2762 —-
1750 2735 1788 2775 si

194 2804 494 2858 sapientissimi
536 2804 632 2856 viri,
681 2805 752 2859 qui
795 2828 849 2832 —
892 2804 1013 2845 urbes
1056 2806 1344 2858 coi‘tdicleruut,
1393 2820 1462 2858 au,
1504 2805 1604 2846 dum
1649 2804 1786 2845 bestiae

194 2876 437 2930 quztctutur,
478 2875 788 2928 exspectamus?
832 2875 949 2915 Ferri
990 2889 1046 2916 au
1084 2877 1245 2929 nequit.
1313 2877 1498 2917 Rectum
1539 2877 1623 2917 est:
1675 2875 1787 2926 Quid

196 2951 251 2986 est
285 2946 427 3000 ἐρέτην,
461 2959 535 2985 eur
566 2944 843 2985 dubitaudmn
876 2946 942 2998 sit,
989 2947 1089 3000 quin
1120 2948 1203 2988 siut
1236 2961 1297 2999 eu,
1338 2961 1428 3002 quse
1461 2947 1685 3001 disputavi,
1719 2959 1786 2986 ve-

1872 3163 1894 3235 κὶα*
1884 3134 1889 3152 ›-
1879 3107 1882 3113 ’
