1915 3235
981 93 1067 134 740

221 227 357 267 tatem
389 220 669 275 revocavit.¹)
720 222 807 264 Sed
838 224 987 263 tamen
1019 221 1080 263 ita
1111 222 1156 263 hi
1189 223 1274 264 duo
1308 223 1477 265 codices
1501 222 1580 277 (bs)
1616 237 1713 266 cum
1737 224 1826 266 suis

221 296 398 338 asseclis
430 296 633 336 universa
667 292 994 346 comparatione
1027 295 1192 335 ceteros
1225 294 1419 335 nonnihil
1445 294 1634 345 vincunt,
1669 298 1717 337 ut
1740 309 1828 337 non

220 367 282 409 ita
313 367 464 420 paucis
495 365 599 407 locis
631 365 713 418 ipsi
745 364 979 405 manifesto
1012 364 1238 417 depravati
1266 365 1424 406 cedant
1455 378 1569 407 verae
1603 367 1827 420 scripturae

222 437 471 480 certissimis
518 437 632 478 notis
681 435 917 488 emergenti
965 438 1040 477 aut
1083 449 1135 477 ex
1178 441 1248 477 νέα
1285 436 1524 478 coniunctis
1564 439 1607 478 et
1645 438 1827 479 aliorum

221 522 349 563 grege
384 511 459 550 aut
499 521 551 549 ex
589 512 635 548 tu
672 506 774 548 solis
787 502 821 559 2)
871 508 947 548 aut
985 520 1083 548 cum
1124 508 1275 560 paucis
1316 506 1382 560 (ut
1420 507 1461 548 in
1502 508 1595 550 loco
1638 509 1829 550 maxime

222 580 417 622 omnium
449 578 723 621 memorabili
755 578 804 627 ΙΙ,
845 578 915 628 27,
956 577 1032 618 ubi
1063 578 1122 618 illi
1155 578 1240 619 duo
1274 578 1352 620 soli
1384 580 1536 620 tenent
1568 580 1829 633 scripturam

222 654 376 704 suopte
425 663 582 704 genere
631 651 674 690 et
713 649 1098 702 grammaticorum
1138 650 1397 692 testimoniis
1437 653 1601 692 certam
1644 652 1831 692 conivere

212 736 407 778 possum,
455 736 491 763 w
539 724 687 763 autem
736 734 832 762 eam
882 719 1157 761 coniunctam
1211 721 1347 763 habet
1401 735 1499 762 cum
1547 722 1830 774 interpolata:

222 795 409 835 conivere
440 793 502 834 «vel
534 793 746 834 consulere
778 791 858 832 sibi
883 795 1074 845 possunt,
1108 791 1152 832 in
1184 791 1344 834 leviore
1367 794 1515 834 autem
1539 793 1739 846 exemplo
1761 793 1829 843 IV,

224 865 264 915 3,
297 864 373 905 ubi
397 864 455 905 illi
481 877 578 905 cum
605 863 744 904 tribus
775 862 951 904 omnino
984 861 1077 903 aliis
1095 863 1213 915 apud
1236 863 1461 905 Halmium
1486 864 1652 905 habent
1675 865 1833 905 misera

222 936 417 990 sapienti,
453 935 583 976 ceteri
616 947 767 976 omnes
799 935 956 974 misera
983 933 1245 987 adspicienti,
1281 934 1412 975 etiam
1441 933 1646 988 brsaiw)
1679 937 1755 976 aut
1780 948 1833 976 ex

224 1012 266 1048 rt
298 1005 364 1060 (ut
395 1007 463 1056 Ill,
500 1006 554 1047 10
593 1005 809 1046 videretur
842 1018 941 1046 cum
973 1019 1009 1045 w
1051 1008 1093 1046 et
1125 1003 1237 1057 aliis)
1278 1007 1354 1046 aut
1392 1019 1445 1046 ex
1484 1021 1507 1046 r
1550 1005 1614 1059 (ut
1653 1006 1720 1056 III,
1763 1006 1832 1056 20,

226 1078 302 1120 ubi
334 1078 403 1118 ille
444 1091 542 1118 cum
573 1077 635 1118 wi
676 1076 857 1130 aliisque
901 1076 1163 1129 quibusdam
1205 1076 1342 1118 habet
1383 1077 1607 1130 proprium
1650 1078 1833 1118 verbum

226 1150 479 1201 locaverunt,
529 1148 579 1189 bs
621 1150 664 1189 et
706 1148 885 1200 quidam
929 1147 1000 1188 alii
1040 1147 1356 1199 collocaverunt,
1406 1151 1556 1189 natum
1593 1161 1646 1189 ex
1679 1148 1833 1190 eodem

225 1221 360 1261 verbo
393 1219 589 1272 proxime
621 1218 898 1271 praecedenti,
948 1223 999 1259 tu
1042 1221 1189 1260 autem
1230 1221 1273 1260 et
1312 1219 1384 1260 alii
1416 1233 1593 1273 prorsus
1625 1233 1759 1272 prave
1793 1221 1836 1260 et

226 1291 407 1332 licenter
445 1294 694 1340 statuerunt,
734 1290 802 1340 ΙΙΙ,
844 1290 913 1341 22,
963 1290 1038 1331 ubi
1070 1304 1095 1330 r
1127 1303 1224 1331 cum
1258 1291 1326 1331 ἐπ’
1359 1293 1401 1331 et
1441 1291 1705 1343 quibusdam
1740 1290 1834 1332 aliis

226 1365 344 1404 recte
378 1376 459 1403 non
490 1362 610 1411 nolle,
645 1361 777 1402 ceteri
808 1362 916 1402 nolle
947 1363 1024 1403 aut
1055 1375 1139 1403 non
1169 1361 1269 1402 velle
1302 1363 1378 1402 aut
1410 1362 1521 1411 velle,
1556 1362 1622 1409 IV,
1662 1361 1727 1411 14,
1761 1361 1836 1403 ubi

227 1435 272 1475 in
302 1434 374 1476 illo
408 1437 451 1475 et
482 1433 632 1486 paucis
665 1432 758 1474 aliis
792 1436 858 1474 est
888 1433 1102 1483 sentirent,
1135 1434 1179 1474 in
1212 1437 1299 1474 tua
1331 1434 1496 1483 samii-e,
1531 1433 1574 1474 in
1608 1433 1682 1474 bsi
1712 1434 1836 1474 senti-

265 1574 294 1620 ¹)
321 1577 494 1611 Codicum
521 1577 566 1610 bs
598 1586 682 1609 cum
714 1580 788 1608 Ινιθιι
820 1574 973 1619 aliisque
1006 1578 1303 1619 comparatorum
1329 1574 1473 1609 bonitas
1501 1578 1534 1608 et
1562 1573 1749 1618 integritas
1775 1573 1837 1608 ali·

324 1647 503 1680 orumque
530 1634 704 1677 (maxime
732 1637 776 1667 ai
801 1637 835 1668 et
862 1632 1102 1676 Coloniensis)
1136 1645 1220 1669 cum
1252 1634 1295 1667 iis
1329 1634 1512 1678 copulatio
1537 1633 1693 1678 perspici
1718 1636 1838 1677 potest

324 1695 381 1729 his
407 1695 511 1729 locis:
538 1694 553 1728 I
579 1693 600 1736 ἓ
618 1693 639 1726 4
666 1692 800 1737 (patre,
828 1705 904 1737 (ivo,
932 1694 1144 1735 maioribus,
1171 1693 1242 1728 vid.
1270 1693 1401 1737 Opusc.
1429 1693 1461 1726 II
1486 1704 1520 1737 p.
1542 1691 1637 1734 331),
1665 1691 1686 1726 5
1714 1695 1838 1734 (mer-

322 1755 450 1797 fieiere,
477 1753 549 1787 ibd.
577 1765 610 1797 p.
638 1752 735 1793 334),
764 1753 808 1785 15
834 1752 921 1794 (om.
952 1754 1045 1786 nihil
1070 1755 1150 1796 ayis
1176 1764 1261 1787 cum
1286 1758 1299 1786 t
1325 1763 1369 1787 ex
1395 1753 1509 1786 altero
1537 1750 1690 1794 ordine),
1722 1752 1766 1793 ΙΙ,
1792 1750 1838 1784 22

325 1811 530 1855 (talaribus,
556 1813 628 1846 ibd.
655 1810 750 1854 332),
777 1811 823 1844 27
849 1811 952 1856 (quia
977 1817 1062 1846 sunt
1087 1810 1204 1854 cives),
1237 1811 1283 1845 29
1309 1811 1397 1853 (om.
1424 1810 1554 1855 atque).
1593 1811 1645 1845 Ex
1670 1811 1778 1845 tertia
1803 1814 1839 1845 et

326 1875 457 1916 quarta
483 1872 647 1906 oratione
674 1871 761 1905 satis
795 1871 863 1905 erit
896 1871 1054 1915 exempli
1086 1882 1196 1905 causa
1229 1871 1498 1905 demonstrasse
1531 1870 1592 1912 III,
1628 1869 1649 1903 3
1685 1868 1839 1914 (exspec-

326 1933 412 1965 tatis
439 1935 474 1965 et
500 1933 725 1972 restitissent,
760 1930 832 1964 vid.
860 1930 926 1974 Op.
953 1931 985 1965 Π
1011 1942 1045 1975 p.
1072 1929 1167 1973 332),
1204 1930 1247 1963 18
1281 1930 1448 1974 (humani
1479 1930 1621 1964 consilii
1651 1934 1839 1963 tantarum

325 2002 450 2024 rei-iim
474 1991 688 2033 qicbermitio
714 2001 787 2023 esse
807 1992 985 2033 potuisse;
1020 1990 1093 2024 ibd.
1119 2001 1154 2034 p.
1182 1989 1277 2032 333),
1311 1989 1354 2022 21
1382 1989 1439 2031 (ea
1458 2000 1529 2033 per
1555 1988 1670 2030 cives),
1702 1988 1760 2030 IV,
1794 1987 1836 2021 11

326 2048 546 2092 (exsolvitis).
598 2049 740 2083 Rursus
767 2048 914 2092 (praeter
940 2049 1020 2083 illos
1045 2049 1154 2091 locos,
1186 2049 1224 2083 in
1251 2049 1383 2092 quibus
1410 2048 1553 2083 ostendi
1578 2059 1704 2082 veram
1731 2047 1838 2092 scrip-

328 2111 450 2142 turam
476 2119 520 2142 ex
546 2114 619 2143 rtet
647 2111 710 2142 aut
737 2108 816 2142 aliis
842 2111 1031 2152 sumptam
1057 2106 1150 2151 esse)
1183 2119 1250 2142 sua
1283 2108 1419 2142 menda
1444 2107 1839 2151 interpolationemque

328 2171 392 2201 aut
417 2167 484 2201 soli
510 2171 574 2202 aut
600 2179 684 2202 cum
711 2167 837 2212 paucis
869 2167 1005 2201 habere
1037 2167 1363 2211 deprehenduntur
1395 2167 1433 2200 in
1466 2167 1630 2201 oratione
1656 2166 1706 2200 III
1731 2170 1767 2200 et
1792 2166 1840 2200 IV

329 2225 385 2258 his
411 2226 571 2261 maxime
597 2227 700 2261 locis:
735 2227 794 2268 ΙΙΙ,
823 2226 867 2259 16
893 2224 978 2268 (om.
1007 2228 1131 2270 adipes
1164 2238 1247 2260 cum
1282 2239 1304 2260 a
1331 2229 1365 2260 et
1391 2225 1516 2270 paucis
1542 2224 1647 2269 aliis),
1681 2225 1725 2259 17
1759 2224 1837 2269 (soli

329 2296 440 2328 prave
467 2286 607 2320 addunt
631 2284 773 2329 potuit),
813 2284 856 2317 21
896 2284 1007 2326 (Iovis
1051 2286 1185 2329 Optimi
1220 2286 1378 2319 Maaeimi
1414 2286 1574 2319 omnium
1612 2295 1696 2318 cum
1721 2282 1761 2325 i),
1794 2282 1839 2316 22

332 2342 436 2384 (nolle
461 2355 526 2388 pro
552 2356 625 2379 non
650 2346 740 2378 nolle
767 2355 850 2378 cum
878 2356 911 2385 a,
938 2343 1043 2386 aliis),
1071 2345 1129 2386 IV,
1158 2345 1202 2378 10
1228 2343 1390 2387 (levando
1416 2356 1438 2378 α
1464 2355 1499 2378 se
1525 2355 1609 2377 cum
1636 2345 1715 2385 ail,
1742 2343 1840 2377 unde

330 2402 367 2436 in
393 2414 467 2437 uno
493 2404 555 2437 lev.
582 2415 605 2437 a
626 2402 779 2445 senatu),
808 2402 851 2435 14
878 2403 1077 2445 (hominum
1102 2402 1273 2444 ordines),
1302 2403 1345 2436 19
1371 2401 1457 2445 (non
1481 2404 1584 2437 modo
1609 2414 1681 2437 non
1707 2413 1792 2436 cum
1817 2414 1840 2436 a

331 2464 367 2494 et
398 2462 579 2505 pluribus;
619 2462 786 2496 Halmius
819 2473 971 2506 pravam
1003 2463 1222 2506 scripturam
1254 2462 1293 2497 in
1326 2463 1484 2497 editione
1517 2461 1658 2496 minore
1691 2461 1838 2502 abiecit;

331 2531 402 2554 non
427 2522 529 2554 modo
555 2533 626 2555 non
651 2524 734 2565 post
759 2533 802 2555 ne
828 2522 1031 2556 orationem
1065 2525 1100 2555 et
1134 2522 1354 2556 sententiam
1381 2519 1535 2563 evertit).
1587 2519 1674 2563 [Cfr.
1701 2531 1745 2554 ex
1771 2520 1840 2564 pri-

331 2578 454 2612 oribus
486 2580 711 2614 orationibus
737 2581 763 2622 I,
795 2580 841 2613 ‘26
873 2578 1108 2622 (occisorum),
1141 2580 1184 2618 II,
1221 2580 1262 2614 10
1294 2580 1365 2623 (res
1397 2579 1544 2623 eorum),
1579 2580 1621 2621 II,
1656 2578 1699 2612 14
1733 2579 1839 2621 (timi-

332 2636 449 2679 dum),
482 2638 547 2679 IV,
580 2639 624 2672 17
663 2640 760 2684 turpi
798 2639 1048 2673 additamento
1086 2638 1374 2682 dehonestatur]
1437 2640 1586 2674 Codices
1618 2651 1640 2673 ⁷·
1671 2642 1706 2674 et
1739 2645 1752 2673 t
1785 2637 1839 2681 (u)

332 2699 464 2740 praeter
495 2697 595 2731 illam
628 2698 766 2739 labem,
807 2710 887 2742 quae
926 2709 969 2732 ex
1003 2697 1111 2731 simili
1144 2698 1243 2733 fonte
1276 2703 1363 2733 nata
1394 2699 1440 2732 ad
1471 2699 1664 2743 plerosque
1697 2698 1838 2733 codices

333 2755 496 2789 manavit
522 2760 746 2800 apparetque
779 2757 814 2791 in
847 2757 916 2791 illis
948 2757 1046 2798 locis,
1085 2757 1218 2801 quibus
1250 2758 1416 2792 codicum
1450 2759 1495 2792 bs
1526 2758 1728 2792 bonitatem
1760 2769 1838 2802 per-

333 2814 422 2858 spici
448 2814 532 2856 dixi,
571 2815 681 2849 etiam
714 2817 891 2859 quasdam
924 2816 1058 2850 habere
1091 2817 1255 2860 proprias
1280 2817 1570 2861 interpolationis
1597 2827 1670 2850 non
1696 2816 1838 2860 longius

334 2877 541 2917 propagatae
568 2878 683 2915 notas,
711 2875 852 2908 ostendi
878 2875 965 2909 olim
993 2875 1167 2919 exemplis
1194 2886 1237 2909 ex
1263 2875 1289 2917 I,
1316 2874 1372 2917 15,
1398 2876 1458 2920 HI,
1487 2875 1542 2917 11,
1570 2875 1614 2909 16
1640 2875 1806 2920 sumptis.

278 2930 306 2976 ²)
335 2933 435 2967 Solos
461 2933 519 2966 hic
545 2936 580 2966 et
607 2932 692 2966 alibi
719 2933 798 2967 dico
825 2945 868 2967 ex
894 2934 947 2975 iis,
975 2945 1066 2977 quos
1093 2933 1273 2968 novimus.
