1915 3235
134 1525 185 1550 225

970 111 1052 152 182

211 242 360 292 erepta
392 237 661 292 narratur1);
711 240 1068 293 confirmantque,
1119 252 1216 292 quae
1257 239 1309 280 de
1349 238 1656 292 antiquissimis
1696 240 1806 279 tem-

210 311 388 364 poribus
420 311 663 359 traduntur,
699 323 762 360 ea,
798 323 895 362 quae
927 313 1080 363 postea
1112 310 1229 351 faeta
1261 312 1374 360 sunt,
1408 311 1467 359 ut,
1502 309 1582 351 etsi
1606 309 1660 351 de
1683 309 1806 362 oppi—

210 382 321 423 dulis
354 382 418 432 iis,
468 395 563 433 quas
607 394 632 421 a
674 380 863 422 Romulo
904 381 1087 422 subacta
1125 382 1369 430 narrantur,
1417 380 1522 421 nihil
1560 380 1806 433 singulatim

210 453 419 495 affirmari
451 452 599 505 possit,
634 451 809 492 insitam
842 452 954 493 hane
986 452 1200 493 rationem
1232 451 1411 493 victoria
1442 451 1592 492 utendi
1616 451 1660 492 in
1686 464 1806 492 more

210 537 342 577 quum
375 523 675 564 Romanorum
708 524 801 563 tum
835 524 1054 564 communi
1092 525 1288 564 veterum
1321 523 1525 564 Italorum
1565 522 1696 563 fuisse
1728 535 1807 575 pa-

208 597 312 635 teat.
327 591 360 647 2)
423 594 577 635 Incolae
612 595 779 634 veteres
815 594 975 646 partim
1014 594 1204 636 Romam
1245 593 1589 643 abducebantur,
1638 592 1807 646 oppidis

209 665 373 714 deletis,
422 666 471 705 ut
513 664 566 705 de
609 663 790 705 Albanis
833 664 1019 706 traditur
1061 667 1104 706 et
1146 664 1198 706 de
1239 664 1332 705 aliis
1366 663 1501 717 (apud
1532 664 1622 705 Liv.
1654 664 1684 714 Ι,
1719 662 1806 716 33),
1841 681 1847 688 ·

208 738 283 777 aut
315 735 687 788 transmigrabant
727 734 833 787 (Liv.
868 736 897 786 I,
941 736 1007 777 11.
1041 736 1217 789 Dionys.
1251 735 1390 776 Halic.
1424 735 1499 785 ΙΙΙ,
1545 734 1600 787 1),
1648 734 1808 787 partim

207 807 251 847 in
283 807 371 847 suis
404 805 580 847 sedibus
615 806 972 858 relinquebantur
1013 805 1204 860 (Dionys.
1238 807 1287 857 ΙΙ,
1322 806 1378 847 35
1419 806 1472 847 de
1511 806 1733 847 Caeninitis
1766 807 1809 846 et

206 875 564 930 Antemnatibus)
576 873 624 929 3).
688 877 850 918 Vertun
897 877 992 919 loca
1039 878 1237 919 hostibus
1286 879 1436 930 erepta
1484 879 1526 918 et
1564 879 1807 930 opportune

208 949 289 990 sita
322 949 579 1001 plerumque
612 948 773 989 tuenda
808 951 931 989 erant
964 949 1187 1002 multoque
1212 949 1350 1002 magis
1376 948 1527 989 incolae
1550 947 1807 1001 oppidorum

207 1019 487 1061 subactorum
537 1019 798 1060 observandi
852 1022 895 1060 et
943 1021 1182 1061 coercendi.
1260 1019 1308 1060 Id
1363 1019 1632 1060 efficiebatur
1684 1021 1808 1071 parte

208 1090 363 1131 civium
396 1090 569 1143 publice
603 1103 652 1132 eo
685 1090 819 1131 missa
851 1091 989 1143 iisque
1022 1104 1138 1144 agro,
1174 1091 1243 1144 qui
1278 1090 1334 1132 ab
1366 1090 1491 1132 hoste
1524 1092 1675 1143 captus
1701 1092 1806 1138 erat,

207 1161 357 1211 diviso,
407 1163 454 1202 ut
493 1161 553 1201 ibi
594 1164 854 1214 perpetuum
897 1163 1231 1203 constitueretur
1263 1161 1526 1214 praesidium,
1575 1161 1695 1202 cuius
1728 1162 1809 1203 hoc

206 1245 341 1273 unum
390 1234 483 1273 erat
530 1246 678 1285 genus,
728 1233 949 1274 nullodum
1000 1236 1212 1286 perpetuo
1260 1232 1408 1273 milite.
1471 1233 1619 1285 anue
1664 1234 1728 1273 est
1767 1234 1810 1273 et

205 1305 374 1344 naturae
408 1307 701 1344 consentanea
727 1307 767 1345 et
792 1304 1051 1357 scriptorum
1075 1303 1332 1345 testimoniis
1357 1303 1519 1344 tradita
1544 1303 1808 1345 coloniarum

205 1375 502 1416 Romanorum
539 1375 657 1427 origo
671 1371 717 1427 4),
754 1389 851 1427 quae
884 1378 931 1416 ut
963 1375 1007 1415 in
1039 1375 1133 1417 loca
1165 1375 1365 1417 habitata
1390 1375 1644 1428 plerumque
1671 1374 1808 1415 dedu-

207 1449 419 1495 cerentur,
455 1445 515 1486 rei
548 1448 706 1486 natura
740 1446 975 1495 efficiebat3
1018 1447 1142 1487 aliter
1174 1447 1230 1488 ad
1262 1447 1403 1499 ipsam
1435 1447 1521 1487 vim
1556 1446 1732 1487 eoloniae
1765 1445 1809 1486 id

206 1516 477 1569 pertinuisse,
528 1517 644 1569 quod
691 1517 953 1558 Niebuhrius
1002 1517 1067 1570 (ΙΙ,
1109 1517 1179 1567 49,
1214 1517 1287 1571 50)
1336 1519 1506 1569 statuit,
1555 1519 1626 1559 Vix
1673 1517 1808 1559 Servii

206 1588 441 1629 auctoritas
476 1587 590 1637 facit,
640 1590 687 1628 ut
722 1588 917 1637 credam3
967 1591 1007 1629 et
1052 1588 1249 1631 dissentit
1293 1590 1346 1630 de
1392 1589 1537 1643 Signia
1578 1588 1808 1642 Dionysius

205 1659 272 1708 IV,
307 1659 376 1700 63.
439 1659 513 1700 Eae
545 1673 687 1712 porro,
738 1659 941 1712 quoniam
976 1673 1062 1701 non
1105 1661 1160 1701 ad
1198 1663 1371 1714 tempus
1413 1661 1526 1702 cives
1558 1659 1618 1700 ibi
1649 1659 1807 1701 milita-

205 1730 324 1779 bant,
361 1730 437 1771 sed
471 1743 568 1771 cum
602 1730 775 1771 familiis
814 1730 1088 1780 habitabant,
1133 1731 1319 1773 formam
1364 1732 1554 1784 aliquam
1586 1730 1649 1772 rei
1691 1743 1808 1772 com-

244 1882 271 1926 l)
298 1883 444 1927 Dionys.
471 1883 585 1917 Halic.
607 1883 650 1924 ΙΙ,
677 1882 722 1916 35
748 1882 808 1924 (de
835 1883 981 1918 Caenina
1007 1887 1043 1918 et
1068 1883 1277 1927 Antemna),
1305 1883 1350 1918 50
1377 1882 1436 1926 (de
1461 1882 1652 1925 Cameria),
1679 1881 1723 1916 53
1750 1882 1807 1925 (de

300 1940 469 1984 Fidenis).

243 2000 271 2044 2)
298 2002 368 2036 Cfr.
396 2001 665 2036 Privernatium
693 2002 914 2045 exemplum,
950 2002 1082 2046 quibus
1108 2014 1140 2037 a.
1167 2002 1234 2035 341
1264 2013 1294 2036 a.
1322 2002 1370 2042 G„
1400 2004 1576 2046 proesidio
1601 2003 1719 2036 valido
1744 2003 1809 2034 im-

295 2064 425 2104 posito,
460 2063 544 2103 astri
572 2067 696 2104 partes
729 2063 810 2094 εἴασε
842 2063 1016 2105 ademptoe
1041 2067 1126 2095 sunt
1151 2061 1239 2104 (Liv.
1268 2062 1359 2102 VIII,
1388 2061 1434 2102 1).
1472 2061 1544 2096 Nec
1570 2061 1599 2095 is
1625 2072 1703 2095 mos
1730 2061 1808 2095 ohs-

301 2121 462 2154 oleverat
495 2120 581 2154 belli
612 2119 739 2153 Punici
771 2123 934 2164 tempore
961 2120 1047 2162 (Cic.
1074 2122 1111 2155 in
1138 2122 1237 2155 Verr.
1264 2121 1323 2162 ΙΙΙ,
1359 2123 1390 2161 o',
1418 2120 1489 2163 13).
1541 2119 1655 2163 [Duas
1687 2123 1808 2164 partes

302 2179 373 2213 iam
402 2179 567 2213 Hernicis
594 2179 784 2223 ademptas
810 2179 933 2213 scribit
959 2180 1034 2214 Liv.
1062 2181 1104 2221 II,
1131 2178 1204 2223 41.]

245 2236 274 2280 3)
298 2235 340 2269 ‘0
367 2237 404 2269 δὲ
429 2234 610 2282 ‘Peopefflog
635 2241 854 2281 τριακοσίους
884 2238 953 2283 μὲν
985 2237 1120 2283 ἄνδρας
1145 2239 1193 2275 εἷς
1219 2237 1381 2281 ἑκατέρας
1406 2235 1574 2275 ἀποίκους
1599 2235 1807 2278 ἀπέστειλεν,

301 2290 354 2332 οἷς
390 2295 517 2328 ἔδοσαν
554 2297 592 2328 αἱ
628 2294 745 2332 πόλεις
782 2300 897 2341 τρίτην
933 2297 1259 2343 κατακληρουχῆσαι
1298 2298 1430 2341 μοῖραν
1466 2299 1523 2337 τῆς
1559 2296 1692 2329 ἑαυτῶν
1728 2298 1805 2340 γῆς.

302 2358 484 2387 Καινιτιῦν
511 2355 548 2388 δὲ
574 2356 633 2388 καὶ
656 2353 904 2401 Ἀντεμνατῶν
923 2354 1001 2393 τούς
1019 2356 1257 2400 βουλομένους
1275 2358 1501 2400 μεταθέσθαι
1520 2354 1583 2397 τήν
1603 2357 1741 2396 οἴκησιν
1759 2356 1807 2392 εἷς

300 2411 445 2458 (Ρώμην
469 2415 632 2457 γυναιξὶν
657 2412 733 2459 ἅμα
760 2416 818 2448 καὶ
842 2418 975 2451 τέκνοις
998 2412 1178 2459 μετήγαγε
1205 2427 1234 2446 κ.
1262 2427 1287 2447 τ.
1315 2414 1343 2446 λ.

243 2471 272 2516 4)
299 2474 493 2517 Dionysius
521 2471 684 2517 φυλακήν
710 2475 869 2519 appellat
887 2478 922 2508 et
941 2471 1105 2518 φρουράν
1124 2475 1180 2516 (II,
1209 2475 1252 2507 53
1271 2478 1306 2508 et
1325 2474 1385 2516 54)
1411 2478 1446 2508 et
1464 2475 1609 2509 colonos
1628 2471 1806 2518 φρουρούς

302 2532 373 2575 (VI,
407 2535 452 2565 32
478 2537 513 2566 et
539 2532 615 2575 34);
655 2534 826 2578 idemque
860 2535 904 2568 de
938 2533 1221 2568 Crustumerinis
1249 2532 1323 2574 (ΙΙΙ,
1350 2532 1428 2575 49);
1471 2536 1531 2565 τοῦ
1557 2532 1595 2565 δὲ
1618 2532 1733 2577 μηδὲν
1758 2533 1806 2565 ἔτι

301 2594 542 2635 παρακινῆσαι
563 2589 677 2636 χάριν
708 2592 871 2629 ἐποίκους
908 2590 1025 2629 αὐτοῖς
1056 2591 1223 2624 κατέλιπε
1260 2588 1468 2635 ζΡωμαίους.
1521 2589 1708 2635 [thuanae
1734 2595 1805 2624 τῶν

301 2647 597 2693 πεπολεμηκότων
634 2651 820 2685 Romanos
859 2651 895 2685 in
935 2651 1094 2685 colonias
1139 2651 1267 2685 missos
1305 2655 1341 2685 et
1379 2662 1463 2695 agro
1504 2655 1608 2696 capto
1650 2652 1803 2686 donatos

301 2709 459 2753 appellat
493 2709 681 2753 Appianus
715 2710 749 2743 111
782 2710 886 2744 Bruti
918 2710 1081 2744 oratione
1117 2710 1190 2745 Civ.
1218 2711 1259 2751 ΙΙ,
1295 2708 1389 2752 14Ο.]
1448 2710 1518 2744 Cfr.
1544 2710 1644 2745 Nieb.
1671 2711 1713 2751 ΙΙ,
1747 2709 1802 2744 51.

301 2768 460 2802 Omnino
487 2768 531 2802 de
558 2768 613 2801 his
639 2769 900 2812 antiquissimis
928 2769 1087 2810 coloniis,
1116 2772 1155 2802 ut
1181 2770 1289 2813 plena
1316 2769 1388 2802 sint
1413 2769 1516 2803 initia
1536 2769 1800 2814 disputationis,

300 2827 471 2871 ponenda
497 2830 581 2861 sunt
608 2828 795 2871 complura
821 2839 841 2861 a
865 2827 1062 2861 Niebuhrio
1080 2827 1152 2861 iam
1173 2828 1340 2872 expedita
1350 2840 1357 2868 ;
1385 2827 1488 2861 facile
1515 2827 1714 2872 apparebit,
1740 2828 1802 2862 uhi

301 2885 439 2919 oriatur
457 2886 650 2920 dissensus.
691 2886 772 2927 Cfr„
800 2897 890 2930 quos
909 2887 1005 2920 locos
1033 2887 1129 2921 idem
1156 2887 1228 2920 iam
1255 2887 1416 2921 laudavit
1438 2886 1487 2931 (p.
1507 2886 1576 2929 53),
1604 2886 1706 2921 Dion.
1726 2886 1800 2927 VII,

304 2944 358 2978 13.
386 2944 462 2979 Liv.
490 2945 532 2986 II,
559 2945 615 2983 34,
643 2945 700 2986 IV,
730 2945 782 2979 11.
811 2945 902 2979 Add.
931 2945 1076 2989 Dionys.
1104 2946 1161 2987 VI,
1187 2945 1243 2980 32.
