1915 3235
122 1305 172 1331 299

955 102 1041 143 242

307 234 375 275 31.
448 232 674 273 Venusia
727 232 771 272 in
823 231 980 284 Apulia
1033 244 1167 284 prope
1221 231 1422 272 Lucaniae
1476 231 1583 273 fines
1631 245 1670 273 a.
1704 232 1787 273 291

439 302 565 356 (teste
598 303 703 344 Vell.
738 305 780 344 et
811 302 985 356 Dionys.
1018 302 1157 343 Halic.
1191 302 1235 343 in
1269 302 1468 355 Excerpt.
1501 302 1644 343 Vales.
1677 302 1792 344 XVII

439 376 481 415 et
518 373 663 424 XVIII,
713 373 739 414 5
777 371 949 426 Kiessl.)
965 369 1012 425 ¹),
1060 373 1215 414 Latina
1261 373 1371 414 inter
1421 373 1488 414 18.
1566 372 1788 415 Exhausta

438 444 549 486 bello
581 444 744 486 Punico
776 444 967 486 secundo
999 444 1351 497 supplementum
1384 444 1632 485 colonorum
1665 456 1787 486 acce-

436 515 500 568 pit
541 528 580 556 a.
615 515 700 557 200
743 513 849 568 (Liv.
882 515 1040 566 XXXI,
1083 513 1172 568 49).
1251 513 1376 567 [Hor.
1421 515 1511 556 Sat.
1551 514 1605 565 ΙΙ,
1653 515 1690 566 1,
1735 514 1791 556 35

437 583 599 639 sqq-F)

304 657 373 698 32.
437 656 566 697 Sena
597 657 640 697 in
673 669 775 709 agro
809 656 970 698 Gallico
1003 657 1059 698 ad
1089 669 1211 697 mare
1244 669 1452 709 superum
1485 657 1598 698 circa
1623 669 1662 698 a.
1688 656 1786 706 282,

436 728 655 769 maritima
689 728 841 768 civium
878 726 1028 781 (supra
1059 741 1101 781 p.
1135 726 1220 769 265
1252 725 1374 780 not).

304 799 372 840 33.
436 797 646 840 Hadria
677 798 722 838 in
752 798 910 840 Piceno
944 799 1056 840 circa
1087 800 1181 840 haec
1212 800 1424 851 tempora,
1464 811 1578 840 anno
1609 798 1785 847 incerto,

435 869 602 919 Latina,
635 870 747 910 inter
782 869 834 910 18
868 867 1017 922 (supra
1048 883 1091 922 p.
1125 868 1210 910 265
1241 867 1363 921 not).

302 940 371 981 34.
435 939 715 981 Posidonia
748 954 781 981 s.
815 940 1030 981 Paestum
1061 940 1105 981 in
1138 941 1327 981 Lucania
1360 953 1398 981 a.
1432 939 1517 981 278
1546 938 1667 992 (Vell.
1694 939 1787 981 coll.

436 1011 525 1052 Liv.
560 1024 627 1063 ep.
664 1009 748 1063 14),
783 1011 949 1061 Latina,
982 1011 1094 1053 inter
1129 1011 1196 1052 18.

303 1082 371 1124 35.
439 1081 564 1123 Cosa
595 1081 639 1122 in
671 1082 860 1123 Lucania
895 1082 988 1123 eod.
1023 1095 1136 1124 anno
1164 1080 1301 1136 (ibd.),
1336 1082 1502 1132 Latina,
1536 1082 1647 1122 inter
1674 1076 1787 1133 18.³)

434 1152 547 1194 Huic
578 1155 677 1206 post
707 1152 869 1194 bellum
901 1153 1113 1194 Punicum
1144 1153 1360 1195 laboranti
1393 1152 1530 1194 coloni
1562 1151 1678 1193 mille
1710 1150 1788 1192 ad-

435 1223 582 1276 scripti
615 1222 721 1276 (Liv.
755 1224 945 1275 XXXIII,
980 1222 1067 1277 24).

303 1295 372 1336 36.
436 1294 726 1335 Ariminum
768 1294 812 1336 in
854 1294 1015 1336 Gallico
1059 1308 1161 1348 agro
1201 1308 1240 1336 a.
1274 1295 1358 1337 268
1399 1293 1522 1348 (Vell.
1563 1294 1656 1336 coll.
1696 1293 1786 1334 Liv.

436 1365 536 1418 epit.
565 1363 649 1419 15),
684 1365 850 1417 Latina,
884 1366 996 1407 inter
1030 1366 1098 1407 18.
1146 1365 1207 1407 De
1241 1366 1332 1407 eius
1366 1365 1554 1419 quodam
1586 1366 1678 1406 iure
1704 1364 1789 1405 vid.

437 1450 568 1489 supra
601 1450 644 1491 p.
679 1437 778 1479 282.

304 1508 373 1549 37.
439 1508 778 1549 Beneventum
818 1508 861 1549 in
894 1508 1071 1549 Samnio
1104 1508 1256 1550 eodem
1291 1522 1404 1550 anno
1438 1505 1576 1562 (ibd.),
1620 1506 1788 1557 Latina,

435 1579 547 1620 inter
582 1579 648 1620 18.
701 1580 900 1629 [Ῥωμαίων
931 1580 1078 1615 (ἷποικιά
1110 1579 1260 1633 Polyb.
1293 1579 1360 1629 ΙΙΙ,
1395 1578 1486 1632 90.]

303 1651 393 1693 38..
439 1650 668 1691 Firmum
705 1651 749 1691 in
786 1650 945 1692 Piceno
984 1650 1103 1692 initio
1143 1650 1270 1703 primi
1308 1649 1409 1691 belli
1448 1648 1598 1691 Punici
1640 1646 1790 1702 (supra

435 1737 476 1776 p.
511 1722 596 1763 265
628 1720 749 1774 Ποῖ),
784 1722 950 1772 Latina,
983 1723 1095 1763 inter
1130 1722 1197 1762 18.

287 1862 442 1896 deducta
480 1863 621 1897 colonia
659 1863 714 1905 sit,
753 1863 930 1908 posuerit;
971 1874 1030 1897 eas
1069 1874 1125 1897 res
1164 1873 1209 1896 ne
1248 1862 1370 1896 Livius
1411 1861 1558 1905 quidem
1597 1860 1684 1895 satis
1723 1860 1790 1895 dis-

288 1922 411 1956 cernit.

229 1977 259 2023 1)
284 1981 477 2025 Dionysius
503 1981 628 2025 viginti
654 1981 768 2016 millia
794 1982 1006 2016 colonorum
1032 1981 1141 2015 missa
1168 1981 1301 2021 scribit,
1335 1980 1544 2015 inauditum
1577 1984 1612 2014 et
1637 1980 1775 2015 incredi

287 2040 398 2074 bilem
424 2051 630 2075 numerum.

230 2095 259 2140 ²)
285 2097 442 2142 [Civium
469 2100 610 2134 colonia
635 2100 719 2134 belli
746 2100 933 2134 Samnitici
959 2103 1122 2144 tempore
1155 2099 1346 2133 Nuceriam
1379 2099 1534 2133 deducta
1565 2097 1789 2142 significatur

287 2157 383 2201 apud
411 2158 508 2192 Suet.
536 2159 652 2193 Vitell.
682 2159 712 2197 1,
747 2159 809 2193 sed
835 2159 972 2193 incerta
998 2159 1195 2193 admodum
1222 2158 1436 2192 auctoritate
1463 2157 1645 2201 scriptoris
1672 2157 1786 2191 cuius-

288 2217 373 2250 dam
399 2217 496 2261 genti
523 2218 674 2252 Vitelliae
701 2216 947 2260 blandientis]

230 2272 258 2316 ³)
284 2276 386 2310 Hanc
412 2277 519 2320 vulgo
546 2276 601 2318 (ut
628 2277 927 2322 Hopfensackius,
965 2276 1155 2321 Zumptius
1188 2275 1224 2310 in
1256 2275 1470 2317 Annalibus,
1509 2274 1561 2318 [C.
1589 2275 1629 2310 O.
1656 2275 1789 2309 Miiller

287 2334 352 2369 Die
384 2335 556 2370 Etrusker
588 2337 603 2370 I
629 2348 662 2381 p.
691 2335 789 2379 126])
822 2337 951 2371 Cosam
984 2335 1136 2370 Etruriae
1174 2334 1391 2378 intelligunt,
1429 2338 1614 2378 praeeunte
1651 2334 1789 2368 Freins-

287 2393 408 2427 hemio
435 2394 471 2428 in
498 2396 614 2439 suppl.
635 2396 710 2430 Liv.
737 2396 826 2437 XIV,
855 2395 910 2437 29,
938 2407 958 2429 a
984 2406 1055 2439 quo
1082 2394 1159 2428 iure
1186 2394 1350 2428 dissentit
1370 2393 1610 2428 Ruhnkenius
1633 2394 1678 2428 ad
1698 2393 1787 2427 Vell.

289 2463 402 2496 quum
429 2457 575 2497 propter
601 2455 811 2489 adiunctam
829 2455 1030 2489 Posidoniae
1056 2452 1291 2494 mentionem,
1318 2455 1397 2486 tum
1416 2453 1512 2496 quod
1530 2452 1620 2486 nihil
1639 2452 1786 2486 omnino

288 2511 356 2545 hac
382 2515 487 2545 aetate
522 2513 559 2546 in
586 2514 728 2548 Etruria
760 2517 901 2558 gestum
934 2517 998 2555 est,
1038 2512 1074 2546 in
1106 2512 1305 2546 Lucaniam
1338 2515 1373 2546 et
1405 2511 1614 2546 inferiorem
1644 2511 1787 2545 Italiam

288 2571 411 2604 omnia
444 2582 558 2606 versa.
617 2573 767 2607 Secutus
800 2576 852 2607 est
884 2572 1170 2612 Freinshemius,
1209 2572 1306 2614 quod
1339 2571 1435 2615 apud
1467 2571 1624 2605 Plinium
1658 2569 1788 2614 legitur

289 2629 346 2671 (H.
374 2630 413 2664 N.
438 2631 498 2668 ΙΙΙ,
526 2629 601 2672 51);
633 2632 724 2665 Cosa
757 2633 986 2666 Volcientium
1014 2643 1035 2665 a
1056 2632 1189 2675 populo
1215 2631 1376 2665 Romano
1403 2631 1563 2673 deducta,
1594 2631 1786 2672 Graviscae,

292 2689 459 2723 Castrum
488 2690 636 2732 Novum,
665 2690 788 2733 Pyt-qi.
828 2691 963 2724 Verum
989 2690 1037 2724 ibi
1064 2690 1123 2724 vix
1150 2690 1301 2724 dubium
1323 2701 1399 2724 esse
1418 2693 1546 2733 potest,
1574 2689 1662 2733 quin
1680 2688 1788 2722 scribi

289 2748 437 2782 debeat:
481 2749 572 2782 Cosa
611 2749 857 2792 Volce'entium,
898 2761 919 2783 α
944 2750 1079 2793 populo
1113 2751 1274 2783 Romano
1315 2751 1472 2783 deductae
1506 2750 1688 2783 Graviscae
1719 2750 1784 2781 cet.

289 2805 417 2840 Cosam
453 2807 572 2850 stirpis
605 2807 762 2841 Etruscae
795 2808 904 2842 fuisse
937 2808 1150 2852 significavit
1188 2808 1308 2842 addito
1343 2808 1583 2842 Volcientium
1621 2806 1784 2843 nomine;

287 2864 372 2898 huic
398 2865 615 2899 contrariam
642 2866 761 2909 posuit
789 2866 1042 2901 Graviscarum
1070 2867 1255 2911 originem.
