1915 3235
859 135 944 176 219

109 259 207 303 tinis
226 260 401 303 coloniae
421 260 755 313 appellationem
772 264 1038 314 retinuerint,
1071 263 1278 317 originem
1305 265 1451 318 oppidi
1475 269 1695 316 notantes;

108 334 259 385 postea
292 332 432 372 minus
465 332 558 372 haec
590 332 647 373 ad
677 336 824 374 vetera
854 335 1052 386 tempora
1083 334 1324 387 spectantia
1355 336 1578 377 nominum
1610 337 1696 378 dis-

109 402 286 444 crimina
318 402 592 443 tenebantur.
607 399 640 455 1)

225 473 388 514 Latinae
420 472 568 525 populi
598 473 786 515 Romani
819 474 995 516 coloniae
1033 475 1125 528 lege
1164 476 1253 517 lata
1285 489 1312 517 a
1342 477 1575 518 triumviris
1607 477 1696 519 Ro-

107 543 258 593 manis,
307 542 463 595 quibus
502 542 731 595 imperium
772 545 959 586 dabatur
998 545 1104 598 (Liv.
1138 547 1325 597 XXXIV,
1375 545 1461 600 53),
1511 548 1697 589 deduce-

106 615 264 656 bantur
297 616 339 654 et
370 614 756 656 constituebantur.
769 612 803 667 2)
866 616 951 657 Sed
982 617 1025 657 in
1057 617 1106 657 iis
1140 618 1194 658 ab
1227 617 1346 658 initio
1378 618 1422 658 id
1454 621 1696 670 spectatum

105 685 286 732 videtur,
334 687 382 725 ut
421 697 508 725 non
546 685 748 737 praesidia
779 689 949 727 tantum
981 687 1183 740 imposita
1215 688 1383 740 oppidis
1417 692 1572 738 essent,
1621 690 1697 730 sed

104 769 228 797 novae
262 754 469 804 civitates,
519 768 615 807 quae
657 756 859 797 florentes
906 760 948 798 et
988 770 1221 799 numerosa
1260 759 1412 800 subole
1445 762 1582 800 auctae
1615 760 1696 800 im-

105 826 271 879 perium
303 824 487 878 pecunia
520 828 562 866 et
594 826 800 868 militibus
832 827 981 868 iuvare
1012 831 1203 880 possent.
1258 829 1401 870 Livius
1435 828 1618 882 (XXVII,
1652 829 1696 883 9)

105 897 248 950 stirpis
281 895 490 949 augendae
525 909 656 938 causa
688 898 844 938 missas
879 897 992 938 dicit.
1054 899 1205 951 Itaque
1236 912 1335 949 non,
1380 902 1428 941 ut
1459 901 1502 941 in
1534 901 1696 942 Roma-

104 981 182 1009 nas
214 967 455 1020 plerasque,
500 967 676 1019 exiguus
711 968 958 1009 colonorum
991 981 1210 1019 numerus,
1251 970 1328 1011 sed
1361 983 1519 1023 magna
1551 971 1696 1012 multi-

103 1038 208 1080 tudo
241 1037 352 1079 mitti
383 1037 564 1078 solebat.
615 1037 738 1079 Cales
772 1051 810 1079 a.
837 1039 920 1079 336
947 1039 1032 1080 duo
1063 1039 1197 1081 millia
1230 1043 1272 1081 et
1304 1042 1525 1093 quingenti
1558 1042 1695 1083 coloni

105 1108 276 1150 deducti
313 1113 412 1149 sunt
452 1107 558 1160 (Liv.
592 1109 695 1159 VIII,
740 1107 824 1160 16),
874 1109 1098 1150 Luceriam
1138 1124 1176 1151 a.
1211 1112 1297 1151 314
1336 1111 1450 1152 idem
1491 1125 1696 1154 numerus

105 1180 178 1233 (id.
211 1179 281 1228 IX,
325 1176 418 1231 26);
470 1182 618 1220 contra
650 1179 801 1220 Anxur
834 1193 872 1220 a.
901 1180 985 1220 329
1028 1181 1208 1221 trecenti
1251 1181 1362 1222 cives
1401 1182 1445 1222 in
1485 1183 1696 1224 coloniam

103 1250 366 1292 maritimam
398 1249 538 1298 inissi3
571 1250 863 1291 Interamnam
898 1253 939 1291 et
964 1251 1167 1292 Casinum
1192 1251 1286 1303 (sed
1311 1252 1513 1293 Casinum
1540 1253 1695 1295 civium

140 1426 168 1470 1)
196 1427 318 1462 Cicero
356 1426 510 1470 Philipp.
538 1426 632 1467 XIII,
665 1425 697 1467 8,
738 1424 781 1458 18
819 1427 1062 1460 &tutissimum
1099 1428 1279 1470 oppidum,
1321 1440 1414 1461 neme
1452 1431 1695 1473 mzmicipe'zcm,

197 1488 526 1521 honestissimormn
565 1487 745 1529 quondam
783 1487 996 1526 colonorum,
1036 1485 1206 1519 Suessam
1240 1487 1410 1530 appellat,
1449 1498 1530 1531 quae
1567 1489 1696 1523 Latina

197 1546 331 1586 fuerat;
371 1545 472 1579 Cales
500 1544 621 1578 Cicero
648 1544 886 1588 municipium
913 1544 1077 1578 nominat
1103 1545 1147 1578 de
1173 1545 1238 1588 leg.
1266 1556 1338 1589 agr.
1366 1545 1408 1587 II,
1442 1545 1503 1584 31;
1543 1547 1696 1583 Thurios

197 1606 314 1640 Caesar
339 1604 394 1645 (B.
422 1604 458 1638 C.
485 1604 545 1644 ΙΙΙ,
572 1602 641 1645 22),
676 1614 756 1647 quae
788 1603 917 1636 Latina
943 1603 1060 1637 fuerat
1087 1604 1237 1645 colonia,
1271 1616 1302 1638 a.
1332 1604 1398 1637 194
1425 1605 1580 1640 deducta
1606 1606 1695 1649 (Liv.

196 1663 352 1705 XXXIV,
379 1662 454 1705 53);
495 1663 621 1697 Festus
655 1662 811 1706 denique
838 1662 931 1696 inter
958 1663 1124 1706 exempla
1150 1663 1431 1707 municipiorum
1458 1665 1615 1709 vulgaris
1640 1678 1696 1711 ge-

197 1723 291 1757 neris
310 1722 412 1767 ponit
429 1722 642 1761 Bononiam,
669 1721 903 1761 Placentiam,
930 1720 1075 1764 Nepete,
1104 1721 1277 1763 Sutrium,
1305 1733 1385 1766 quae
1403 1734 1529 1758 omnes
1548 1725 1696 1761 coloniae

197 1782 334 1816 Latinae
360 1781 515 1815 fuerant.
566 1780 815 1814 Brundusium
841 1779 964 1813 Cicero
990 1790 1054 1823 pro
1081 1780 1171 1814 Sest.
1200 1780 1244 1814 63
1277 1781 1457 1815 coloniam
1489 1784 1695 1826 appellavit,

197 1841 293 1884 quod
319 1841 427 1880 diem,
456 1839 517 1883 qui
543 1840 619 1873 eius
646 1839 776 1873 natalis
803 1842 890 1879 erat,
918 1840 1238 1881 commemorabat,
1266 1844 1301 1874 et
1327 1841 1366 1874 N.
1394 1841 1434 1875 D.
1462 1842 1520 1883 ΙΙΙ,
1556 1842 1599 1875 19
1626 1844 1696 1878 Cir-

197 1899 291 1933 ceios
318 1898 446 1941 (coloni
471 1901 587 1933 nostri
616 1896 854 1940 Circeienses).
907 1897 1039 1931 Contra
1072 1898 1133 1931 ubi
1168 1898 1300 1932 civium
1335 1900 1514 1934 coloniam
1547 1903 1696 1938 munici-

196 1958 297 2002 pium
323 1958 524 2002 appellarit,
551 1968 624 1991 non
651 1958 806 2001 reperio;
834 1968 921 1991 nam
944 1968 1008 2000 pro
1026 1956 1146 1991 Plane.
1166 1957 1198 1998 9,
1224 1958 1349 2001 positis
1376 1969 1458 1993 cum
1486 1964 1696 2006 contemptu

197 2016 306 2050 trium
333 2016 589 2061 oppidulorum
617 2016 825 2050 nominibus
852 2015 1092 2058 (Lavicorurm
1129 2016 1336 2054 Gabiorum,
1370 2018 1618 2063 Bovillarum),
1652 2032 1695 2055 ex

197 2075 328 2119 quibus
366 2076 437 2110 duo
476 2075 675 2120 municipia
712 2079 825 2116 erant,
865 2086 982 2119 operae
1020 2075 1178 2119 pretium
1210 2087 1283 2109 non
1316 2077 1458 2120 putavit
1489 2089 1621 2121 genera
1647 2080 1695 2114 di-

195 2135 388 2179 stinguere,
415 2135 585 2178 idemque
612 2134 695 2168 fecit
721 2134 873 2168 fortasse
899 2134 1008 2177 paulo
1027 2137 1121 2175 ante,
1154 2135 1327 2168 Casinum
1345 2135 1438 2169 inter
1455 2136 1560 2180 plura
1578 2139 1696 2173 muni-

197 2193 289 2238 cipia
314 2205 462 2238 ponens.
515 2194 641 2237 Itaque
667 2193 723 2227 vel
751 2203 794 2226 ex
820 2192 1006 2237 municipii
1033 2193 1181 2227 nomine
1213 2194 1310 2237 apud
1343 2194 1411 2228 Cic.
1439 2195 1537 2229 Verr.
1566 2197 1604 2238 V,
1639 2197 1694 2240 16,

196 2252 242 2286 40
268 2257 346 2287 tuto
373 2252 609 2293 concluditur,
650 2252 827 2286 Vibonem
854 2252 1021 2285 Latinam
1054 2250 1164 2285 fuisse
1191 2252 1380 2293 coloniam,
1420 2254 1486 2288 etsi
1512 2255 1634 2290 Livius
1660 2256 1695 2291 id

197 2322 269 2346 non
297 2311 382 2346 dicit
406 2312 560 2353 (XXXV,
587 2309 657 2353 40).
709 2310 779 2344 Sed
805 2310 992 2351 Asconius,
1021 2313 1055 2344 et
1081 2310 1207 2345 doctus
1234 2314 1269 2345 et
1295 2316 1484 2347 accuratus
1510 2314 1631 2356 homo,
1658 2315 1694 2349 in

197 2369 297 2404 initio
331 2371 582 2404 commentarii
616 2370 661 2404 ad
688 2369 757 2403 Cic.
792 2373 881 2403 orat.
918 2369 954 2402 in
985 2368 1103 2403 Pison.
1138 2370 1243 2404 valde
1275 2370 1439 2413 miratur,
1478 2384 1542 2407 cur
1573 2373 1694 2409 Cicero

196 2429 418 2463 Placentiam
444 2429 683 2473 municipium
710 2428 877 2472 appellet,
905 2439 1019 2472 quum
1046 2432 1139 2463 esset
1159 2429 1317 2467 colonia;
1345 2430 1464 2465 fuerat
1485 2436 1608 2466 autem
1628 2433 1695 2467 La-

196 2488 282 2522 tina.
332 2489 444 2522 Recte
482 2488 590 2532 igitur
628 2488 773 2521 Asconii
812 2499 971 2522 errorem
1005 2490 1134 2522 notant
1167 2487 1382 2523 Garatonius
1417 2493 1453 2524 et
1477 2490 1694 2526 Niebuhrius

195 2546 302 2588 (Hist.
329 2547 434 2581 Rom.
461 2547 493 2580 II
518 2558 552 2591 p.
579 2545 626 2588 2),
654 2557 763 2590 quem
790 2550 914 2581 tamen
940 2546 976 2580 in
1002 2547 1142 2591 reliqua
1167 2558 1205 2581 re
1232 2548 1327 2581 male
1353 2548 1550 2584 Asconium
1577 2562 1694 2594 repre-

196 2606 354 2640 hendere
381 2605 475 2640 infra
500 2605 649 2649 patebit.
700 2605 763 2638 Vel
790 2605 869 2647 hoc,
908 2605 938 2639 si
970 2616 1061 2650 opus
1095 2610 1200 2648 esset,
1239 2606 1333 2641 inter
1364 2612 1579 2651 argumenta
1610 2609 1695 2653 poni

196 2667 326 2707 posset,
354 2664 450 2698 cives
476 2664 700 2698 coloniarum
726 2664 939 2708 suffragium
964 2665 1152 2706 habuisse;
1180 2665 1340 2710 alioquin
1367 2666 1463 2700 enim
1490 2667 1600 2701 etiam
1625 2668 1695 2702 illae

196 2722 273 2766 lege
299 2722 390 2757 Iulia
416 2726 513 2757 statu
539 2726 679 2757 mutato
706 2723 903 2767 municipia
930 2723 1025 2758 facta
1050 2728 1183 2759 essent.
1235 2723 1411 2769 [Apparet
1443 2737 1573 2769 parum
1599 2729 1695 2760 recte

198 2781 460 2825 spanhemium
493 2782 576 2817 Orb.
610 2782 715 2816 Rom.
742 2782 757 2815 I
790 2793 818 2816 c.
845 2781 866 2815 2
899 2786 934 2817 et
966 2783 1147 2817 Norisium
1180 2783 1226 2817 ad
1258 2784 1454 2828 Cenotaph.
1482 2784 1551 2818 Pis.
1578 2785 1592 2818 I
1618 2796 1646 2819 c.
1674 2784 1693 2817 1

197 2851 230 2884 p.
258 2840 303 2873 15
329 2840 372 2874 de
398 2841 466 2875 hac
491 2852 530 2875 re
557 2841 770 2885 disputasse,
798 2852 888 2885 quos
914 2841 1021 2876 Drak.
1048 2843 1095 2876 ad
1121 2842 1196 2877 Liv.
1224 2843 1316 2884 VIII,
1342 2843 1386 2876 14
1413 2841 1525 2886 citat]

139 2896 168 2940 ²)
194 2898 369 2943 Exempla
393 2900 490 2944 apud
516 2900 661 2934 Livium
687 2903 773 2934 sunt
798 2900 967 2934 omnibus
993 2901 1035 2935 iis
1060 2901 1158 2943 loeis,
1197 2902 1328 2946 quibus
1362 2901 1569 2936 huiusmodi
1603 2902 1693 2937 colo-

197 2957 339 2991 niarum
366 2958 599 2993 deductiones
625 2961 759 2992 narrat.

1717 491 1768 516 270

1714 1053 1764 1078 271
