1915 3235
113 1496 143 1521 51

929 77 986 117 40

168 218 401 258 pronomen
435 206 650 259 quisquam
686 203 924 257 (exponunt
957 206 1091 246 enim:
1125 220 1182 246 (m
1213 207 1436 261 quisquam
1466 207 1613 248 melior
1637 207 1756 249 Groe-

165 276 253 315 culo
276 275 492 328 comoedus,
527 289 649 330 quum
685 275 813 328 cet.?)
846 276 889 316 id
922 279 998 326 est,
1033 276 1076 316 id
1109 277 1382 326 vocabulum,
1417 278 1508 318 sine
1542 291 1626 330 quo
1659 291 1757 319 sen-

165 348 299 387 tentia
330 346 443 387 nulla
480 350 557 396 est,
592 360 615 387 a
648 360 693 387 se
727 349 916 396 sumunt,
950 360 1037 388 non
1069 360 1093 387 a
1119 349 1261 400 poeta,
1295 348 1574 389 vehementer
1598 352 1784 391 errant.-

165 418 268 466 Quis
302 418 415 458 enim
448 430 654 470 unquam,
690 431 822 470 quum
856 418 1384 471 interrogandonegaret,
1424 420 1569 460 omisit
1599 432 1758 472 prono—

165 501 276 537 men,
326 501 377 529 ex
410 501 495 540 quo
532 488 622 529 solo
663 489 980 540 perspiceretur
1012 489 1197 541 negandi
1229 490 1315 530 vim
1349 490 1392 530 in
1424 490 1758 543 interrogatione

164 559 332 599 inesse?
379 558 542 599 Deinde
574 559 655 599 hoc
689 558 892 608 efficiunt,
940 562 988 600 ut
1027 560 1239 601 Iuvenalis
1280 560 1407 610 dicat,
1457 574 1606 602 omnes
1640 561 1758 602 Grae-

166 629 282 670 culos
321 643 445 670 veros
484 643 577 670 esse
614 630 844 671 histriones
884 633 926 671 et
965 631 1008 671 in
1055 644 1182 672 scena
1231 634 1377 684 partes
1426 645 1553 684 agere
1600 633 1758 682 uxoris,

166 700 370 749 Thaidos,
405 701 598 750 Doridos,
634 714 718 753 quo
752 701 854 754 quid
886 704 1029 754 potest
1062 715 1155 743 esse
1188 705 1263 744 aut
1294 716 1371 755 per
1403 716 1449 744 se
1474 704 1659 756 ineptius
1685 706 1762 745 aut

166 784 190 810 a
223 771 435 812 Iuvenalis
469 771 644 812 consilio
678 772 887 813 alienius?
935 772 1020 813 Sed
1053 787 1187 826 quum
1219 775 1279 815 ita
1311 774 1405 814 haec
1438 777 1652 824 enarrent,
1692 788 1760 815 se-

166 842 322 893 quitur,
372 844 419 881 ut
458 843 655 894 proxima
696 843 765 883 illa
807 843 965 884 Mulier
996 858 1140 898 >nempe
1172 847 1252 886 cet.
1287 845 1338 885 de
1380 845 1533 886 eadem
1567 846 1760 886 omnium

166 911 459 958 Graeculorum
494 915 586 953 arte
618 913 829 955 dicantur.
894 915 1043 968 ltaque
1076 916 1119 956 in
1151 917 1214 966 iis,
1257 929 1352 968 quae
1393 916 1594 969 deinceps
1627 917 1761 957 subii-

166 985 347 1033 ciuntur,
389 984 518 1036 plane
557 997 602 1024 se
646 985 811 1026 haerere
850 987 1061 1035 sentiunt3
1109 988 1367 1039 pravissima
1407 990 1472 1028 est
1511 988 1625 1028 enim
1668 987 1762 1028 haec

165 1056 477 1095 sententiarum
502 1057 767 1098 consecutio:
796 1071 946 1098 omnes
970 1057 1106 1098 Graeci
1129 1059 1291 1110 optime
1326 1058 1583 1098 comoediam
1610 1060 1761 1111 agunt;

164 1139 305 1179 neque
337 1130 475 1166 tamen
507 1129 665 1168 summi
698 1128 926 1170 histriones
960 1129 1097 1170 Graeci
1137 1128 1355 1169 mirabiles
1390 1133 1515 1169 erunt
1547 1134 1589 1170 et
1623 1129 1762 1169 excel-

166 1198 273 1246 lent;
321 1200 413 1239 tota
461 1199 575 1239 enirn
623 1200 741 1240 natio
790 1200 988 1241 comoeda
1037 1202 1114 1241 est.
1193 1200 1344 1252 Itaque
1384 1201 1454 1252 qui
1494 1201 1576 1241 hoc
1615 1201 1761 1250 sensit,

167 1269 446 1318 Schraderus,
496 1274 630 1309 tamen
677 1272 834 1311 mutari
875 1272 1049 1312 volebat
1087 1273 1130 1312 in
1170 1276 1345 1321 tamum,
1394 1271 1654 1312 Heineckius
1686 1284 1764 1324 pro

166 1340 333 1380 tcmdevm.
382 1341 543 1382 dictum
593 1355 700 1382 esse.
778 1342 973 1394 Augetur
1021 1344 1152 1383 etiam
1207 1343 1467 1398 perversitas
1523 1342 1762 1392 sententiae,

167 1412 283 1463 quod
315 1413 587 1461 recentioreS,
622 1413 875 1454 Achaintri‘o
909 1413 1029 1463 duce,
1064 1414 1152 1454 illic
1177 1415 1392 1466 accipiunt
1425 1415 1466 1454 ire
1502 1427 1550 1454 ea
1584 1418 1686 1462 arte,
1720 1413 1766 1453 id

168 1487 224 1523 est
253 1482 450 1534 fallendi,
485 1485 607 1536 quasi
642 1487 716 1525 aut
749 1498 800 1525 ea
834 1498 903 1525 ars
935 1486 1159 1526 nominata
1191 1486 1246 1526 sit
1279 1488 1353 1526 aut
1385 1485 1442 1525 ita
1478 1485 1579 1537 poni
1612 1484 1766 1525 adver-

167 1554 287 1595 bium
320 1555 406 1596 ullo
440 1556 569 1597 modo
602 1557 750 1609 possit.
815 1556 983 1596 Harum
1017 1556 1320 1597 difficultatum
1354 1569 1487 1597 unam
1516 1558 1559 1596 et
1584 1556 1766 1596 alteram

169 1629 344 1677 evitant,
394 1629 478 1680 qui,
528 1630 575 1668 ut
617 1627 845 1669 nonnullos
886 1627 1037 1668 fecisse
1078 1628 1241 1680 opinor,
1291 1628 1615 1680 interrogationi
1648 1627 1767 1668 initio

168 1700 320 1751 positae
351 1699 464 1739 hanc
495 1701 666 1739 tantum
699 1699 786 1739 vim
820 1699 1065 1748 subiiciunt,
1108 1701 1154 1739 ut
1187 1698 1352 1739 Graecia
1385 1699 1570 1750 optimos
1604 1698 1766 1738 habere

169 1770 388 1811 comoedos
422 1769 602 1810 dicatur.
663 1769 748 1810 Sed
780 1782 921 1822 neque
953 1769 1047 1810 haec
1080 1783 1130 1810 ex
1164 1769 1306 1810 verbis
1338 1769 1593 1818 efficiuntur,
1628 1781 1768 1821 neque

170 1841 225 1881 ad
258 1854 323 1890 ea,
373 1854 469 1893 quae
509 1841 623 1881 dicta
664 1842 862 1893 superius
897 1854 922 1881 a
954 1843 1084 1893 poeta
1116 1841 1184 1881 hic
1217 1841 1540 1889 confirmantur,
1590 1839 1643 1881 de
1675 1853 1769 1881 om-

168 1913 287 1953 nium
328 1912 623 1953 Graeculorum
673 1915 777 1961 arte,
829 1914 931 1964 apta
980 1914 1094 1960 sunt,
1143 1925 1283 1964 neque
1332 1911 1387 1952 ad
1435 1913 1629 1952 extrema
1676 1910 1767 1952 illa:

172 1982 300 2023 Natio
333 1983 516 2025 comoeda
549 1988 618 2023 est.
675 1983 1000 2035 Componentur
1032 1983 1125 2023 haec
1157 1983 1345 2031 invento,
1380 1982 1496 2034 quod
1528 1994 1632 2022 sane
1656 1981 1769 2022 diffi-

171 2056 374 2097 cillimum
408 2068 494 2095 non
528 2056 604 2104 est,
638 2055 791 2106 primae
824 2055 1049 2094 sententiae
1082 2050 1337 2105 subiecto.¹)
1400 2053 1447 2093 Id
1487 2053 1529 2093 in
1569 2053 1634 2093 his
1675 2065 1771 2093 ver-

169 2127 255 2168 bis:
305 2126 376 2166 An
422 2125 580 2177 melior,
630 2139 756 2180 quum
805 2124 976 2165 Thaida
1017 2125 1190 2165 sustinet
1230 2129 1303 2164 aut
1342 2137 1467 2178 quum
1505 2136 1677 2163 uxorem
1709 2137 1771 2163 co-

170 2197 329 2238 moedus
377 2197 464 2250 aqizi
512 2198 613 2245 cet.,
670 2196 873 2248 quoniam
923 2209 975 2237 ex
1031 2195 1323 2248 superioribus
1377 2207 1464 2236 non
1521 2194 1771 2247 intelligitur

171 2269 361 2322 (poterat
400 2268 513 2308 enim
554 2281 630 2320 per
672 2280 718 2307 se
767 2281 821 2307 cm
870 2268 1015 2307 melior
1063 2267 1143 2308 dici
1190 2267 1272 2308 hoc
1319 2279 1470 2307 sensu:
1521 2279 1576 2306 an
1624 2266 1767 2318 potius

172 2341 323 2382 melior
355 2341 403 2389 is,
438 2339 491 2379 de
524 2352 609 2391 quo
643 2339 871 2391 loquimur,
906 2341 971 2379 est
1002 2340 1109 2387 tum,
1144 2351 1277 2390 quum
1305 2335 1418 2388 cet),
1453 2349 1682 2377 commune
1708 2338 1773 2377 est

172 2413 397 2464 utriusque
430 2410 669 2458 sententiae,
704 2410 891 2461 positum
926 2410 969 2450 in
1003 2410 1152 2459 altera,
1197 2407 1415 2457 comoedus,
1449 2409 1498 2448 ut
1521 2421 1560 2448 V.
1587 2408 1658 2457 40⁷
1691 2407 1770 2448 41:

177 2482 329 2533 Quales
377 2495 426 2521 cx
472 2481 623 2521 humile?
669 2494 826 2533 mcc-qva
875 2480 931 2519 ad
969 2480 1150 2533 fastiqia
1198 2493 1339 2519 rerum
1383 2478 1570 2531 Extollit,
1618 2479 1774 2533 quoties

176 2554 301 2593 voluit
331 2552 509 2605 fortuna
543 2552 694 2600 iocari,
745 2553 787 2591 et
820 2551 885 2596 IV,
922 2552 997 2592 70:
1048 2550 1169 2591 Nihil
1202 2555 1271 2602 est,
1312 2549 1420 2604 quod
1452 2548 1620 2589 credere
1651 2548 1702 2589 de
1733 2562 1775 2589 se

176 2638 255 2664 non
282 2624 428 2677 possit,
477 2636 603 2677 quum
644 2621 850 2662 laudatur
890 2622 972 2662 Dis
1013 2635 1133 2676 ecqua
1157 2626 1354 2675 potestas.
1418 2621 1565 2670 Erunt,
1615 2619 1771 2673 quibus

175 2696 310 2736 verba
349 2693 574 2745 comoedus,
620 2692 817 2745 fortuna,
867 2693 949 2733 Dis
989 2707 1110 2748 oequa
1142 2696 1327 2746 potestas
1364 2692 1710 2744 interpunctione
1749 2703 1775 2731 a

214 2859 241 2903 ¹)
267 2861 370 2894 Unus
396 2861 440 2894 de
467 2860 535 2893 hac
567 2871 604 2893 re
631 2858 810 2893 Schrader
842 2859 1017 2903 cogitasse
1049 2859 1204 2900 videtur,
1242 2857 1305 2892 sed
1337 2856 1544 2891 coniectura
1577 2855 1772 2900 quaerebat,

272 2919 368 2963 quod
394 2919 506 2953 adest.
