1915 3235
112 962 162 987 212

938 114 1021 154 172

183 243 358 298 tibus.¹)
429 245 502 285 Ille
549 245 654 297 ipse,
703 244 775 295 qui
822 244 916 284 haec
963 242 1107 284 studia
1153 243 1341 283 maxime
1390 244 1641 292 commorat,
1690 256 1777 284 non

183 317 380 365 absolvit,
431 315 546 368 quod
587 315 844 363 instituerat,
893 326 973 354 nec
1016 312 1194 354 deduxit
1237 313 1549 366 disputationes
1587 326 1688 354 suas
1721 313 1775 354 ad

183 387 318 428 adulti
351 389 393 427 et
425 386 605 427 summis
638 384 792 437 opibus
824 383 1024 437 pollentis
1058 383 1225 436 imperii
1256 386 1467 436 tempora,
1502 383 1658 436 quibus
1683 384 1778 437 ipsa

183 457 434 510 magnitudo
466 469 610 497 rerum
644 457 686 496 et
712 454 1009 496 membrorum
1034 455 1077 495 in
1102 467 1237 495 unum
1262 467 1416 507 corpus
1445 454 1776 495 coalescentium

183 528 409 569 diversitas
442 539 576 579 quum
614 525 876 567 mutationes
917 526 1328 578 obscurationesque
1372 524 1564 578 priorum
1606 525 1778 566 institu-

182 602 325 640 torum
373 597 516 639 attulit
563 598 604 637 et
649 595 780 637 miras
826 609 943 650 saepe
987 609 1136 638 eorum
1177 596 1471 649 copulationes
1513 598 1554 637 et
1586 597 1630 637 in
1662 597 1780 638 aliud

183 682 316 722 genus
348 667 666 717 translationes,
699 669 793 708 tum
825 681 939 709 nova
971 667 1151 708 addidit.
1214 667 1302 707 Nec
1334 679 1453 715 sane,
1494 666 1529 707 si
1560 668 1654 708 haec
1686 681 1779 708 om-

182 740 254 780 nia
286 740 320 780 is
353 738 601 791 complexus
636 740 762 787 esset,
804 751 872 779 res
906 738 1102 780 confecta
1136 738 1299 778 fuisset.
1361 737 1633 778 Permultum
1666 738 1779 779 enim

183 811 322 860 abest,
370 811 418 850 ut
450 811 538 859 aut,
587 822 683 861 quae
724 809 784 850 ita
822 809 1116 862 pertractavit,
1166 813 1213 849 ut
1252 822 1366 849 nova
1400 810 1441 849 et
1473 808 1648 860 propria
1679 821 1779 861 pro-

183 881 327 930 ferret,
377 893 428 920 ea
468 880 614 920 omnia
652 881 727 921 aut
765 880 889 933 longe
930 879 1166 921 maximam
1206 881 1375 932 partem
1408 878 1590 931 probem
1623 892 1780 932 meque

184 952 273 992 eius
307 951 552 992 auctoritati
584 951 829 1004 mancipem
861 951 1022 992 aliosve
1055 950 1293 1003 mancipari
1325 949 1453 990 velim
1487 952 1574 1000 aut,
1616 950 1651 991 si
1682 950 1780 991 reli-

184 1035 270 1075 qua
301 1023 553 1074 persecutus
588 1024 713 1071 esset,
748 1022 892 1063 omnia
925 1021 1174 1074 simpliciter
1207 1021 1262 1062 ab
1298 1034 1347 1061 eo
1373 1021 1624 1074 accipienda
1649 1021 1781 1062 fuisse

185 1093 372 1134 credam.
435 1093 525 1133 Iam
558 1092 805 1146 significavi,
840 1105 927 1133 non
957 1094 1048 1133 tam
1081 1092 1271 1145 singulas
1304 1093 1526 1145 opiniones
1559 1092 1781 1133 Niebuhrii

184 1165 288 1206 mihi
313 1165 562 1217 probandas
587 1164 735 1213 videri,
770 1163 849 1204 etsi
874 1163 1112 1216 permultas
1139 1164 1290 1216 probo,
1325 1176 1455 1216 quam
1481 1163 1525 1203 in
1549 1163 1782 1215 quaerendo

184 1236 429 1277 libertatem
464 1238 505 1276 et
537 1237 732 1276 veterum
765 1234 1059 1275 institutorum
1099 1234 1276 1275 rationis
1318 1234 1431 1275 clare
1470 1234 1782 1287 perspiciendae

184 1308 467 1348 Voluntatem.
538 1307 688 1359 Neque
727 1319 798 1346 me
838 1305 966 1355 fallit,
1016 1305 1249 1357 aliquando
1289 1305 1526 1346 Niebuhrio
1576 1306 1783 1347 accidisse

185 1380 332 1425 videri,
367 1381 415 1419 ut
447 1380 623 1431 propter
654 1377 759 1417 illud
792 1377 933 1429 ipsum
968 1376 1174 1417 concinne
1207 1377 1427 1429 dispositae
1460 1376 1658 1430 imaginis
1692 1380 1783 1418 stu-

186 1450 317 1494 dium,
353 1449 467 1502 quod
501 1449 630 1501 paulo
663 1450 763 1489 ante
797 1447 1145 1496 commemoravi,
1181 1461 1244 1497 ea,
1286 1461 1382 1500 quae
1415 1448 1527 1488 helle
1562 1450 1603 1489 et
1636 1448 1783 1490 ordine

187 1521 425 1573 composita
459 1522 615 1569 essent,
650 1519 766 1560 velut
799 1532 894 1571 quae
929 1519 984 1558 ad
1016 1532 1295 1559 numerorum
1329 1519 1549 1571 quandam
1584 1519 1784 1561 conveni-

187 1592 347 1632 entiam
381 1591 537 1632 adduci
570 1592 759 1643 possent,
801 1590 931 1642 paulo
964 1590 1132 1631 facilius
1166 1603 1243 1642 pro
1277 1590 1403 1630 certis
1437 1591 1783 1643 amplecteretur,

186 1663 403 1703 interdum
437 1663 580 1711 etiam,
631 1674 765 1714 quum
805 1661 848 1701 in
880 1674 1014 1713 parvo
1060 1661 1204 1713 aliquo
1242 1672 1387 1701 rerum
1428 1661 1533 1702 orbe
1575 1661 1786 1702 eiusmodi

187 1733 349 1785 aliquid
382 1733 495 1773 effici
528 1735 687 1786 posset,
734 1732 928 1781 aliorum,
970 1745 1065 1784 quae
1100 1734 1405 1784 repugnarent,
1447 1732 1784 1773 oblivisceretur.

186 1804 320 1845 Video
354 1805 498 1853 etiam,
548 1803 754 1844 facultate
795 1803 867 1844 illa
906 1803 1087 1855 vestigia
1128 1803 1296 1843 minuta
1338 1804 1377 1843 et
1413 1802 1607 1855 dispersa
1638 1816 1785 1855 perse-

187 1875 359 1928 quendi,
409 1888 463 1915 ne
497 1875 683 1916 minores
724 1875 844 1915 lusus
886 1876 1293 1923 commemorentur,
1344 1886 1394 1914 eo
1428 1886 1526 1914 eum
1560 1873 1786 1926 aliquoties

188 1947 416 1998 abreptum
453 1958 561 1995 esse,
601 1948 649 1986 ut
687 1945 729 1985 in
762 1945 1047 1986 fundamento
1080 1958 1234 1997 parum
1268 1945 1392 1985 firmo
1425 1945 1675 1997 opinionum
1708 1958 1786 1985 no-

189 2017 331 2057 vitatis
372 2017 510 2069 gratia
558 2016 880 2069 splendentium
928 2016 1052 2068 quasi
1098 2016 1258 2057 molem
1305 2016 1392 2056 late
1439 2017 1663 2068 patentem
1711 2027 1785 2055 ex-

189 2090 386 2132 strueret,
422 2090 461 2128 et
487 2089 530 2128 in
554 2088 604 2128 iis
628 2087 876 2140 singulatim
901 2087 1166 2128 inculcandis
1193 2088 1233 2127 et
1260 2086 1563 2128 confirmandis
1589 2085 1787 2126 acumine

190 2159 454 2208 abuteretur,
496 2159 622 2210 quale
656 2160 721 2199 est
752 2158 857 2198 illud
890 2158 942 2199 de
974 2160 1177 2210 poemate
1211 2158 1510 2211 antiquissimo
1545 2156 1664 2209 epico
1696 2156 1786 2197 Ro-

189 2242 417 2270 manorum
445 2231 753 2279 commentum,
786 2229 878 2269 iure
904 2242 929 2270 a
952 2242 1110 2281 magno
1135 2229 1391 2282 philosopho
1414 2224 1787 2281 reprehensum.²)

190 2300 277 2341 Nec
311 2300 491 2341 dubium
525 2303 601 2350 est,
642 2300 745 2352 quin
784 2299 1018 2352 aliquando
1059 2300 1201 2341 studio
1234 2314 1359 2341 suam
1393 2298 1653 2341 sententiam
1686 2311 1787 2339 con-

190 2371 391 2411 firmandi
424 2373 618 2412 veterum
651 2373 1033 2413 monumentorum
1066 2371 1313 2412 testimonia
1340 2370 1664 2423 interpretando
1689 2381 1787 2422 per-

191 2441 367 2482 verterit
415 2444 490 2482 aut
538 2455 686 2483 eorum
725 2443 812 2482 vim
846 2443 1077 2495 scriptores
1126 2444 1168 2483 et
1214 2441 1358 2494 inique
1407 2443 1449 2482 et
1495 2441 1789 2481 inconstanter

230 2593 257 2637 ¹)
284 2595 360 2628 Hoc
393 2595 500 2638 quale
526 2594 582 2636 sit,
621 2594 771 2638 intelligi
806 2594 880 2628 fere
913 2597 1032 2638 potest
1064 2605 1107 2628 ex
1140 2594 1303 2628 Creuzeri
1336 2593 1497 2636 epitoma
1529 2592 1788 2636 antiquitatum

286 2654 548 2694 Romanarum,
577 2664 663 2697 -quae
689 2653 755 2687 etsi
782 2664 855 2687 non
881 2653 997 2697 ipsam
1024 2653 1274 2687 institutorum
1300 2652 1589 2696 explicationem,
1616 2651 1679 2685 sed
1703 2650 1789 2684 line-

287 2716 434 2746 amenta
461 2715 496 2746 et
522 2712 713 2746 materiam
739 2712 912 2754 continet,
950 2716 991 2746 ut
1022 2713 1168 2756 iniquus
1195 2712 1250 2752 sit,
1290 2711 1351 2754 qui
1377 2712 1542 2745 Creuzeri
1568 2711 1612 2745 de
1638 2709 1788 2754 singulis

286 2772 394 2805 rebus
420 2770 553 2805 iudicia
578 2770 627 2804 ibi
652 2770 770 2814 posita
797 2773 911 2814 putet,
938 2774 1062 2805 tamen
1089 2781 1264 2815 apparere
1290 2770 1434 2804 videtur
1461 2781 1503 2804 ex
1530 2769 1606 2814 ipso
1626 2768 1788 2803 materiae

287 2841 416 2874 genere
443 2833 479 2863 et
505 2829 739 2873 dispositione
764 2840 961 2873 rerumque
987 2830 1266 2874 quaerendarum
1301 2829 1632 2872 significationibus,
1672 2827 1789 2872 qualis

287 2889 404 2923 forma
430 2888 554 2922 futura
578 2887 625 2922 sit
650 2888 762 2922 totius
789 2888 972 2922 doctrinae.

230 2946 257 2992 ²)
283 2949 407 2992 Hegel.
434 2947 672 2991 Encyclopad'.
701 2947 734 2981 d.
762 2946 966 2991 philosoph.
993 2947 1100 2981 Wiss.
1127 2945 1148 2989 ἓ
1174 2946 1253 2988 549,
1280 2958 1313 2991 p.
1340 2946 1421 2980 492.
1449 2947 1503 2980 ed.
1531 2946 1562 2980 2.
