1915 3235
855 121 936 162 139

102 252 238 293 lendis
270 263 401 304 opera
432 250 704 299 insumenda,
746 263 852 303 quas
885 250 966 303 ipsi
998 252 1195 291 auctores
1226 263 1351 303 paene
1383 249 1694 305 improbant.¹)

102 322 309 364 Orellium
341 321 472 362 miror
503 320 631 361 nimis
669 321 819 362 leviter
858 333 904 362 se
946 318 1307 374 expedientem.²)
1376 322 1472 363 Non
1511 325 1695 375 apparet

100 394 302 446 primum,
351 391 445 444 quis
476 392 777 440 intervenerit3
824 404 927 432 nam
960 391 1017 432 ad
1049 391 1094 433 C.
1128 391 1365 433 Antonium
1397 392 1479 434 hoc
1510 393 1693 434 verbum

99 464 159 505 ita
190 463 352 513 referri,
386 464 434 504 ut
465 462 722 502 sententiam
757 462 927 512 efficiat,
961 462 1078 504 nullo
1111 463 1240 504 modo
1263 465 1421 516 potest,
1455 475 1583 516 quem
1608 476 1695 504 non

99 534 379 576 intervenisse
411 533 524 583 dicit,
558 533 647 583 sed,
682 545 814 586 quum
840 533 1041 574 inductus
1065 536 1176 574 esset
1202 534 1245 574 in
1269 546 1405 586 spem,
1440 533 1694 575 destitutum

100 617 213 654 esse,
261 606 309 645 ut
347 603 456 645 alius
497 604 591 657 quis
631 604 774 656 potius
813 603 1093 645 intervenisse
1133 604 1351 653 videatur;
1400 604 1567 652 deinde,
1611 616 1696 656 quo

98 675 313 729 pertineat
344 674 556 727 particula
588 675 718 723 enim3
752 676 857 723 tum,
893 675 987 726 quis
1010 675 1065 716 sit
1089 674 1156 716 ille
1182 677 1337 724 metus,
1372 675 1425 715 de
1451 687 1536 726 quo
1560 673 1692 715 inter-

97 745 275 799 rogandi
306 745 424 786 nulla
457 747 523 785 est
563 747 707 793 causa‘,
757 757 891 797 quum
935 745 1053 794 nihil,
1102 746 1217 798 quod
1260 748 1427 786 metum
1471 744 1693 797 significet,

98 817 258 858 dictum
291 817 365 865 sit;
398 818 630 868 postremo,
665 827 750 867 quo
783 817 979 868 spectent
1002 816 1074 856 illa
1099 816 1213 856 salvo
1239 817 1372 870 capite
1397 829 1563 870 nemore,
1598 827 1696 868 quae

97 887 153 928 ad
184 886 445 939 promissum
479 885 523 927 C.
557 885 745 927 Antonio
789 885 939 927 datum
982 887 1132 927 referri
1173 900 1260 928 non
1303 889 1503 939 possunt;
1551 898 1693 938 neque

98 959 225 1008 enim,
259 970 334 998 cur
365 956 623 1009 promiserit,
657 956 734 998 sed
767 969 842 998 cur
873 969 959 998 non
991 957 1251 1010 praestiterit,
1295 957 1514 1010 quaeritur.
1571 955 1694 997 Viam

97 1027 355 1070 emendandi
394 1027 488 1080 ipsa
531 1027 603 1068 illa
644 1027 856 1079 particula
899 1028 1007 1068 enim«
1049 1028 1249 1069 ostendit.
1323 1028 1451 1069 Patet
1494 1027 1621 1076 enim,
1671 1039 1696 1068 a

97 1099 300 1141 Cicerone
348 1110 425 1150 per
471 1099 659 1151 speciem
708 1098 995 1140 excusationis
1036 1099 1175 1139 levem
1223 1101 1267 1139 et
1303 1101 1475 1151 turpem
1518 1110 1693 1138 causam

96 1169 289 1211 destituti
322 1168 465 1221 patrui
497 1168 654 1209 afferri.
718 1169 923 1210 Mendum
956 1170 1145 1222 positum
1179 1172 1242 1210 est
1276 1170 1319 1210 in
1351 1182 1439 1210 una
1470 1169 1543 1209 illa
1575 1180 1693 1217 voce,

95 1242 138 1282 in
170 1253 256 1293 qua
289 1240 455 1281 codices
499 1239 762 1291 discrepant,
811 1252 864 1280 ex
907 1253 1089 1292 quorum
1133 1240 1320 1292 vestigiis
1364 1240 1431 1280 cm·
1473 1252 1551 1291 pro
1594 1238 1696 1293 quid

95 1311 324 1365 legendum
364 1312 428 1351 est
467 1308 714 1362 (Intervenit
754 1311 876 1363 enim,
917 1311 984 1351 cm·
1023 1311 1205 1351 metuisti
1237 1309 1350 1362 cet.).
1411 1310 1696 1350 Intervenisse

95 1382 242 1425 Cicero
275 1381 378 1422 dicit
410 1381 610 1433 aliquem,
647 1380 719 1433 qui
751 1380 794 1421 id
826 1394 984 1422 munus
1017 1384 1172 1433 patruo
1197 1381 1392 1422 debitum
1419 1379 1695 1433 interceperit

95 1456 137 1495 et
159 1453 215 1494 M.
239 1452 427 1493 Antonio
460 1450 699 1499 extorserit,
733 1451 849 1503 quod
880 1454 1094 1493 metueret
1118 1452 1291 1501 scilicet,
1327 1465 1381 1493 ne
1407 1452 1527 1493 salvo
1553 1452 1694 1504 capite

93 1536 252 1577 negare
300 1522 337 1564 ei
382 1535 470 1563 non
517 1524 676 1574 posset.
754 1522 890 1563 Notus
938 1526 1030 1563 erat
1083 1522 1356 1564 senatoribus
1413 1524 1543 1564 homo
1592 1535 1693 1563 con-

93 1594 421 1655 temptissimus,
456 1605 583 1645 quem
610 1592 665 1633 M.
683 1592 910 1642 Antonius,
944 1596 1100 1645 patruo
1123 1593 1311 1643 detruso,
1347 1594 1404 1635 ad
1428 1607 1526 1635 eum
1552 1593 1692 1635 locum
1715 1601 1766 1626 1⁷2

94 1667 317 1713 evexerat;
350 1677 404 1705 ne
436 1663 561 1704 nobis
597 1663 771 1716 quidem
804 1663 932 1716 plane
964 1664 1155 1716 ignotus;
1188 1677 1291 1705 nam
1324 1667 1401 1706 aut
1425 1664 1592 1705 Nucula
1616 1666 1692 1705 aut

95 1737 231 1778 Lento
269 1735 350 1776 fuit
397 1733 498 1786 (vid.
531 1734 718 1786 Philipp.
752 1734 826 1784 VI,
870 1734 916 1783 5,
964 1735 1030 1784 14,
1075 1735 1179 1785 VIII,
1224 1735 1263 1785 9,
1309 1736 1378 1784 20,
1422 1735 1492 1785 XI,
1539 1736 1578 1784 6,
1625 1734 1692 1783 13,

96 1807 185 1855 XII,
220 1807 259 1855 8,
294 1806 350 1847 20
382 1808 425 1846 et
460 1805 499 1854 9,
534 1803 621 1857 123).

214 1877 471 1918 Persecutus
505 1889 615 1925 sum,
665 1875 783 1928 quod
825 1875 944 1917 initio
988 1875 1203 1917 facturum
1246 1889 1317 1917 me
1357 1888 1449 1917 esse
1484 1876 1692 1925 dixeram,

96 1948 211 1989 locos
242 1947 399 1988 harum
431 1946 674 1988 orationum
712 1959 810 1987 mea
844 1947 1090 1988 coniectura
1122 1946 1391 1996 emendatos,
1425 1947 1485 1988 ita
1516 1948 1564 1988 ut
1594 1949 1693 1988 tan-

95 2021 187 2060 tum
221 2018 374 2070 exigua
406 2017 606 2070 quaedam
647 2020 690 2058 et
722 2016 1013 2069 disputatione
1056 2030 1209 2069 parum
1258 2017 1387 2070 digna
1432 2017 1691 2059 omitterem.

95 2088 204 2130 Sunt
235 2088 306 2130 alii
338 2090 550 2140 praeterea
580 2088 675 2138 loci,
709 2087 753 2128 in
787 2087 942 2140 quibus
976 2087 1158 2129 aliorum
1184 2089 1440 2129 coniecturis
1465 2101 1569 2130 usus
1594 2101 1690 2130 sum

94 2159 261 2213 pridem
292 2159 536 2212 propositis,
586 2158 662 2199 sed
701 2158 761 2200 ita
792 2159 996 2212 neglectis
1030 2161 1072 2201 et
1103 2158 1317 2200 oblivione
1351 2159 1580 2212 oppressis,
1629 2163 1689 2209 ut,

132 2357 158 2401 ¹)
182 2358 450 2393 Wernsdorfius
475 2362 609 2399 tamen,
649 2361 795 2402 recepta
831 2360 913 2402 post
950 2358 1131 2392 Muretum
1169 2361 1205 2392 et
1235 2358 1417 2392 Faernum
1451 2357 1582 2392 codicis
1608 2358 1688 2392 Vat.

187 2417 374 2462 scriptura,
400 2420 575 2461 tanquam
596 2416 823 2460 intelligeret,
853 2416 942 2458 „Pro
967 2415 1158 2451 contextu“
1186 2416 1303 2460 inquit
1335 2416 1532 2459 „sermonis
1556 2416 1689 2451 rectius

186 2477 263 2510 haec
288 2474 517 2520 iunguntur.“

129 2533 157 2578 ²)
183 2537 376 2570 Intervenit
401 2537 494 2569 enim
519 2535 597 2570 vult
623 2546 702 2570 esse
733 2539 797 2570 aut
827 2535 935 2570 Tullii
968 2538 1031 2569 aut
1061 2534 1300 2579 grammatici,
1339 2534 1562 2578 explicantis,
1602 2545 1688 2578 quo-

190 2595 297 2629 modo
329 2594 508 2628 Antonius
540 2597 714 2638 patruum
746 2593 960 2628 destituerit.
1009 2593 1136 2627 Miram
1170 2604 1276 2636 vero,
1315 2593 1344 2627 si
1377 2593 1485 2627 Tullii
1517 2596 1588 2634 est,
1628 2593 1687 2626 ad-

185 2654 376 2688 iectionem
402 2664 466 2698 per
491 2654 635 2688 tertiam
662 2663 855 2697 personam
887 2652 924 2686 in
956 2651 1076 2686 media
1104 2651 1321 2686 allocutione
1355 2652 1516 2693 Antonii,
1554 2652 1685 2686 miram

185 2716 220 2747 et
252 2713 443 2746 obscuram
475 2712 702 2756 grammatici
735 2711 1082 2756 interpretationem,
1121 2711 1251 2745 deinde
1290 2711 1436 2748 falsam;
1476 2722 1549 2744 non
1588 2710 1684 2745 enim

185 2772 379 2806 intervenit
404 2771 448 2806 M.
475 2771 666 2812 Antonius,
693 2771 755 2805 sed
783 2771 956 2811 destituit,
983 2770 1019 2804 id
1045 2773 1109 2810 est,
1136 2780 1209 2804 non
1236 2769 1392 2811 adiuvit;
1419 2769 1549 2803 deinde
1578 2771 1686 2802 inter—

188 2833 277 2864 venit
302 2830 576 2874 interpretatur:
611 2831 701 2864 clam
727 2841 762 2864 se
786 2831 961 2873 opposuit,
988 2832 1024 2863 et
1048 2828 1085 2862 in
1111 2829 1179 2862 hoc
1205 2830 1306 2869 clam,
1333 2828 1435 2862 cuius
1462 2828 1603 2862 nullum
1630 2830 1684 2861 est

185 2889 282 2933 apud
314 2889 522 2930 Ciceronem
562 2889 771 2933 vestigium,
808 2888 996 2923 sententiae
1033 2887 1107 2921 vim
1144 2887 1247 2931 ponit
1284 2885 1397 2931 (quae,
1436 2887 1465 2920 si
1503 2886 1591 2920 illud
1629 2888 1684 2919 est

184 2947 420 2991 grammatici,
446 2948 547 2982 nulla
572 2948 651 2989 est).
701 2946 860 2982 Tametsi
885 2946 962 2981 tota
986 2946 1102 2980 ironia
1126 2945 1339 2980 inanissima
1366 2949 1430 2979 est.
