1915 3235
857 124 939 164 521

109 272 208 300 vum
242 260 284 298 et
316 257 531 297 diversum
564 256 666 308 legis
707 256 849 307 caput,
898 253 941 294 in
983 266 1067 306 quo
1111 266 1196 294 una
1240 255 1340 305 apta
1382 255 1446 293 est
1485 253 1696 305 particula

110 331 206 370 iam.
278 327 514 368 Lenissima
558 325 804 367 adhibenda
849 323 1054 365 correctio
1098 326 1175 373 est,
1223 326 1270 364 ut
1313 323 1407 364 fiat:
1456 323 1695 364 credidisse.

110 399 205 441 Iam
238 401 317 439 cet.
366 397 461 438 Non
491 397 551 450 ita
583 408 681 436 raro
714 395 806 436 haec
837 394 1085 436 terminatio
1117 393 1313 435 infinitivi
1347 396 1390 434 et
1421 393 1493 434 sed
1517 393 1695 435 confun—

109 470 280 511 duntur.
328 468 477 520 Itaque
508 466 619 507 infra
642 479 676 506 c.
700 466 768 515 25,
803 465 859 506 62
881 478 1030 506 omnes
1062 466 1153 506 iure
1178 465 1322 513 edunt,
1356 465 1596 506 Manutium
1629 478 1697 505 se-

110 543 311 595 quentes:
345 538 471 579 vides.
505 536 587 577 Sed
621 552 695 584 -;
728 537 771 577 in
804 536 1023 578 codicibus
1057 538 1121 576 est
1153 535 1317 576 vidisse.

226 611 271 652 C.
307 609 373 659 16,
418 608 471 649 41
507 609 616 648 etc.
653 607 718 656 17,
763 607 834 656 42,
880 606 954 647 ubi
997 606 1143 648 Cicero
1188 606 1366 647 deorum
1407 606 1608 647 iudicium
1645 607 1697 647 de

108 682 274 724 violatis
316 678 591 732 religionibus
632 678 676 718 in
719 691 796 719 suo
841 691 943 718 casu
987 676 1241 729 apparuisse
1284 677 1404 726 dicit,
1455 691 1589 730 quum
1637 679 1695 719 sic

108 753 384 794 scriberetur:
432 750 631 804 velimque
662 748 747 800 hoc,
795 748 903 803 quod
941 748 1101 802 loquar,
1150 747 1234 788 diis
1266 748 1569 789 immortalibus
1598 762 1697 803 qra-

109 829 192 865 tum
218 823 360 877 potius
391 821 528 861 videri
566 834 691 875 quam
728 832 869 874 grave.
937 818 1089 860 Omnia
1126 823 1211 858 tum
1243 818 1509 872 perditorum
1547 819 1696 859 civimn

107 895 255 936 scelere
263 926 275 947 7
331 892 511 933 discessu
562 904 668 943 mco,
724 890 969 944 reliqionum
1026 890 1123 929 iura
1172 889 1337 942 polluta
1388 893 1502 941 sunt,
1562 890 1699 929 cerati

110 966 239 1006 nostri
271 963 407 1004 Lares
435 962 690 1016 familiares,
724 962 766 1001 iii
801 974 941 1001 corum
973 959 1138 1000 sedibus
1170 959 1471 1012 exaedificatum
1503 960 1694 1014 templum

110 1036 321 1088 Licentioe,
361 1034 512 1088 pulsus
560 1047 586 1073 α
633 1032 816 1072 delubris
863 1032 911 1083 is,
953 1031 1024 1085 qui
1061 1031 1135 1071 ilict
1175 1035 1380 1071 servarat.
1447 1030 1696 1084 Circimispi-

108 1108 183 1147 cite
215 1106 399 1147 celeriter
422 1105 562 1145 animo
594 1103 720 1154 (nihil
753 1103 861 1142 em‘m
888 1102 1044 1153 attinet,
1079 1115 1323 1156 quemquam
1348 1101 1594 1153 nominari),
1627 1102 1698 1155 qm?

107 1179 191 1219 sint
222 1189 362 1217 rerum
395 1176 527 1216 exitus
559 1174 759 1214 consecuti
800 1196 851 1200 —
892 1185 1026 1225 quum
1065 1172 1137 1219 sic,
1185 1173 1375 1224 inquam,
1425 1171 1695 1213 scriberetur.

108 1248 318 1289 Victorius
352 1249 394 1287 et
427 1246 496 1287 alii
529 1245 695 1286 lacunae
727 1245 874 1285 notam
908 1246 1005 1296 post
1035 1256 1163 1296 yram>
1187 1245 1442 1295 posuerunt;
1476 1255 1572 1283 eam
1597 1242 1696 1283 Goe-

109 1320 275 1360 renzius
309 1321 349 1359 et
383 1317 633 1358 Schuetzius
666 1315 945 1363 sustulerunt,
980 1314 1095 1366 quod
1127 1313 1231 1354 nihil
1264 1313 1456 1361 deesset;
1497 1313 1696 1367 VVyiten-

109 1388 287 1429 bachius
334 1400 465 1428 unum
515 1386 772 1427 vocabulum
824 1384 1058 1425 hominibus
1106 1384 1340 1424 desiderari
1384 1383 1607 1431 iudicavi&
1656 1383 1698 1424 in

109 1473 193 1512 quo
231 1460 313 1501 hoc
351 1459 501 1507 sensit,
548 1471 677 1512 [si-(cre
717 1456 773 1497 ad
812 1456 914 1496 deos
956 1468 1042 1496 non
1082 1458 1195 1496 recte
1236 1455 1398 1503 referri,
1449 1454 1519 1508 qui
1567 1467 1696 1507 supra

109 1530 426 1570 contentionem
461 1529 595 1569 evecti
629 1529 786 1576 essent,
822 1527 877 1567 ad
908 1526 1104 1567 homines
1137 1527 1365 1578 pertinere,
1407 1526 1479 1578 qui
1512 1525 1698 1577 superbe

112 1613 157 1640 se
190 1599 465 1641 extollentem
498 1600 568 1640 vix
599 1599 774 1640 ferrent.
838 1597 924 1638 Sed
967 1610 1096 1649 quam
1141 1599 1308 1637 veteres
1352 1596 1408 1636 illi
1452 1595 1594 1636 iudicii
1634 1596 1698 1636 sui

109 1684 286 1711 causam
334 1670 607 1720 habuissent,
657 1682 783 1710 nemo
826 1668 994 1708 videtur
1037 1667 1414 1715 animadvertisse,
1464 1666 1543 1707 nisi
1584 1666 1769 1718 quoi-12:³2

108 1741 350 1794 VVagnerus
382 1741 508 1782 haesit
539 1741 582 1781 in
614 1739 825 1792 particula
857 1744 956 1779 timi.
1021 1738 1081 1779 Ea
1114 1739 1228 1778 enim
1268 1738 1326 1778 sic
1366 1733 1551 1790 ponitur.
1600 1739 1696 1778 tan-

108 1825 238 1865 quam
273 1811 419 1852 Cicero
468 1814 631 1852 certum
679 1813 850 1862 tempus
899 1811 984 1850 iam
1032 1808 1345 1861 significaverit.
1410 1808 1541 1860 Atqui
1586 1822 1697 1860 prae-

107 1883 331 1936 paratione
364 1895 466 1923 usus
501 1884 576 1931 est,
621 1882 812 1922 dicturus
846 1881 898 1921 de
931 1893 975 1920 se
1008 1880 1099 1932 ipse
1132 1879 1377 1932 gloriosius,
1426 1879 1696 1920 nullamdum

108 1968 199 1996 rem
231 1956 395 2006 gestam
431 1965 634 1993 casumve
667 1952 1034 1992 commemoravit.
1097 1950 1247 2002 Itaque
1289 1949 1499 1990 Victorius
1543 1952 1584 1990 et
1627 1950 1697 1990 alii

107 2025 312 2078 temporis
359 2024 490 2072 illius,
540 2036 624 2075 quo
672 2022 875 2075 expulsus
924 2024 1054 2070 esset,
1104 2020 1458 2073 significationem
1507 2019 1697 2072 aliquam

108 2096 378 2149 praecessisse
411 2093 645 2147 putabant;
694 2106 772 2133 nec
810 2094 952 2145 potest
991 2092 1114 2132 aliter
1151 2092 1294 2141 statui,
1343 2092 1378 2132 si
1414 2096 1496 2131 tem}
1532 2094 1696 2131 rectum

111 2163 234 2218 estf)
297 2166 349 2206 Et
380 2168 528 2206 tamen
560 2164 595 2204 si
627 2163 685 2204 sic
728 2163 944 2212 statuitur,
994 2162 1189 2203 abundat
1227 2162 1408 2202 discessu
1448 2175 1548 2201 mco.
1612 2161 1697 2202 Sed

110 2237 181 2290 qui
225 2236 457 2277 attenderit
497 2235 551 2275 ad
591 2234 794 2275 orationis
843 2234 1041 2281 formam,
1090 2235 1314 2285 praeterea,
1363 2235 1409 2273 ut
1456 2245 1569 2273 nunc
1618 2235 1695 2274 est.

108 2309 206 2360 post
241 2306 550 2360 Circmnspicitc
582 2305 625 2345 in
656 2304 774 2345 initio
806 2317 930 2344 novae
970 2303 1207 2353 sententiae,
1256 2303 1330 2343 ubi
1370 2306 1469 2356 post
1510 2304 1695 2356 primam

108 2377 366 2418 narrationis
398 2379 567 2429 partem
599 2376 812 2425 iubentur,
847 2375 919 2427 qui
952 2374 1144 2423 audiunt,
1180 2374 1345 2415 animos
1374 2375 1607 2415 transferre
1642 2375 1695 2415 ad

110 2448 165 2498 id,
199 2448 315 2500 quod
347 2447 500 2488 deinde
534 2449 811 2488 consecutum
845 2447 911 2495 sit,
946 2445 1210 2486 desiderabit
1242 2448 1316 2485 aut
1350 2446 1434 2484 iam
1469 2447 1541 2485 aut
1574 2459 1694 2485 izimo.

111 2518 279 2559 Scilicet
309 2520 402 2559 haec
435 2519 582 2560 Cicero
616 2517 897 2558 coniunxerat
937 2516 1017 2556 hoc
1058 2515 1208 2556 modo:
1261 2516 1396 2566 Quum
1431 2515 1693 2569 perditor-m»

111 2589 261 2629 civium
307 2590 467 2641 scelere,
516 2589 696 2629 discessu
746 2600 830 2627 mco
878 2587 1126 2640 rcliyionvm
1165 2587 1264 2625 iura
1296 2587 1458 2639 polluta
1499 2591 1606 2641 sunt,
1642 2609 1694 2612 —

105 2659 255 2713 pulsus
287 2673 313 2699 (ι
345 2659 528 2700 delubris
562 2661 608 2711 is,
649 2659 719 2713 (1²⁶5
753 2658 827 2698 illa
867 2662 1070 2709 servarat,
1114 2657 1414 2710 circmnspicitc
1448 2659 1526 2697 cet.
1591 2656 1694 2697 Haec

148 2821 176 2866 1)
202 2823 335 2867 Lepide
360 2823 519 2857 Moserus
555 2824 678 2864 „Tuom
711 2822 838 2865 inquit,
879 2821 1045 2855 universe
1078 2821 1332 2855 continuandae
1364 2820 1560 2854 narrationi
1587 2819 1695 2852 inser-

204 2879 289 2916 vit.“
339 2882 450 2926 Atqui
475 2892 622 2916 narrare
648 2881 810 2914 nondum
838 2880 959 2914 Cicero
986 2883 1152 2924 eoeperat.
