1915 3235
823 129 908 170 203

73 257 192 312 37.¹)
255 260 470 302 Ciceronis
502 260 637 300 verba
668 260 710 300 in
749 259 941 300 oratione
982 260 1130 299 contra
1168 257 1342 298 Rullum
1383 257 1571 297 secunda
1605 256 1657 309 (c.

73 329 146 383 27)
178 344 263 372 non
292 331 444 382 opinor
474 343 587 370 nunc
610 343 872 382 quemquam
905 330 948 370 in
980 342 1076 370 eam
1109 328 1367 369 sententiam
1399 330 1657 380 pervertere,

70 404 119 441 ut
150 401 202 441 de
235 401 427 453 suffragii
459 400 690 441 amissione
723 413 884 448 eorum,
927 400 998 452 qui
1030 400 1074 440 in
1107 399 1293 440 colonias
1326 398 1449 447 irent,
1485 399 1659 450 capian-

70 474 153 521 tur,
187 484 319 524 quum
353 470 538 511 oratorie
572 473 880 511 enumerentur
911 470 1030 511 urbis
1063 469 1303 518 commoda,
1338 468 1493 520 quibus
1518 469 1659 509 minus

70 542 153 582 frui
185 542 351 594 possint
383 541 496 581 cives
529 541 768 594 longinqui;
816 541 926 581 inter
966 553 1061 592 quae
1103 543 1226 580 erant
1257 552 1360 579 sane
1394 535 1659 591 suffragia.‘·’)

69 612 166 653 Non
198 615 275 662 est,
325 612 489 665 opinor,
539 611 697 652 diutius
737 612 780 651 in
811 611 877 651 his
910 610 1175 662 argumentis
1209 609 1453 650 refellendis
1485 622 1660 650 moran—

71 682 196 730 dum3
244 682 315 722 illa
353 682 578 723 Videamus
617 682 876 729 testimonia,
927 694 1022 734 quae
1054 681 1109 729 id,
1159 680 1274 733 quod
1307 693 1359 720 ex
1391 681 1484 732 ipsa
1515 693 1661 720 rerum

70 755 227 793 natura
259 751 380 804 sequi
403 755 504 793 ante
527 752 807 802 ostendimus,
842 753 1097 793 auctoritate
1123 764 1210 792 non
1234 751 1364 791 tacita
1391 750 1659 791 confirmant.

74 823 136 864 Ex
169 823 324 876 quibus
357 823 462 863 illud
495 823 658 872 omitto,
694 823 808 876 quod
840 822 957 876 apud
989 822 1239 875 Dionysium
1265 822 1452 862 Halicar.
1487 821 1570 874 (VI,
1606 821 1659 861 63

70 896 115 934 et
145 893 230 943 VII,
279 891 353 945 53)
400 894 589 946 positum
635 893 679 935 in
726 895 991 935 orationibus
1040 893 1168 945 Appii
1217 893 1268 932 de
1317 892 1570 933 revocandis
1619 893 1661 932 in

68 964 221 1004 Urbem
269 964 428 1005 colonis
477 963 575 1016 (Τούς
601 968 638 1001 ἐκ
672 971 743 1001 τῶν
775 973 959 1013 φρουρίων
983 965 1303 1013 Au&navigasiniit&(irc
1329 968 1387 999 καὶ
1415 965 1496 1004 τούς
1521 966 1561 1000 ἐν
1586 968 1661 1004 ταῖς

68 1033 523 1087 α’ποικίαιςιῖνακαλιῦ,ιιυ’)
567 1036 702 1077 multo
745 1049 849 1077 sane
891 1036 1045 1076 melius
1087 1035 1172 1075 huc
1216 1035 1479 1083 traheretur,
1528 1046 1656 1085 quam

69 1119 154 1158 quo
185 1105 445 1146 Niebuhrius
480 1107 610 1147 traxit
642 1106 658 1146 I
690 1120 730 1159 p.
765 1107 850 1147 <335
883 1107 950 1146 ed.
984 1106 1023 1146 2.
1080 1106 1191 1149 Nam
1225 1105 1306 1145 illis
1338 1104 1529 1157 Dionysii
1563 1117 1658 1144 ora-

67 1176 255 1216 tionibus
288 1176 332 1216 in
365 1177 602 1228 quaestione
634 1177 837 1218 historica
876 1177 936 1217 uti
970 1177 1097 1229 plane
1131 1189 1217 1216 non
1249 1172 1407 1227 licet.³)
1470 1175 1557 1215 Nec
1590 1174 1660 1215 illo

67 1250 176 1295 utor,
218 1246 332 1299 quod
364 1247 592 1300 Dionysius
625 1249 668 1288 in
699 1247 841 1301 priore
875 1248 1068 1289 oratione
1101 1247 1229 1299 Appii
1263 1246 1346 1298 (VI,
1381 1245 1453 1297 63)
1488 1245 1659 1286 colonos

68 1329 199 1357 censu
231 1317 386 1357 civium
419 1318 717 1360 Romanorum
763 1318 1102 1371 comprehendit.
1167 1318 1277 1358 Nam
1318 1317 1427 1357 adeo
1467 1319 1531 1356 est
1569 1317 1660 1368 ipse

66 1386 326 1437 inconstans,
368 1390 426 1438 ut,
468 1389 533 1429 ius
567 1389 790 1430 hominum
825 1402 875 1429 ex
909 1402 958 1430 eo
992 1393 1160 1429 tantum
1196 1388 1392 1435 metiens,
1442 1390 1585 1427 utrum
1619 1388 1660 1427 in

66 1458 174 1498 urbe
206 1471 262 1498 an
294 1461 415 1499 extra
448 1471 544 1499 63111
582 1460 792 1509 habitent,
834 1460 935 1501 alibi
975 1460 1149 1500 eosdem
1184 1458 1282 1512 (τούς
1320 1462 1359 1495 ἐν
1392 1466 1660 1507 ,κρυμο-ιομῳιῃ

104 1655 131 1698 ¹)
158 1658 301 1692 Veritus
335 1670 434 1698 sum,
474 1669 520 1692 ne
553 1659 633 1702 quis
665 1663 922 1702 argumentum
957 1662 1117 1693 sumeret
1150 1670 1193 1692 ex
1226 1657 1344 1691 verbis
1376 1658 1498 1691 Rotliii
1531 1658 1590 1699 (de
1624 1668 1660 1691 re

161 1728 259 1750 mun.
287 1729 320 1761 p.
350 1717 393 1749 18
426 1716 513 1757 not.)
548 1718 591 1750 de
625 1718 702 1761 ipsa
736 1729 783 1758 re,
823 1730 934 1762 quam
968 1722 1108 1758 tractat,
1148 1717 1333 1751 verissime
1365 1717 1506 1761 positis:
1550 1717 1659 1757 „Cum

153 1778 308 1820 populos
333 1777 424 1810 dixit
451 1776 584 1817 Cicero,
612 1777 763 1810 exclusit
789 1788 831 1811 eo
858 1778 936 1821 ipso
963 1777 1140 1811 vocabulo
1167 1781 1202 1811 et
1226 1775 1427 1820 segregavit
1447 1775 1658 1819 municipia:

160 1835 237 1869 haec
263 1835 360 1869 enim
386 1835 510 1879 populi
536 1836 693 1869 Romani
718 1836 834 1870 sunt.“
876 1836 972 1870 Dixit
999 1836 1096 1870 enim
1122 1835 1253 1879 plurali
1279 1846 1431 1869 numero
1459 1839 1493 1868 et
1506 1836 1660 1877 populos

160 1896 282 1928 socios.
334 1895 469 1928 Eodem
507 1895 615 1928 modo
654 1906 710 1928 res
737 1896 892 1938 publicoe
931 1895 1211 1939 municipiorum
1250 1894 1380 1938 saepius
1413 1894 1659 1934 nominantur,

159 1953 259 1987 velut
286 1953 354 1987 Cic.
383 1954 427 1987 ad
454 1953 553 1987 Fam.
580 1954 672 1994 XIII,
701 1953 754 1987 11.

103 2010 130 2054 ²)
164 2014 230 2046 Vos
256 2024 347 2056 vero,
379 2014 546 2055 Quirites,
574 2015 716 2046 retinete
743 2015 848 2046 istam
868 2015 1126 2056 possessionem
1151 2015 1290 2056 prame,
1317 2013 1502 2054 libertatis,
1528 2013 1660 2054 suffr-‹1-

157 2073 311 2115 yiorum,
350 2073 548 2115 diynitatis,
587 2072 698 2114 *zm-bis,
734 2073 819 2115 fori,
857 2073 1036 2113 ludorum,
1073 2073 1244 2114 festormn
1278 2073 1427 2114 dierum,
1467 2076 1658 2104 ceterorum

159 2133 319 2164 omniu-m
345 2132 617 2164 commodorum.

103 2186 133 2231 ³)
158 2189 315 2224 Omnino
333 2189 445 2231 Livio,
472 2190 599 2223 Latine
626 2188 806 2229 scribenti,
835 2189 900 2223 etsi
927 2193 1092 2223 veterum
1119 2190 1264 2223 illorum
1290 2189 1578 2223 decemvirorum
1604 2189 1660 2222 tri-

161 2248 418 2292 bunorumque
444 2252 480 2283 et
506 2249 661 2282 aliorum
687 2248 869 2282 orationes
900 2259 973 2281 non
1001 2259 1044 2281 ex
1070 2248 1231 2292 reliquiis
1257 2248 1377 2281 nescio
1404 2248 1535 2291 quibus
1562 2258 1660 2281 vera-

160 2317 241 2340 rum
269 2307 472 2341 orationum
501 2307 822 2351 componebantur,
851 2318 940 2350 quas
960 2307 1088 2340 litteris
1108 2308 1305 2341 nemodum
1327 2307 1571 2351 consignabat,
1599 2306 1660 2339 sed

160 2365 273 2410 ipsius
299 2366 442 2409 ingenio
468 2367 708 2410 fingebantur,
748 2369 869 2399 tamen
904 2365 1066 2399 accidere
1093 2369 1235 2410 poterat
1261 2369 1296 2399 et
1322 2366 1450 2400 accidit
1476 2377 1581 2409 saepe.
1621 2369 1661 2398 ut

160 2424 305 2468 propria
337 2425 504 2468 quaedam
537 2425 664 2464 verba,
703 2425 835 2458 veteris
873 2424 1028 2458 instituti
1067 2425 1282 2459 memoriam
1315 2424 1577 2465 conservantia,
1618 2435 1660 2457 ex

161 2484 506 2517 commentariorum
527 2487 562 2518 et
582 2484 769 2517 annalium
784 2484 885 2517 libris
906 2483 1059 2527 repetita
1079 2487 1241 2527 poneret,
1261 2494 1327 2517 nec
1340 2483 1508 2517 Romano
1522 2482 1661 2516 homini

161 2546 236 2576 tam
262 2543 429 2586 proclivis
456 2546 533 2576 erat
559 2554 581 2576 a
605 2543 861 2586 probabilitate
887 2542 1078 2576 aberratio.
1125 2542 1329 2586 Dionysius,
1357 2543 1479 2576 rhetor
1508 2546 1543 2576 et
1569 2542 1661 2576 Grae-

161 2612 241 2642 cus,
280 2601 537 2635 incredibiliter
581 2602 616 2635 in
655 2601 724 2635 illis
762 2601 986 2635 orationihus
1031 2601 1170 2645 ineptit.
1232 2601 1407 2645 Exemplo
1452 2601 1524 2635 sint
1561 2601 1660 2634 Metti

161 2660 305 2694 Fuffetii
331 2664 367 2694 et
392 2660 486 2694 Tulli
512 2660 655 2694 Hostilii
688 2660 869 2694 orationes
896 2659 1019 2694 Graeca
1052 2660 1254 2694 eruditione
1287 2659 1428 2694 refertae
1454 2660 1513 2701 III,
1550 2660 1594 2692 10
1627 2664 1660 2693 et

163 2719 216 2753 11.
267 2719 347 2763 Ipse
373 2720 556 2753 interdum
583 2719 618 2753 id
644 2718 753 2752 sentit
786 2721 820 2752 et
853 2718 1009 2752 colorem
1041 2719 1200 2762 aliquem
1232 2718 1403 2753 inducere
1435 2718 1556 2752 studet
1582 2717 1659 2758 (cfr.

161 2778 220 2819 XI,
250 2777 318 2820 14).
368 2778 446 2812 Non
472 2778 626 2812 libenter
652 2777 808 2811 insector
833 2781 993 2811 veterem
1020 2778 1244 2822 scriptorem,
1279 2789 1389 2821 quem
1414 2777 1531 2811 multa
1557 2787 1660 2810 exon>

161 2840 260 2877 sant;
287 2837 349 2871 sed
376 2848 502 2871 eorum
529 2841 583 2870 est
608 2837 724 2880 culpa,
752 2836 824 2880 qui,
852 2836 968 2879 qualis
987 2840 1052 2878 est,
1079 2837 1191 2870 talem
1209 2836 1335 2870 haberi
1352 2836 1492 2876 nolunt,
1521 2835 1660 2879 quoties

162 2895 248 2939 ipsis
274 2896 507 2930 commodum
534 2899 598 2929 est.
638 2894 871 2938 [Niebuhrius
897 2895 946 2928 III
971 2906 1006 2939 p.
1033 2895 1101 2928 614
1128 2898 1202 2929 not.
1229 2895 1339 2929 etiam
1365 2894 1553 2928 rhetoricis
1579 2893 1660 2927 arti-

161 2953 251 2988 ficiis
277 2954 489 2998 Dionysium
516 2954 671 2988 abusum
699 2957 815 2998 negat.
868 2952 986 2996 1834]

1680 555 1730 579 250
