1915 3235
148 2246 198 2269 :315⁴

983 120 1070 161 402

225 248 431 289 indicium
465 248 775 300 postulaturus,
810 248 925 301 quod
948 248 1222 299 Garatonius,
1256 249 1291 291 si
1322 253 1438 292 recte
1471 252 1656 292 obscura
1688 253 1824 294 verba

226 320 362 372 capio,
396 319 604 360 intellexit
637 319 689 360 de
722 319 954 361 indicanda
989 320 1170 361 Caesaris
1205 322 1246 361 et
1277 321 1435 362 Vatinii
1460 321 1625 363 fraude.
1674 323 1820 375 Atqui,

226 403 322 443 quae
355 392 594 442 sequuntur
619 389 835 431 Ciceronis
868 390 1003 431 verba
1036 390 1089 431 de
1121 390 1286 432 iudiciis
1318 394 1412 432 tum
1445 391 1611 442 futuris,
1646 406 1822 445 prorsus

224 461 283 502 ita
317 462 452 513 accipi
496 463 664 510 vetant3
713 474 815 502 nam
854 474 934 502 nec
967 461 1113 502 Caesar
1151 475 1231 503 nec
1262 463 1458 504 Vatinius
1490 465 1534 505 in
1565 463 1822 517 magistratu

224 532 417 573 accusari
449 534 664 585 poterant.
727 531 873 573 Potuit
904 532 1033 585 igitur
1064 532 1261 575 Vatinius
1294 534 1419 584 ferre,
1455 537 1503 576 ut
1534 534 1675 575 Vettio
1708 534 1820 575 indi-

224 605 334 644 cium
367 608 478 652 esset,
527 603 571 644 id
613 605 689 652 est,
738 605 931 655 potestas
975 603 1146 656 publice
1189 605 1306 657 apud
1349 605 1649 658 magistratum
1691 605 1747 646 ad
1778 605 1823 646 id

227 675 507 716 constitutum
540 673 757 714 indicandi
791 687 889 714 cum
921 675 1181 727 impunitate
1215 678 1257 716 et
1284 676 1541 724 commodis;
1575 689 1660 728 (suo
1693 689 1824 717 sensu

226 745 426 786 indicium
461 745 561 785 clari
594 746 748 786 dicitur
779 745 922 786 Divin.
956 744 999 785 in
1032 745 1172 786 Caecil.
1207 759 1241 786 c.
1278 747 1344 795 11,
1379 746 1447 796 34,
1481 746 1686 788 indicium
1719 748 1824 787 acei-

216 830 320 870 pere
360 816 477 869 apud
508 816 757 869 Ulpianum.
821 816 1035 869 Apparet,
1085 817 1245 858 sensim
1292 817 1552 858 vocabulum
1599 817 1825 859 transferri

224 888 280 929 ad
313 888 682 940 significationem,
726 900 813 928 non
857 885 1122 940 singulorum
1163 888 1442 941 praemiorum
1482 887 1646 941 (itaque
1678 890 1823 930 tauto-

226 959 337 1012 logia
369 971 456 1000 non
499 960 576 1008 est,
626 958 742 1011 quod
780 958 954 999 additur
985 959 1172 1012 prcemia
1212 958 1504 1013 cmnplissima),
1553 960 1628 1000 sed
1676 961 1825 1000 tamen

222 1030 412 1071 universi
457 1029 672 1071 commodi
716 1042 767 1070 ex
811 1029 966 1070 indicio
1014 1029 1186 1082 publice
1224 1043 1310 1071 non
1349 1033 1494 1083 spreto
1525 1030 1823 1072 redundantis.

222 1101 311 1142 Nec
344 1102 455 1142 bene
489 1101 747 1142 Garatonius
780 1101 823 1140 in
857 1100 1078 1142 Ciceronis
1110 1100 1203 1142 loco
1235 1114 1314 1153 pro
1346 1101 1473 1142 Rosc.
1497 1101 1595 1142 Am.
1620 1102 1688 1151 37,
1725 1102 1821 1152 107,

223 1172 515 1213 Facciolatum
564 1185 763 1224 sequens,
813 1171 962 1212 indic-2⁴25
1002 1176 1173 1225 partem
1221 1173 1406 1225 accipere
1443 1175 1574 1226 negat
1613 1173 1666 1214 de
1706 1173 1828 1223 lucro>

223 1242 366 1283 indicii
416 1245 458 1283 et
506 1243 733 1284 commodo
781 1242 1081 1295 accipiendum
1131 1255 1245 1292 esse,
1294 1242 1499 1295 iubetque
1547 1244 1723 1297 intelligi
1770 1244 1824 1285 de

221 1316 345 1366 parte
377 1313 590 1355 bonorum
633 1314 933 1364 indicatorum,
985 1327 1069 1366 quo
1113 1313 1353 1366 significatu
1395 1314 1532 1356 multo
1571 1314 1822 1356 insolentius

222 1385 452 1426 diceretur.

343 1456 506 1497 Eodem
540 1457 679 1509 capite
712 1455 735 1507 ἓ
769 1456 821 1496 27
856 1469 957 1508 pro:
1006 1456 1161 1496 multas
1201 1456 1326 1496 etiam
1366 1456 1477 1497 alias
1507 1456 1670 1497 tulisses
1701 1458 1816 1497 recte

220 1527 263 1568 in
294 1527 392 1568 Par.
427 1529 470 1568 et
501 1526 627 1568 Bern.
662 1529 740 1577 est,
782 1526 897 1579 quod
929 1526 1166 1568 Lambinus
1201 1526 1353 1567 edidit:
1401 1527 1558 1573 multas
1589 1527 1697 1577 iam3
1744 1540 1824 1568 nec

221 1598 337 1639 aliud
384 1598 595 1651 significat
640 1597 847 1638 mendum
888 1597 1044 1639 codicis
1085 1597 1171 1638 Erf.
1205 1598 1514 1638 multamsuam.
1581 1597 1724 1638 Etiam
1757 1597 1818 1639 sic

221 1669 446 1719 diceretur,
494 1671 704 1721 tanquam
746 1670 905 1721 praeter
948 1681 1044 1709 eam
1083 1668 1222 1721 legem
1262 1669 1368 1710 alias
1400 1668 1589 1717 tulisset;
1638 1670 1683 1709 at
1716 1681 1815 1709 eam

219 1740 411 1781 nondum
444 1739 615 1789 tulerat,
649 1739 946 1792 promulgarat
977 1741 1168 1789 tantum;
1202 1739 1309 1780 alias
1340 1739 1498 1780 multas
1530 1739 1618 1780 iam
1642 1739 1815 1780 tulerat.

219 1811 474 1864 Asyndeton
507 1810 662 1851 durum
697 1823 790 1851 esse
822 1810 866 1850 in
897 1810 1024 1851 huius
1049 1812 1092 1851 et
1112 1811 1346 1863 superioris
1369 1809 1594 1851 sententiae
1618 1809 1820 1851 coniunc-

219 1883 348 1932 tione,
396 1895 483 1923 non
519 1895 642 1934 nego,
693 1885 735 1922 et
775 1880 982 1921 excidisse
1022 1881 1280 1933 particulam
1318 1881 1482 1936 opinor.
1545 1880 1681 1922 Paulo
1720 1882 1820 1933 post

220 1952 260 2004 (ἓ
284 1951 370 2005 28),
404 1952 479 1993 ubi
513 1953 642 1993 ceteri
675 1952 800 1993 valde
823 1951 1096 1992 incommode
1120 1952 1328 1993 edebant:
1364 1951 1562 2006 Nihilque
1589 1950 1818 2001 Maximus,

220 2023 403 2064 Orellius
436 2023 589 2064 edidit:
639 2022 761 2063 Nihil
796 2023 841 2074 Q.
876 2022 1106 2072 Mammas,
1146 2023 1327 2064 reducta
1367 2035 1471 2064 sane
1505 2036 1557 2063 ea
1588 2021 1814 2074 scriptura,

220 2107 271 2135 ex
315 2107 401 2147 qua
437 2094 625 2147 vulgaris
668 2094 741 2135 illa
775 2096 873 2135 orta
907 2097 985 2135 est.
1051 2094 1136 2135 Sed
1178 2094 1290 2135 hanc
1332 2094 1472 2146 ipsam
1514 2093 1820 2146 interpolatam

220 2179 313 2206 esse
346 2179 425 2206 nec
457 2178 708 2218 praenomen
739 2166 783 2206 in
816 2165 960 2206 codice
996 2165 1231 2218 archetypo
1264 2165 1409 2213 fuisse,
1450 2166 1650 2217 apertum
1685 2163 1734 2204 fit
1765 2176 1817 2204 ex

221 2248 433 2277 consensu
464 2236 576 2286 Par,
611 2236 751 2285 Bern.,
786 2235 886 2286 Erf.,
922 2235 1059 2277 Oxon.
1092 2236 1219 2277 unius
1245 2234 1494 2288 (Lambini).
1541 2235 1678 2276 Recte
1704 2247 1818 2287 prae-

219 2319 378 2347 nomen
427 2306 601 2347 additur
646 2307 777 2359 paulo
826 2309 938 2357 ante,
988 2307 1062 2348 ubi
1109 2307 1297 2359 primum
1345 2306 1612 2355 nominatur,
1662 2304 1817 2346 deinde

221 2377 445 2418 omittitur.
496 2378 595 2418 Mox
628 2377 833 2430 quicquid
867 2382 931 2418 est
964 2378 1160 2418 codicum
1192 2378 1346 2418 habet:
1382 2378 1584 2431 invaqines
1612 2376 1751 2430 patris
1783 2379 1819 2416 et

217 2448 376 2500 fratris
422 2449 489 2488 sui
532 2448 767 2502 fratrisque
810 2447 947 2501 filiam
996 2472 1048 2475 —
1097 2449 1350 2489 collocatcmz.
1434 2447 1618 2489 Rettulit
1672 2448 1817 2488 orator

221 2519 480 2559 adiectivum
514 2519 570 2559 ad
603 2518 770 2571 dignius
805 2521 847 2559 et
878 2519 1069 2572 propius.

338 2589 540 2641 Sequitur
572 2589 689 2630 locus
722 2589 904 2630 difficilis
937 2590 981 2630 in
1014 2603 1049 2631 c.
1085 2590 1152 2639 12,
1193 2590 1262 2639 29,
1304 2589 1379 2630 ubi
1418 2588 1470 2630 de
1511 2587 1698 2629 collectis
1737 2600 1814 2640 per

220 2660 384 2701 scelera
428 2662 470 2700 et
510 2659 686 2700 iniurias
719 2674 745 2701 a
776 2661 947 2702 Vatinio
990 2662 1034 2701 in
1076 2661 1301 2701 tribunatu
1345 2659 1501 2701 divitiis
1544 2659 1690 2699 dicens
1731 2658 1814 2699 hoc

219 2744 389 2783 quoque
422 2730 562 2783 ponit:
612 2731 868 2783 eripuerisne
897 2737 1040 2785 partes
1071 2732 1142 2772 illo
1174 2736 1352 2785 tempore
1383 2730 1627 2771 carissimas
1650 2729 1812 2783 partim

221 2817 246 2842 (ι
282 2801 447 2842 Coesccre
470 2802 635 2854 partim
679 2815 705 2841 α
730 2801 1000 2854 publicanis?
1044 2802 1204 2842 Verum
1244 2814 1351 2854 quas
1391 2803 1537 2853 partes
1578 2813 1603 2841 a
1643 2800 1812 2841 Caesare

221 2872 394 2913 consule
427 2874 468 2912 et
500 2871 739 2924 publicanis
784 2873 947 2924 eripere
992 2872 1193 2925 potuerit,
1241 2885 1328 2913 non
1370 2871 1507 2923 magis
1549 2870 1809 2923 intelligitur,

221 2956 365 2995 quani,
414 2943 469 2983 ad
512 2942 626 2994 quod
672 2943 812 2983 minus
856 2943 1135 2984 attenderunt
1174 2943 1443 2995 interpretes,
1493 2955 1692 2994 quaenam
1726 2940 1810 2982 sint
