1915 3235
831 101 915 142 393

81 232 116 273 si
154 231 214 272 ita
253 233 330 280 est,
371 233 573 283 corrupta
605 233 706 272 sunt
743 230 877 272 verba
923 243 1006 270 non
1038 229 1157 270 aliud
1188 231 1253 280 sit,
1301 229 1491 282 latetque
1524 230 1666 271 adiec-

80 302 154 343 tivi
194 300 525 354 comparativus,
575 301 693 341 cuius
736 303 929 341 extrema
973 300 1115 341 littera
1157 314 1176 341 s
1215 313 1348 353 quum
1387 301 1442 342 ob
1484 301 1666 342 eandem

81 374 335 425 sequentem
368 371 523 412 extrita
555 376 670 412 esset
701 371 954 423 initiumque
986 369 1184 411 vocabuli
1219 375 1481 423 corruptum,
1515 373 1666 412 natum

81 447 144 483 est
190 442 294 483 illud
340 455 422 482 non
469 441 601 482 aliud.
662 441 919 482 Rectissime
965 440 1092 493 igitur
1138 442 1346 482 hactenus
1394 441 1666 482 Schuetzius:

80 513 303 567 optabilius
334 513 407 561 εἰῶ
455 512 532 554 sed
563 512 728 564 longius
761 510 940 552 discedit
972 511 1027 552 ab
1061 511 1251 564 antiquae
1282 512 1505 564 scripturae
1537 512 1667 553 vesti-

79 585 169 637 giis,
203 596 344 636 neque
375 582 552 637 optabile
583 582 687 623 illud
720 595 812 623 esse
845 584 944 634 apte
968 581 1050 622 dici
1071 581 1254 622 videtur.
1301 582 1448 623 Potuit
1470 581 1631 622 NALI
1635 582 1672 623 U

80 655 179 696 oriri
212 654 395 695 fortasse
428 667 480 694 ex
512 652 637 693 MAI
642 653 689 703 U,
723 653 766 693 id
799 655 863 693 est
894 653 1044 693 maius.
1095 652 1193 702 Sed,
1226 654 1324 693 utut
1354 652 1435 693 hoc
1469 655 1546 702 est,
1580 653 1667 694 for-

80 738 196 766 mam
230 727 345 765 certe
377 723 581 766 orationis
614 726 657 764 et
688 723 947 764 sententiam
979 719 1237 775 tenemus.¹)

197 795 242 836 C.
276 795 330 836 68
365 797 555 836 extremo
587 794 879 847 recipiendum
915 806 1008 834 esse
1040 793 1210 834 videtur
1241 805 1294 833 ex
1326 793 1543 834 codicibus
1568 793 1666 834 Par.

79 868 122 906 et
152 865 331 906 Bernn.:
365 866 482 906 culus
514 878 681 918 corpore
714 864 898 906 ambusto
930 865 1058 905 ‘vitam
1091 864 1178 904 eius
1210 868 1245 904 et
1275 864 1468 904 virtutem
1499 865 1667 904 immor-

78 936 222 977 talitas
254 937 454 990 excepisse
485 935 666 985 dicatam,
714 938 762 976 ut
793 936 847 976 sit
878 935 988 975 fere:
1035 935 1185 989 quippe
1224 948 1349 989 quum
1380 948 1549 988 corpore
1582 935 1668 975 eius

20 1015 23 1017 “
80 1007 264 1047 (conbuslo
297 1010 375 1048 cet.
438 1007 549 1047 Nam
597 1006 858 1059 reliquorum
905 1005 1131 1046 meliorum
1181 1005 1375 1045 codicum
1422 1005 1667 1046 testimonio

54 1077 356 1118 'indicativum
390 1077 575 1125 defendi,
609 1090 764 1129 parum
798 1076 1001 1117 credibile
1034 1078 1111 1116 est.
1160 1075 1330 1127 Opponi
1362 1076 1533 1128 poterit,
1566 1089 1667 1128 pro-

78 1148 250 1189 nomine
284 1149 371 1189 εἰπε·
403 1147 518 1201 (post
549 1145 683 1199 cuius)
717 1147 883 1188 adiecto
922 1147 1181 1187 sententiam
1220 1147 1357 1198 magis
1391 1159 1417 1187 a
1448 1146 1668 1198 superiore

79 1219 202 1270 quasi
243 1218 416 1260 dissolvi
457 1221 499 1259 et
538 1231 615 1270 per
662 1231 706 1258 se
755 1217 836 1258 dici
882 1217 1030 1258 videri.
1095 1216 1180 1257 Sed
1211 1216 1293 1258 isto
1326 1217 1454 1258 modo
1488 1217 1666 1258 demon·
1688 1228 1739 1252 50⁷

78 1289 306 1330 strativum
352 1292 451 1342 post
500 1289 727 1329 relativum
781 1289 824 1328 in
878 1289 960 1328 hac
1015 1287 1326 1328 sententiarum
1379 1287 1669 1340 implicatione

78 1360 234 1412 saepius
268 1360 475 1400 abundat.

198 1430 243 1471 C.
277 1430 345 1479 69,
382 1430 465 1471 145
498 1429 717 1470 scribitur:
759 1442 828 1483 eqo
852 1429 1003 1482 pulsus
1037 1429 1139 1479 aris,
1179 1428 1298 1480 focis,
1340 1428 1407 1468 <lis
1431 1427 1669 1481 penatibus,

72 1500 304 1541 distractus
336 1515 363 1541 α
394 1501 508 1552 meis,
542 1501 663 1540 carui
686 1500 851 1553 patria,
884 1513 1022 1554 quam,
1065 1503 1106 1539 ecl
1138 1499 1340 1539 levissime
1373 1498 1526 1551 (licam,
1566 1503 1671 1539 certe

78 1576 261 1611 texeram
293 1576 372 1612 cet.
434 1570 710 1612 Manifestum
745 1572 890 1610 autem
923 1569 1130 1610 mendum
1170 1572 1235 1610 est
1273 1569 1316 1609 in
1355 1568 1425 1610 illo
1465 1573 1670 1617 terei-anm

77 1654 179 1683 nam
211 1644 258 1682 ut
291 1642 539 1691 concedam,
589 1646 720 1696 {effere
751 1654 839 1681 rem
864 1640 1079 1698 publicam
1112 1640 1312 1681 Latinum
1346 1653 1452 1689 esse,
1502 1640 1554 1681 de
1587 1653 1671 1693 quo

77 1712 202 1753 valde
235 1709 444 1765 dubit02),
492 1715 641 1753 tamen
681 1712 762 1752 hoc
805 1724 891 1752 non
935 1711 1137 1752 levissime
1181 1711 1346 1759 dicitur,
1396 1711 1472 1751 sed
1504 1711 1576 1761 ita,
1625 1713 1671 1751 ut

76 1783 181 1823 nihil
213 1784 349 1835 possit
380 1783 723 1836 magnificentius
764 1782 844 1831 vel,
893 1782 928 1823 si
968 1783 1105 1831 malis,
1155 1782 1386 1823 iactantius
1427 1781 1522 1821 dici.
1584 1781 1671 1822 Nec

78 1853 245 1894 codices
280 1867 377 1895 eam
411 1854 667 1906 scripturam
700 1853 884 1901 habent;
916 1866 1019 1893 nam
1053 1853 1096 1893 in
1129 1853 1255 1893 Bern.
1288 1852 1430 1904 priore
1465 1856 1529 1892 est
1561 1857 1671 1892 certa

80 1925 315 1965 detexeram
363 1924 423 1977 (in
473 1925 607 1966 altero
655 1928 766 1964 certa
807 1922 1051 1975 demerem),
1100 1924 1143 1963 in
1184 1923 1415 1963 Parisiensi
1449 1922 1672 1962 certadeie-

79 1999 276 2035 teoeeram.
340 1995 595 2036 Emendatio
629 1994 760 2035 dubia
793 1996 877 2043 est;
919 1993 1174 2043 occurrebat
1206 1993 1451 2048 dilexercmg,
1485 1993 1672 2045 vestigiis

79 2065 273 2107 codicum
306 2066 573 2118 proximum;
622 2065 699 2106 sed
740 2064 866 2105 nimis
906 2077 1029 2117 paene
1069 2064 1162 2104 leve
1195 2063 1377 2113 videtur,
1428 2065 1470 2103 et
1501 2063 1672 2115 requiro

78 2124 273 2186 verbum,
309 2150 392 2189 quo
426 2137 549 2186 actio,
583 2149 670 2177 non
703 2135 872 2176 animus
905 2135 1179 2187 significetur.

196 2207 401 2248 Extrema
433 2206 617 2259 denique
651 2206 856 2255 oratione,
906 2204 929 2257 ξ
964 2206 1061 2256 146,
1109 2205 1347 2246 tollendum
1393 2207 1458 2245 est
1489 2217 1672 2256 parvum

77 2277 296 2327 mendum,
345 2278 422 2319 sed
461 2277 578 2330 quod
616 2279 754 2318 totam
794 2278 1042 2329 corrumpat
1080 2276 1353 2316 sententiam.
1417 2275 1527 2315 Dicit
1559 2275 1673 2315 enim

77 2347 236 2398 Cicero,
285 2351 332 2390 ut
370 2361 483 2389 nunc
522 2348 695 2400 quidem
736 2347 954 2388 scribitur:
1004 2346 1091 2401 qu
1132 2360 1224 2387 ‘cero
1260 2360 1325 2387 cos
1366 2346 1415 2386 in
1446 2346 1557 2386 omni
1586 2345 1674 2398 for-

77 2423 193 2471 tuma,
226 2433 475 2474 qucecunque
507 2420 586 2460 erit
617 2418 768 2471 oblata,
803 2418 1061 2471 complectcm·,
1097 2431 1167 2458 nec
1200 2431 1261 2458 me
1287 2418 1338 2458 ab
1364 2418 1430 2470 iis,
1464 2430 1562 2472 quos
1585 2430 1670 2456 meo

77 2490 238 2529 nomine
268 2489 505 2530 sordidatos
549 2489 705 2541 ridelis,
756 2502 938 2543 unquam
983 2489 1073 2529 ulla
1110 2488 1291 2541 fortuna
1333 2488 1509 2529 divellet.
1572 2487 1676 2528 Mire

112 2687 139 2730 ¹)
166 2687 363 2731 [Debuerat
398 2693 433 2723 et
464 2700 485 2723 a
518 2700 576 2723 me
608 2692 644 2722 et
675 2689 720 2722 ab
752 2688 830 2722 aliis
862 2687 977 2721 teneri
1010 2687 1189 2722 Schuetzii
1217 2687 1422 2722 emendatio
1449 2687 1603 2730 simplex
1639 2693 1674 2722 et

168 2751 275 2781 recta.

111 2803 141 2847 ²)
171 2745 296 2850 Teyerlz
322 2807 475 2850 aliquem
501 2806 640 2847 dicitur,
667 2806 797 2840 deinde
821 2805 901 2849 (pro
928 2805 1052 2840 Planc.
1079 2804 1172 2848 init.)
1198 2812 1310 2849 teyere
1335 2806 1485 2839 salutem
1511 2809 1542 2837 et
1565 2805 1672 2837 vitam

169 2866 338 2903 alicuius;
378 2865 560 2898 abstracta
590 2864 646 2906 (ut
677 2868 800 2898 nostro
827 2875 927 2898 more
952 2863 1101 2908 loquar)
1136 2864 1235 2898 notio
1262 2864 1314 2898 rei
1339 2863 1493 2907 publicae
1518 2862 1555 2896 in
1581 2862 1675 2896 hanc

167 2923 361 2967 imaginem
387 2924 447 2958 vix
473 2922 607 2958 includi
634 2926 764 2968 potest.
