1915 3235
114 355 163 380 197

122 2583 171 2607 198

944 139 1028 181 558

184 274 319 315 Recte
352 271 629 313 Achaintrius
661 275 702 311 et
727 270 965 322 Rupertius
998 269 1106 310 duos
1138 271 1398 322 posteriores
1430 270 1579 311 sedem
1611 284 1787 324 permu÷

184 348 277 385 tare
310 344 551 390 iusserunt3
593 343 743 383 contra
777 353 884 393 quos
919 340 991 392 qui
1025 340 1272 392 disputavit,
1307 341 1353 382 E.
1388 340 1436 382 G.
1470 341 1698 392 Weberus,
1740 345 1789 384 ut

185 427 314 467 saepe,
361 413 464 466 quid
497 412 781 465 quaerendum
816 413 942 460 esset,
991 424 1077 451 non
1110 411 1330 452 intellexit.
1394 411 1507 462 Quid
1540 412 1654 453 enim
1688 414 1790 465 agat

187 486 339 527 Maura
372 485 416 525 in
447 483 623 535 vulgata
657 483 883 535 scriptura,
926 482 1001 522 ubi
1044 494 1131 522 una
1166 481 1307 522 Tullia
1340 482 1599 524 Pudicitiam
1632 482 1786 533 rideat,

184 569 271 597 non
304 555 419 605 dicit,
468 566 548 595 nec
588 566 675 602 cur,
725 552 842 605 quod
881 552 1069 593 maxime
1103 565 1356 605 perversum
1390 555 1467 602 est,
1516 555 1610 594 tum
1644 554 1789 596 Tullia

184 627 336 675 rideat,
386 639 519 678 quum
561 624 712 664 Maura
754 636 875 664 aram
908 625 1153 676 praetereat,
1202 636 1289 664 non
1322 636 1454 676 quum
1487 623 1602 677 ipsa;
1652 637 1703 665 ac
1733 637 1789 666 ne

184 698 227 737 id
251 697 426 749 quidem
449 695 592 745 sentit,
627 694 686 735 sic
708 694 802 735 haec
824 695 946 747 poni:
980 694 1082 748 quid
1114 694 1228 734 (licat
1258 699 1364 735 ποίεε
1387 695 1581 736 collactea
1604 695 1787 745 Mauroe,

185 781 298 809 nova
330 766 680 819 interrogatione,
729 768 777 806 ut
815 778 993 818 prorsus
1027 765 1207 806 diversae
1240 765 1347 806 fiant
1381 765 1522 806 Tullia
1556 768 1598 806 et
1631 766 1788 807 collac-

185 843 255 880 tea
288 839 450 879 Maurae
476 839 680 886 τῖνώνυμος.
743 837 907 877 Deinde
940 850 1072 889 quum
1106 837 1302 877 Mauram
1335 836 1564 888 plebeiam,
1599 837 1786 878 Tulliam

186 910 412 963 patriciam
448 908 563 958 facit,
599 910 729 960 atque
761 907 881 948 illam
914 920 939 948 a
971 907 1153 960 patricia
1187 920 1262 947 ara
1294 910 1502 957 removet,
1536 921 1623 948 non
1655 908 1785 958 videt,

185 981 372 1034 primum
398 978 585 1020 Tulliam
608 981 700 1020 tota
734 978 1022 1031 descriptione
1056 977 1230 1030 adiungi
1262 980 1469 1030 tanquam
1501 979 1787 1031 appendicem

185 1054 299 1092 notae
332 1051 516 1099 Maurae3
566 1050 734 1098 deinde,
784 1049 828 1090 in
870 1051 952 1090 isto
992 1062 1197 1090 versuum
1231 1049 1393 1098 ordine,
1441 1049 1594 1090 Maura
1626 1049 1789 1102 aliquid

186 1126 332 1164 tamen
366 1135 463 1163 cum
498 1134 573 1161 ara
605 1121 739 1161 habet
771 1120 963 1169 rationis,
998 1119 1140 1160 Tullia
1172 1120 1297 1169 nihil;
1338 1122 1571 1172 postremo,
1605 1123 1653 1161 ut
1686 1133 1787 1162 con-

187 1195 383 1242 donetur,
434 1192 548 1245 quod
597 1191 755 1232 oblitus
804 1192 888 1240 est,
937 1190 1125 1231 Plebeiae
1176 1204 1346 1243 quoque
1393 1191 1617 1232 Pudicitiae
1666 1205 1788 1232 aram

186 1266 317 1306 fuisse
359 1263 493 1317 (quod
531 1264 704 1315 poterat
744 1262 922 1311 discere,
971 1261 1005 1302 si
1048 1261 1308 1313 inspexisset
1348 1262 1464 1303 locos
1509 1275 1534 1302 a
1575 1262 1788 1314 Rupertio

187 1336 355 1384 citatos,
390 1347 575 1387 quorum
597 1346 803 1374 numeros
825 1331 1128 1384 transcripsit),
1162 1334 1293 1384 poeta
1325 1332 1428 1373 nihil
1452 1332 1505 1373 de
1530 1332 1784 1373 mulieribus

187 1407 243 1447 ad
276 1419 397 1447 aram
431 1417 556 1446 sacra
589 1402 849 1444 facientibus
884 1403 986 1444 dicit
1019 1403 1133 1455 (quae
1166 1403 1258 1444 sine
1292 1402 1423 1444 dubio
1448 1402 1594 1444 multis
1620 1403 1788 1444 saeculis

187 1477 305 1518 nulla
338 1474 492 1528 erant),
542 1475 620 1516 sed
666 1474 718 1515 de
758 1475 1124 1527 praetereuntibus
1165 1476 1219 1524 et,
1270 1487 1403 1526 quum
1437 1474 1548 1515 oculi
1580 1475 1624 1515 in
1655 1474 1788 1515 Pudi-

189 1549 298 1589 citiae
332 1547 701 1588 consecrationem
735 1545 991 1594 inciderunt,
1033 1549 1155 1597 gestu
1190 1547 1232 1585 et
1263 1545 1457 1585 oratione
1490 1545 1785 1586 illudentibus

189 1619 367 1672 Scripsit
399 1618 527 1671 igitur
559 1619 709 1669 poeta:

1072 1723 1157 1762 qua
1190 1709 1367 1751 sorbeat
1399 1722 1501 1751 aera
1533 1723 1669 1751 sanna

459 1782 623 1831 Maura,
658 1781 882 1823 Pudicitiae
915 1783 1105 1821 veterem
1140 1793 1274 1832 quum
1306 1780 1500 1833 praeterit
1532 1793 1668 1830 aram,

462 1853 604 1894 Tullia
637 1853 740 1906 quid
773 1853 900 1901 dicat,
934 1854 1049 1893 notae
1083 1851 1289 1892 collactea
1320 1850 1498 1892 Maurae.

188 1960 278 2000 lam
311 1962 497 2011 utraque
529 1958 752 2010 praeterire
785 1970 921 2007 aram,
957 1959 1142 2009 utraque
1175 1957 1351 1998 irridere
1386 1957 1553 1998 dicitur.
1568 1953 1601 2009 1)

307 2031 353 2070 In
387 2029 540 2070 eadem
574 2031 697 2069 sexta
730 2029 877 2079 satira,
919 2041 1003 2081 quo
1036 2028 1129 2069 loco
1161 2030 1292 2081 poeta
1324 2028 1377 2068 de
1410 2027 1714 2080 superstitione
1749 2029 1792 2068 et

189 2101 330 2142 studio
364 2101 510 2141 futura
543 2113 595 2140 ex
627 2100 800 2140 Vatibus
834 2099 1087 2151 exquirendi
1117 2099 1217 2152 agit,
1250 2101 1483 2151 postquam
1507 2098 1560 2139 de
1583 2098 1788 2140 divitibus

190 2171 359 2212 feminis
408 2171 570 2212 dictum
620 2174 696 2221 est,
746 2184 843 2223 quae
884 2183 1092 2222 augurem
1141 2170 1357 2223 Phrygem
1406 2172 1448 2210 et
1489 2169 1644 2209 Indum
1689 2182 1790 2210 con-

191 2243 367 2283 ductum
417 2245 459 2283 et
506 2242 745 2295 astrologos
801 2241 1047 2290 consulant,
1102 2240 1146 2281 hi
1200 2240 1485 2281 subiiciuntur
1532 2252 1682 2280 Versus
1731 2238 1788 2293 (V.

191 2314 274 2353 588
308 2312 441 2366 sqq.):

433 2419 657 2460 Plebeium
690 2419 734 2459 in
767 2418 878 2459 circo
910 2418 1100 2471 positum
1135 2419 1199 2458 est
1231 2420 1274 2458 et
1304 2417 1348 2457 in
1380 2430 1536 2470 aggere
1568 2416 1721 2458 fatum.

433 2489 539 2539 Quae
572 2489 699 2530 nudis
732 2489 906 2542 longum
941 2487 1130 2530 ostendit
1162 2488 1399 2529 cervicibus
1432 2500 1601 2538 aurum,

435 2560 628 2601 Consulit
660 2563 761 2601 ante
794 2560 948 2613 phalas
982 2560 1372 2612 delphinorumque
1405 2558 1640 2608 columnas,

435 2632 503 2671 An
536 2644 641 2683 saga
674 2631 878 2672 vendenti
910 2632 1062 2680 nubat,
1097 2643 1292 2682 caupone
1324 2629 1485 2670 relicto.

232 2840 259 2878 ἶ)
287 2840 531 2884 [Heinrichius
558 2841 769 2875 Achaintrio
803 2842 1027 2886 obloquitur;
1068 2841 1298 2875 difficultates
1331 2851 1403 2874 non
1436 2839 1545 2874 sentit
1578 2851 1643 2874 nec
1675 2849 1790 2873 remo-

289 2905 359 2935 vet
411 2898 528 2942 1842]
