1915 3235
953 116 1038 157 330

196 247 519 301 possessionum
562 245 750 286 nomine.
829 244 913 286 Res
954 245 1110 298 plurali
1151 258 1333 297 numero
1375 259 1462 287 non
1504 246 1645 287 minus
1693 250 1792 299 apte

195 318 263 358 hic
307 317 519 367 dicuntur,
569 330 699 369 quam
739 329 818 369 pro
861 315 941 368 leg.
980 316 1095 357 Man.
1130 316 1169 367 2,
1213 317 1261 358 4:
1310 330 1486 372 quorum
1524 331 1690 372 maynce
1729 331 1795 359 res

195 393 380 443 aquntur
413 390 493 428 cet.

312 459 358 500 C.
392 458 468 508 31,
518 457 570 497 77
613 458 647 498 si
686 470 811 498 veras
852 457 1087 510 scripturas
1135 458 1323 511 reperire
1370 460 1438 498 vel
1485 459 1590 500 satis
1640 459 1793 500 confir—

194 542 313 570 mare
345 542 432 570 non
464 541 656 581 possum,
691 528 846 569 saltem
878 527 1010 569 falsas
1044 541 1290 581 coarguam.
1338 529 1451 569 Nam
1483 529 1686 581 primum,
1720 529 1795 570 ubi

194 600 356 641 editur:
405 600 442 640 si
489 600 555 640 cui
601 599 780 639 nimium
828 597 1036 652 effervisse
1083 599 1248 640 videtur
1294 599 1419 640 huius
1467 600 1529 640 vel
1575 601 1621 640 in
1667 601 1794 641 susci-

184 671 358 725 piendis
407 671 468 711 vel
518 671 563 710 in
608 669 805 725 yerendis
851 670 1087 711 inimicitiis
1133 671 1215 723 vis,
1269 670 1489 723 ferocitas,
1537 671 1792 724 pertinacia,

194 744 437 782 extremum
469 742 552 783 hoc
584 741 845 783 vocabulum
885 741 1013 782 nimis
1055 741 1312 782 auctoritate
1352 741 1612 792 destituitur,
1663 743 1793 783 omis-

119 824 171 849 408
193 826 287 854 sum
320 826 407 854 non
440 813 580 854 solum
612 812 656 853 in
688 812 940 854 melioribus
976 811 1113 862 codd.⁷
1155 825 1305 853 verum
1338 812 1469 853 etiam
1501 811 1544 852 in
1577 811 1793 853 Oxonien-

192 883 310 924 sibus
350 883 489 924 tribus
532 886 574 925 et
606 884 673 924 ed.
708 897 746 924 a.
783 883 897 924 1480
944 881 1005 935 (in
1052 874 1210 935 quibus
1257 883 1319 923 vis
1363 882 1597 935 ferocitatis
1643 884 1793 924 scribi-

191 952 298 1007 tur);
347 955 495 1007 itaque
535 968 646 996 unus
685 957 843 1005 tuetur,
893 955 928 995 si
960 950 1167 1006 tuetur1)‚
1217 953 1493 1003 Oxoniensis;
1541 967 1645 995 nam
1678 954 1794 1007 quod

193 1025 376 1067 Orellius
424 1026 606 1080 reliquos
653 1025 864 1078 appellat⁷
921 1025 1079 1066 oblitus
1128 1027 1212 1075 est,
1269 1027 1474 1078 quattuor
1528 1026 1704 1066 omnino
1751 1025 1794 1066 in

192 1096 274 1137 hac
306 1096 512 1137 orationis
545 1098 669 1149 parte
703 1097 882 1138 collatos
916 1096 1068 1145 fuisse3
1116 1096 1159 1136 in
1199 1096 1318 1137 illum
1359 1098 1503 1137 autem
1545 1108 1650 1137 sane
1691 1108 1792 1137 con-

193 1167 355 1208 iectura
397 1167 565 1208 illatum
606 1169 671 1208 est
710 1167 985 1208 vocabulum.
1049 1167 1147 1220 Ipsa
1195 1180 1367 1219 quoque
1412 1167 1643 1208 verborum
1693 1179 1792 1208 coa-

191 1239 379 1279 cervatio
428 1251 453 1279 a
501 1238 738 1289 Ciceronis,
794 1252 882 1280 ren]
941 1239 1237 1288 extenuantis,
1294 1237 1470 1278 consilio
1524 1237 1666 1278 aliena
1714 1240 1791 1278 est.

189 1308 276 1349 Sed
315 1308 557 1362 asyndeton
597 1309 841 1351 bimembre
883 1310 966 1350 hoc
1009 1309 1184 1362 quidem
1227 1309 1320 1350 loco
1363 1308 1464 1349 ferri
1506 1321 1594 1349 non
1635 1310 1792 1361 potest.

189 1379 393 1432 Suspicor
440 1393 586 1433 paene,
645 1381 704 1421 vis
751 1383 895 1422 ortum
944 1393 1037 1421 esse
1087 1393 1138 1421 ex
1185 1379 1346 1420 ultimis
1394 1379 1546 1419 litteris
1594 1378 1794 1420 vocabuli

191 1451 435 1492 inimicitiis.
499 1450 664 1492 Deinde
707 1451 892 1492 Orellius
932 1451 1084 1492 edidit:
1133 1451 1220 1491 iam
1266 1451 1346 1491 ista
1389 1449 1658 1502 deferverint,
1706 1451 1794 1491 iam

190 1526 292 1562 aetas
324 1522 479 1575 omnia7
528 1522 615 1562 ¹iam
648 1536 728 1575 res,
776 1524 865 1563 iam
903 1523 998 1576 ipsa
1037 1522 1126 1562 dies
1157 1522 1378 1575 mitcyaria
1428 1523 1602 1562 secutus
1634 1520 1794 1574 partim

190 1592 399 1633 editiones
442 1594 610 1634 veteres
654 1592 759 1646 (iam
799 1598 902 1635 oetas
944 1594 1100 1646 omnia)
1151 1594 1237 1633 iam
1284 1606 1363 1645 res,
1412 1592 1500 1632 iam
1547 1592 1638 1633 dies
1683 1593 1794 1633 miti-

186 1662 320 1717 ι([(ινὶί)
354 1666 396 1704 et
429 1663 552 1705 codd.
587 1663 696 1705 Oxx.
731 1663 904 1717 (munia,
939 1678 1018 1717 res,
1060 1665 1144 1704 iam
1179 1663 1298 1716 dies),
1340 1664 1499 1716 partim
1533 1676 1658 1703 suam
1692 1676 1793 1704 con-

188 1735 399 1776 iecturam
433 1733 574 1789 (ipsa),
625 1735 800 1776 ductam
835 1749 887 1776 ex
926 1736 1107 1777 aliorum
1148 1734 1344 1776 codicum
1385 1734 1612 1786 scriptura.
1682 1734 1794 1775 Nam

189 1805 282 1846 cod.
317 1805 480 1859 Steph„
526 1806 784 1857 Beruenses,
834 1807 936 1857 Eri-1,
986 1808 1078 1859 ipse
1111 1818 1296 1859 quoque,
1345 1810 1392 1845 ut
1425 1804 1607 1855 videtur⁷
1656 1804 1793 1846 Paris.

187 1876 371 1917 habent:
415 1877 503 1917 iam
536 1881 639 1918 (etas
671 1879 826 1930 omnia,
860 1879 948 1918 iam
980 1878 1064 1918 ista
1096 1876 1184 1917 dies
1215 1872 1486 1930 mitiqarz't.²)
1550 1875 1659 1916 lllud
1692 1889 1792 1926 rem,

189 1947 304 1998 quod
352 1949 482 1989 ceteri
530 1948 707 2001 intelligi
754 1962 841 1990 non
888 1962 1016 2002 posse
1064 1950 1292 2001 putarunt,
1349 1946 1532 1988 Orellius
1580 1947 1793 1999 interpre-

188 2020 306 2059 tatur
344 2018 412 2059 die
455 2018 749 2061 Wirlcziclzkeit
791 2019 953 2073 (Italice
997 2020 1040 2060 Za
1082 2019 1217 2060 realta
1261 2018 1365 2059 delle
1408 2030 1496 2058 cose
1538 2031 1556 2057 e
1599 2018 1635 2058 Ze
1677 2018 1794 2059 triste

190 2090 435 2144 esperienze,
469 2090 540 2130 che
572 2104 621 2131 ne
654 2089 918 2144 ricaviamo).
982 2091 1142 2131 Verum
1175 2089 1231 2139 id,
1268 2089 1384 2142 quod
1418 2101 1517 2129 vere
1550 2088 1617 2138 sit,
1663 2089 1793 2141 signi-

188 2158 307 2199 ficari
355 2159 426 2201 illo
474 2162 686 2203 vocabulo
734 2164 897 2215 potest,
954 2163 1029 2202 ubi
1085 2159 1346 2202 contrarium
1396 2159 1570 2212 ponitur
1619 2159 1792 2212 speciei⁷

188 2229 335 2279 verbo,
385 2230 617 2282 similibus‚
666 2233 748 2274 hoc
796 2233 969 2285 quidem
1020 2232 1063 2273 in
1111 2233 1313 2273 contextu
1362 2243 1490 2271 nemo
1539 2230 1794 2272 Latinorum

188 2299 231 2339 id
279 2299 573 2344 intellecturus
623 2306 736 2352 erat3
786 2303 942 2344 deinde
992 2316 1092 2344 vero
1133 2315 1230 2355 quae
1271 2302 1353 2343 ista
1398 2301 1477 2342 erit
1509 2301 1697 2351 realitas‚
1747 2304 1794 2342 ut

227 2509 254 2554 ¹)
281 2512 328 2546 Ut
354 2513 530 2555 dubitem,
570 2514 665 2554 facit,
706 2515 802 2558 quod
826 2517 1026 2558 ferocitatis
1057 2525 1101 2548 ex
1134 2524 1176 2547 eo
1203 2513 1279 2557 ipso
1307 2513 1382 2546 cod.
1410 2511 1470 2555 (χ)
1511 2515 1700 2547 enotatum
1727 2516 1792 2553 est,

285 2572 347 2615 qui
372 2576 523 2616 putatur
543 2575 749 2616 pertinacia
776 2577 910 2608 tenere.
962 2572 1066 2616 (Utor
1091 2572 1306 2617 repetitione
1334 2570 1509 2613 Halensi.)

227 2628 254 2672 ²)
280 2631 333 2664 Ex
359 2630 553 2665 Parisiensi
580 2632 657 2666 cod.
685 2633 762 2666 haec
788 2633 967 2677 scriptura
999 2633 1095 2677 apud
1131 2631 1305 2666 Orellium
1340 2634 1553 2671 annotatum
1593 2629 1794 2674 Krarupius

284 2689 328 2723 ad
356 2689 456 2723 illam
483 2690 635 2724 alteram
662 2693 737 2724 *iam
762 2703 830 2735 res,
856 2693 931 2725 iam
953 2693 1027 2725 dies
1047 2691 1136 2725 nihil
1157 2690 1356 2734 adscripsit,
1385 2690 1486 2724 cuius
1507 2689 1649 2723 silentio
1669 2692 1794 2723 tamen

285 2748 406 2782 minus
444 2749 513 2782 hoc
551 2750 629 2782 loco
668 2750 778 2784 tribui
810 2753 939 2794 potest.
991 2750 1167 2784 Secundae
1205 2761 1336 2783 manus
1374 2749 1572 2793 scripturas
1610 2748 1638 2782 is
1677 2747 1793 2781 sciens

285 2807 407 2841 omisit
432 2818 535 2851 paene
561 2818 705 2845 omnes
745 2820 873 2843 verum
906 2810 1075 2843 secundae
1107 2820 1238 2843 manus
1270 2809 1337 2842 hoc
1372 2819 1460 2849 esse,
1500 2807 1623 2842 Orellii
1656 2806 1792 2840 amicus

285 2877 357 2900 non
385 2866 586 2907 annotavit,
614 2868 709 2910 quod
737 2868 829 2901 solet
856 2868 985 2902 facere.
