1915 3235
133 1004 184 1029 216

965 152 1051 192 574

206 283 367 331 tamen,
416 280 451 321 si
498 280 542 321 id
589 293 723 333 genus
772 280 972 333 excipias,
1023 281 1140 334 quod
1186 285 1453 335 postremum
1503 284 1639 336 posui,
1689 285 1806 337 quod

206 365 430 404 nunquam
462 351 506 392 in
538 351 795 392 infinitivum
828 352 996 402 transit,
1044 366 1186 405 pauca
1224 353 1425 405 quaedam
1460 355 1658 407 exempla
1691 358 1803 406 sunt,

207 436 304 476 quae
337 424 553 476 exiguum,
588 435 673 475 quo
705 435 865 475 genera
893 426 1163 475 separantur,
1198 424 1329 465 finem
1354 426 1729 478 transgrediuntur
1762 429 1805 467 et

206 493 249 535 in
282 493 469 534 alienam
503 493 688 534 formam
721 493 927 535 incidunt.
990 494 1184 535 Primum
1231 496 1345 536 enim
1388 509 1467 548 pro
1509 496 1718 538 infinitivo
1762 497 1805 537 in

206 564 544 617 interrogatione
573 564 726 616 primae
766 567 808 605 et
840 565 977 606 tertiae
1010 579 1207 618 personae
1239 566 1458 607 rarissime
1492 567 1679 615 omnino,
1728 567 1805 608 sed

204 637 354 676 tamen
400 648 487 676 non
533 635 662 688 plane
710 649 935 688 nunquam
975 636 1270 677 coniunctivus
1318 637 1504 689 ponitur,
1553 640 1804 679 occurrente

206 707 351 747 animo
383 706 558 747 notione
591 707 712 748 verbi
744 707 1124 760 interrogationem
1158 707 1451 760 significantis,
1486 709 1533 748 ut
1565 708 1664 749 inde
1696 721 1804 761 pen-

206 777 306 818 dere
340 777 556 818 sententia
588 777 799 828 Videatur,
834 778 1203 831 quemadmodum
1237 792 1368 831 supra
1401 779 1453 819 de
1482 779 1673 820 secunda
1704 792 1804 832 per-

205 861 312 889 sona
345 847 445 888 dixi.
509 848 575 889 Fit
613 848 657 889 id
695 849 935 902 aliquoties,
984 849 1058 890 ubi
1098 849 1141 890 in
1180 850 1484 903 interrogando
1524 850 1804 902 reprehensio

206 921 248 959 et
290 919 509 960 accusatio
554 920 756 972 quaedam
799 921 910 961 inest
953 919 1211 973 (cuiusmodi
1253 923 1401 961 tamen
1446 920 1804 974 interrogationes

204 989 329 1042 longe
362 989 560 1042 plurimae
592 991 785 1044 regulam
819 990 1090 1044 sequuntur).
1147 992 1355 1044 Exempla
1388 1004 1549 1044 ponam
1582 1005 1634 1032 ex
1665 992 1803 1033 tribus

204 1061 284 1102 illis
318 1061 600 1114 scriptoribus
633 1075 733 1113 non,
768 1065 816 1103 ut
847 1064 961 1111 ante,
996 1062 1167 1111 selecta,
1203 1063 1280 1103 sed
1313 1064 1472 1113 omnia,
1506 1065 1554 1104 ut
1578 1066 1802 1116 appareat,

205 1145 335 1185 quam
370 1132 455 1173 sint
486 1145 641 1185 pauca.
705 1133 849 1174 Livius
882 1133 1010 1185 igitur
1042 1133 1128 1183 VII,
1166 1133 1219 1173 15
1252 1133 1440 1186 scripsit:
1482 1134 1635 1189 Ecquis
1666 1149 1803 1189 seque-

206 1209 321 1245 retur
369 1218 522 1257 eorum,
572 1205 643 1259 qni
689 1204 809 1244 modo
857 1204 1026 1244 duetmv?
1070 1203 1264 1256 fuerint?
1315 1205 1483 1257 Regula
1530 1205 1802 1258 postulabat:

205 1289 366 1330 ecquem
397 1276 544 1330 sequi?
588 1275 674 1316 Sed
705 1276 902 1316 haerebat
935 1275 1081 1316 animo
1103 1276 1299 1328 proxime
1321 1276 1573 1328 praecedens
1599 1277 1801 1331 royitans.

205 1347 349 1389 Caesar
381 1347 429 1388 Β.
465 1347 510 1388 C.
544 1347 573 1397 I,
608 1347 664 1387 32
698 1346 822 1387 dixit:
866 1360 941 1386 em·
970 1346 1083 1399 ferri
1107 1359 1263 1400 passus
1306 1346 1436 1387 esset?
1480 1360 1579 1399 pro:
1621 1361 1802 1401 passum

204 1418 317 1460 esse?
361 1418 540 1460 Tacitus
572 1418 686 1458 Ann.
720 1417 789 1466 XI,
833 1418 905 1459 19:
958 1417 1044 1458 Cam·
1091 1418 1243 1459 lesostevfz
1290 1418 1497 1458 conciret?
1542 1416 1605 1471 (In
1652 1418 1802 1459 huius-

204 1489 333 1540 modi,
383 1490 521 1542 qualis
564 1490 645 1530 hoc
688 1489 781 1530 loco
825 1492 903 1539 est,
952 1490 1210 1530 brevissima
1249 1488 1559 1542 significatione
1592 1489 1804 1531 sermonis

204 1560 429 1602 hominum
461 1560 886 1613 reprehendentium,
921 1560 1041 1601 nulla
1074 1561 1396 1601 continuatione
1429 1559 1648 1610 orationis,
1685 1560 1803 1601 nullo

203 1632 344 1684 posito
377 1632 529 1673 alienae
562 1631 767 1673 orationis
800 1631 969 1681 indicio,
1011 1631 1186 1672 omnino
1218 1631 1289 1671 vix
1320 1631 1462 1672 locum
1494 1631 1629 1672 habet
1660 1631 1802 1672 infini-

202 1702 337 1751 tivus;
382 1703 509 1744 nimis
550 1703 664 1744 enim
698 1705 847 1755 aperte
881 1702 1026 1743 animo
1059 1702 1315 1743 obversatur
1348 1701 1403 1742 ad
1435 1703 1676 1743 orationem
1707 1702 1802 1742 vin-

203 1774 402 1815 ciendam
434 1787 522 1816 non
555 1774 755 1827 generale
789 1773 1051 1823 declarandi,
1101 1773 1177 1814 sed
1216 1772 1403 1825 speciale
1443 1773 1665 1825 quaerendi
1704 1786 1801 1813 ver-

202 1844 329 1895 bum,
390 1844 456 1885 cui
511 1845 865 1886 accommodetur
919 1842 1166 1896 sententia.)
1236 1844 1354 1884 Idem
1402 1844 1518 1894 XIII,
1573 1844 1650 1885 42:
1710 1842 1803 1896 Qua

202 1916 413 1969 sapientia
446 1939 501 1944 —
540 1920 603 1957 ter·
641 1916 793 1956 millies
830 1916 1061 1957 sestertimn
1082 1915 1366 1969 paravisset?
1409 1915 1522 1956 Hist.
1556 1915 1623 1965 IV,
1663 1915 1711 1956 4:
1756 1914 1803 1955 Sz·

194 1988 394 2040 privatus
434 1992 547 2040 esset,
588 2001 663 2027 cm·
693 1986 859 2041 publice
896 1986 1161 2041 loqueretur?
1205 1989 1247 2026 et
1279 1985 1367 2026 ibd.
1401 1986 1477 2026 62:
1533 1985 1663 2037 Quale
1694 1986 1803 2027 illud

202 2057 311 2098 iter?
356 2058 447 2112 quis
489 2058 577 2098 duae
617 2058 722 2099 vise?
766 2057 853 2110 (Ad
890 2058 968 2098 hos
1009 2057 1117 2098 duos
1158 2057 1273 2098 locos
1314 2055 1377 2109 [et
1417 2057 1474 2098 ad
1505 2057 1619 2098 Ann.
1652 2057 1682 2107 I,
1723 2056 1801 2110 41]

204 2128 357 2169 eadem
390 2129 621 2181 pertinent,
665 2142 763 2181 quae
797 2129 850 2170 de
881 2128 994 2169 Ann.
1028 2128 1098 2177 XI,
1136 2128 1188 2168 19
1222 2127 1340 2180 dixi.)
1404 2127 1628 2181 Singulare
1661 2130 1727 2169 est
1759 2129 1802 2168 in

202 2199 343 2251 prima
389 2212 576 2252 persona
623 2200 871 2253 exemplum
919 2199 1035 2252 apud
1069 2199 1269 2240 Tacitum
1309 2199 1421 2240 Hist.
1454 2199 1521 2249 IV,
1563 2199 1639 2240 24:
1692 2197 1803 2250 Quin

194 2270 338 2323 potius
372 2293 423 2297 —
467 2271 717 2311 eoesolverent
757 2269 877 2325 (qum
916 2293 971 2298 -—
1011 2267 1301 2321 eoesolvimus?)
1316 2265 1349 2322 ¹)
1412 2270 1459 2310 In
1491 2269 1603 2311 Hist.
1636 2269 1703 2320 IV,
1746 2270 1801 2310 69

204 2339 345 2393 (Quod
376 2346 500 2395 eaput
533 2341 663 2382 bello?
692 2342 801 2382 unde
823 2343 890 2382 ius
912 2342 1224 2395 aorspicinmque
1238 2340 1482 2394 peteretur?
1511 2353 1637 2395 quam
1665 2339 1802 2381 sedem

202 2411 378 2465 imperio
411 2410 634 2466 leyerenff)
675 2412 882 2463 similiter,
917 2415 965 2453 ut
997 2425 1129 2465 supra
1162 2411 1467 2464 interrogandi,
1502 2411 1562 2452 sic
1592 2411 1662 2452 hic
1695 2411 1800 2452 deli-

203 2480 384 2522 berandi
417 2483 534 2524 notio
567 2483 835 2535 occurrebat,
869 2484 987 2524 nulla
1019 2481 1291 2536 praecedente
1322 2482 1527 2523 orationis
1550 2482 1701 2523 alienae
1723 2494 1802 2535 per

203 2551 459 2593 infinitivum
493 2553 641 2595 relatae
673 2557 812 2607 parte.
875 2554 1057 2596 Prorsus
1091 2567 1117 2595 a
1148 2553 1296 2606 regula
1329 2553 1530 2603 deflectit,
1579 2553 1695 2605 quod
1736 2554 1802 2593 est

205 2623 322 2675 apud
353 2623 521 2664 Livium
553 2624 602 2675 V,
636 2625 682 2666 2:
736 2623 952 2677 Quidnam
993 2625 1060 2665 illa·
1101 2624 1285 2665 consules
1327 2623 1597 2665 dictatoresve
1636 2623 1802 2677 facturi

205 2694 364 2735 essent?
419 2694 620 2736 Debebat
667 2696 877 2737 scribere:
938 2693 1155 2747 Quidnam
1203 2696 1296 2736 illos
1344 2719 1399 2724 —
1450 2695 1642 2748 facturos
1689 2694 1804 2736 esse?

205 2764 490 2817 Comparetur
521 2766 650 2807 modo
684 2767 801 2819 apud
832 2767 975 2820 ipsum
1008 2767 1112 2817 VIII,
1154 2766 1230 2808 31:
1282 2764 1395 2818 Quid
1435 2768 1553 2808 illum
1583 2765 1800 2819 facturum

242 2916 270 2960 l)
296 2918 507 2960 Videantur,
535 2929 615 2962 quae
640 2918 749 2962 paulo
775 2923 859 2953 ante
887 2920 930 2954 de
956 2919 1134 2964 particula
1160 2922 1247 2964 quin
1273 2919 1367 2954 dicta
1394 2923 1489 2954 sunt.
