1915 3235
852 118 935 160 567

99 252 195 293 ticae
226 250 390 292 Latinae
424 249 592 291 scholas
640 248 910 290 academicas
942 247 1172 297 haberem3
1220 259 1404 301 quarum
1443 260 1693 300 quanquam

100 325 193 364 tota
214 321 322 363 ratio
353 321 437 362 alia
470 320 674 372 quaedam
708 332 801 361 esse
834 319 1035 368 debebat,
1070 331 1201 371 quam
1234 331 1329 371 quae
1362 318 1412 359 iis
1444 317 1562 358 libris
1591 330 1692 359 con-

102 393 239 442 venit,
294 392 366 444 qui
420 391 689 432 scholasticae
743 389 1019 430 institutionis
1067 402 1197 430 causa
1243 389 1490 430 scribuntur
1537 387 1693 441 (qualis

102 464 247 504 autem
280 461 421 510 fuerit,
471 474 523 502 ex
565 461 637 502 illa
681 460 734 501 de
773 473 855 501 usu
888 462 930 501 et
960 462 1117 501 natura
1149 459 1388 501 formarum
1421 459 1694 512 quarundam

103 532 226 574 verbi
264 532 404 573 Latini
446 531 738 584 disputatione
786 530 962 583 intelligi
1001 530 1090 571 fere
1128 528 1302 583 potest),
1349 531 1510 579 tamen,
1560 542 1694 582 quum

105 615 417 656 compararem,
468 601 571 654 quid
614 614 784 654 quaque
825 602 877 642 de
916 614 962 642 re
993 601 1120 654 vulgo
1153 601 1196 641 in
1227 600 1542 653 probatissimis
1575 600 1694 642 libris

100 674 357 723 traderetur,
407 674 449 713 et
490 671 533 712 in
574 685 624 713 eo
656 671 827 724 negotio
858 671 927 712 vel
958 671 1174 725 praecipue
1206 672 1393 724 Zumptii
1424 671 1580 712 librum
1616 671 1693 712 ad-

101 745 295 786 hiberem
329 756 462 796 quum
493 744 670 795 propter
700 742 816 784 bona
849 743 939 783 eius
971 745 1064 783 tum
1096 745 1273 795 propter
1310 755 1436 783 usum
1477 741 1563 783 late
1594 755 1693 795 per-

99 816 318 867 vagatum,
352 813 698 855 subnascebatur
728 812 912 854 materia
944 812 1088 865 aliqua
1120 813 1473 854 observationum
1498 814 1540 854 et
1562 825 1693 854 anno-

101 885 315 926 tationum
347 884 401 925 de
435 884 646 925 eiusmodi
681 883 825 933 rebus,
875 896 971 936 quae
1014 896 1101 924 non
1143 884 1186 924 in
1227 883 1309 924 hoc
1349 883 1418 924 vel
1459 883 1529 924 illo
1569 882 1692 933 libro,

100 956 177 997 sed
209 954 426 996 communi
459 955 649 1007 quodam
683 967 824 996 errore
857 967 944 996 non
965 956 1081 995 recte
1102 954 1215 995 tradi
1236 954 1497 1004 viderentur,
1533 955 1575 995 et
1596 966 1694 1006 quae

101 1027 336 1080 separatim
369 1025 748 1078 particulatimque
782 1025 933 1078 corrigi
953 1028 1145 1078 possent.
1193 1025 1343 1078 Itaque
1366 1037 1500 1077 quum
1524 1025 1692 1074 scirem,

100 1096 347 1150 Zumptium
380 1098 578 1137 octavam
619 1095 717 1136 libri
749 1096 815 1137 sui
848 1096 1079 1137 editionem
1111 1108 1278 1148 parare,
1329 1094 1498 1136 decrevi
1537 1108 1589 1136 ex
1627 1094 1694 1136 his

101 1168 302 1221 quaedam
349 1167 527 1219 seligere
577 1179 812 1219 eorumque
860 1167 898 1208 ei
946 1167 1114 1219 copiam
1157 1165 1311 1216 facere,
1361 1166 1397 1207 si
1443 1166 1504 1207 uti
1551 1166 1693 1207 vellet.

99 1239 235 1280 Simul
268 1241 428 1287 autem,
462 1237 578 1290 quod
611 1251 661 1278 ea
694 1240 768 1278 aut
801 1251 826 1278 a
860 1237 1160 1279 communibus
1185 1237 1457 1290 opinionibus
1487 1236 1694 1278 abhorre-

100 1309 208 1351 bant
239 1312 314 1350 aut
353 1308 568 1350 interdum
614 1308 885 1361 attingebant
921 1310 1117 1349 veterum
1161 1309 1418 1361 scriptorum
1460 1308 1575 1349 locos
1608 1320 1695 1349 non

100 1382 215 1420 recte
247 1382 323 1420 aut
354 1380 535 1432 scriptos
569 1381 644 1420 aut
676 1379 927 1430 intellectos,
960 1379 1149 1420 rationes
1184 1381 1226 1420 et
1249 1392 1402 1420 causas
1425 1378 1692 1428 iudiciorum,

101 1463 196 1502 quae
229 1449 273 1490 in
305 1450 517 1492 eiusmodi
548 1450 658 1491 libro
698 1449 901 1503 explicari
940 1462 1027 1491 non
1065 1452 1256 1502 possent,
1304 1449 1471 1502 plenius
1511 1449 1693 1502 perscri-

100 1520 266 1562 bendas
298 1522 524 1574 putabam,
558 1523 617 1571 ut,
653 1534 787 1573 quum
821 1534 882 1561 eae
915 1520 1017 1561 alibi
1050 1520 1176 1561 editae
1202 1522 1359 1571 essent,
1393 1523 1486 1561 tuto
1512 1533 1694 1561 summae

102 1592 209 1645 ipsae
241 1592 554 1633 sententiarum
586 1592 669 1633 illic
701 1592 804 1645 poni
835 1593 1026 1644 possent.
1089 1591 1239 1644 Itaque
1278 1590 1372 1632 feci.
1436 1590 1522 1632 Sed
1561 1603 1694 1643 quum

99 1662 223 1703 tarde
254 1675 347 1704 rem
380 1676 568 1716 agerem,
616 1665 708 1704 tum
748 1663 923 1704 demum
964 1662 1125 1703 chartae
1162 1661 1244 1703 illae
1284 1661 1532 1703 Berolinum
1563 1674 1694 1702 vene-

94 1736 213 1783 runt,
248 1746 380 1786 quum
413 1734 600 1787 Zumptii
633 1733 742 1774 liber
773 1733 858 1774 iam
891 1734 1004 1786 typis
1038 1732 1278 1785 descriptus
1312 1735 1437 1782 esset,
1472 1734 1519 1773 ut
1549 1731 1600 1773 iis
1633 1732 1694 1773 uti

99 1817 186 1845 non
217 1806 377 1857 posset,
411 1804 492 1846 nisi
524 1804 568 1845 in
599 1817 688 1845 uno
721 1804 822 1845 folio
854 1803 966 1858 typis
999 1803 1180 1845 reddito.
1245 1804 1333 1856 Ego
1366 1805 1525 1853 autem,
1560 1816 1694 1855 quum

99 1874 181 1916 hoc
212 1877 407 1928 tempore
441 1875 603 1928 aliquid
635 1875 851 1916 edendum
890 1874 995 1915 1111111
1034 1875 1100 1924 sit,
1150 1887 1277 1916 omne
1319 1876 1466 1916 autem
1506 1876 1692 1926 tempus,

100 1945 215 1998 quod
247 1959 273 1987 a
305 1946 495 1987 muneris
537 1945 697 1999 publici
735 1945 915 1998 negotiis
956 1947 1166 1998 superest,
1216 1944 1324 1986 alius
1363 1945 1486 1986 labor
1523 1944 1693 1997 pridem

99 2018 324 2069 susceptus
356 2016 558 2066 vindicet,
607 2016 770 2070 paratis
809 2016 1017 2057 utendum
1057 2018 1190 2066 ratus,
1240 2016 1445 2069 quoniam
1483 2028 1596 2057 nova
1628 2015 1693 2056 in-

99 2086 217 2128 stitui
255 2089 297 2128 et
334 2087 482 2140 perfici
525 2100 613 2129 non
650 2089 843 2140 possunt,
891 2088 1100 2128 maiorem
1148 2089 1317 2140 partem
1364 2086 1547 2136 illorum,
1597 2099 1693 2139 quae

98 2159 192 2198 tum
224 2157 391 2211 plenius
424 2159 776 2211 perscripseram,
824 2157 1039 2199 nonnullis
1080 2158 1266 2212 demptis
1299 2160 1373 2199 aut
1406 2156 1577 2207 additis,
1625 2157 1694 2198 hic

101 2227 195 2269 edo.
243 2229 344 2278 Nec,
378 2241 511 2281 quum
545 2229 627 2270 hac
661 2229 740 2270 sim
774 2242 877 2270 usus
910 2228 1176 2282 praefatione,
1211 2229 1439 2282 quaesitum
1472 2228 1522 2269 iri
1551 2228 1692 2278 credo,

100 2311 191 2348 cur,
240 2300 401 2341 omissa
450 2299 567 2341 omni
616 2299 906 2352 disputatione
949 2299 1002 2340 de
1048 2299 1118 2340 via
1160 2312 1210 2340 ac
1253 2299 1418 2340 ratione
1462 2299 1692 2352 ampliores

99 2370 393 2422 grammaticae
440 2371 610 2411 Latinae
657 2370 772 2412 locos
825 2370 1045 2419 tradendi,
1100 2369 1365 2422 singularum
1420 2369 1693 2422 quarundam

99 2452 243 2481 rerum
290 2453 439 2482 veram
487 2441 671 2483 formam
721 2441 1106 2482 demonstrandam
1154 2441 1431 2493 susceperim.
1492 2440 1556 2481 Ac
1599 2440 1693 2493 qui-

99 2509 299 2561 busdam,
347 2511 535 2553 maxime
575 2511 822 2553 scholarum
863 2512 1093 2564 magistris,
1141 2510 1235 2552 haec
1266 2510 1360 2563 ipsa
1391 2510 1528 2564 magis
1560 2510 1694 2564 placi-

100 2584 198 2622 tura
230 2581 370 2632 credo,
424 2582 539 2635 quod
578 2582 743 2623 facilius
784 2584 825 2623 et
865 2582 987 2634 quasi
1018 2584 1136 2624 recta
1168 2582 1238 2623 via
1268 2581 1313 2622 in
1344 2594 1470 2623 usum
1505 2581 1694 2622 converti

93 2654 288 2704 possunt.

1713 2305 1764 2330 208
