1915 3235
98 1293 148 1317 100

936 88 992 129 80

171 226 331 277 quanto
365 222 494 262 fuisse
528 219 732 261 Cicerone
764 217 953 265 videtum
1001 230 1080 257 nec
1112 216 1155 257 id
1188 217 1393 258 abhorret
1433 218 1489 258 ab
1530 231 1593 267 eo,
1643 220 1760 272 quod

170 293 419 335 Sallustium
463 293 505 331 et
546 292 644 343 post
686 301 785 329 eum
828 288 1026 328 Asinium
1058 287 1295 329 Pollionem
1338 288 1480 329 coluit.
1545 288 1631 330 Sed
1661 292 1759 331 utut

168 365 261 405 haec
293 365 405 410 sunt,
453 374 532 401 nec
565 359 712 401 Cicero
752 358 1000 399 huiusmodi
1032 359 1364 410 grammaticum
1397 358 1647 400 libertinum
1679 360 1759 401 ob-

169 447 341 475 scurum
374 432 433 473 ita
472 430 721 483 simpliciter
762 428 806 469 in
844 428 977 469 Bruto
1019 429 1300 478 nominasset,
1349 430 1527 482 eiusque
1569 431 1759 472 rationes

169 517 266 545 cum
299 503 428 544 Attici
461 501 587 542 amici
620 501 916 552 comparasset
951 501 993 539 et
1024 499 1264 550 refellisset,
1313 512 1393 541 nec
1436 500 1571 541 Varro
1609 500 1759 541 huius-

168 574 284 616 modi
316 572 500 614 hominis
533 584 578 612 se
612 570 743 611 etiam
776 572 905 610 aetate
938 569 1150 611 inferioris
1189 571 1323 611 verba
1361 574 1573 623 tanquam
1612 571 1760 624 singu-

167 646 268 685 laris
302 643 568 685 auctoritatis
600 641 644 681 in
677 653 729 681 ea
762 654 822 689 re,
865 640 909 681 in
941 654 1027 693 qua
1058 641 1150 693 ipse
1182 642 1382 694 princeps
1414 641 1675 691 habebatur,
1716 641 1760 682 in

167 715 322 756 veteris
355 726 496 755 scenae
527 712 718 760 historia,
767 711 810 751 in
853 724 980 751 suum
1018 710 1176 752 librum
1208 712 1501 753 transtulisset
1533 711 1657 765 (Gell.
1690 711 1758 762 ΙΙΙ,

168 785 225 838 3),
259 785 394 826 multo
427 796 528 824 vero
560 782 714 830 minus,
765 795 898 834 quum
938 782 990 823 de
1030 795 1134 824 voce
1172 782 1316 835 aliqua
1355 783 1579 824 recondita
1611 782 1761 835 dispu-

167 858 279 897 taret
305 854 375 907 (de
400 855 446 895 L.
471 854 517 894 L.
542 853 568 893 l.
596 852 663 905 c.),
698 853 1009 903 admonuisset,
1042 853 1155 894 hanc
1180 867 1288 899 esse,
1323 867 1420 906 quae
1446 853 1564 906 apud
1586 853 1762 894 Ateium

166 927 394 979 legeretur.
457 924 543 965 Sed
574 924 635 964 ita
668 924 849 976 cupidus
883 926 948 964 est
981 922 1182 965 Osannus
1213 924 1328 965 Ateii
1359 924 1469 965 illius
1502 924 1662 976 ubique
1695 924 1762 964 in-

168 996 363 1038 culcandi
395 996 541 1047 itaque
572 995 670 1044 ruit,
704 996 751 1035 ut
784 995 928 1044 etiam,
962 994 1077 1047 quod
1102 994 1352 1036 Sallustium
1384 995 1610 1036 historiam
1644 1008 1762 1035 com-

167 1080 328 1121 ponere
376 1079 627 1119 aggressum
675 1065 883 1106 breviario
930 1079 1073 1106 rerum
1120 1067 1301 1106 omnium
1352 1066 1665 1117 Romanarum,
1715 1078 1764 1105 ex

168 1138 328 1194 quibus,
362 1152 466 1192 quas
497 1138 626 1190 vellet,
660 1138 839 1191 eliqeret,
872 1137 1073 1177 instruxit
1111 1135 1246 1189 (Suet.
1281 1137 1334 1178 de
1366 1137 1422 1177 ill.
1456 1149 1638 1188 gramm.
1675 1133 1760 1187 10),

167 1212 344 1263 propter
375 1209 490 1249 hunc
521 1207 678 1261 privati
709 1221 812 1248 usus
847 1208 1204 1248 commentarium
1237 1208 1348 1248 inter
1379 1207 1606 1248 historicos
1638 1210 1763 1246 vetu-

167 1283 256 1322 stos
289 1280 478 1328 Latinos,
513 1292 695 1332 quorum
729 1278 877 1320 Cicero
909 1279 1029 1319 initio
1062 1278 1158 1319 libri
1190 1279 1317 1331 primi
1343 1278 1395 1319 de
1418 1277 1584 1330 legibus
1610 1289 1762 1317 censu-

167 1365 262 1393 ram
296 1350 382 1403 agit
415 1349 503 1403 (qui
536 1363 679 1391 sermo
711 1350 886 1390 habitus
920 1363 970 1390 eo
1005 1354 1198 1402 tempore
1229 1349 1415 1402 fingitur,
1451 1361 1536 1401 quo
1568 1347 1763 1389 nondum

168 1422 395 1464 Sallustius
451 1421 507 1461 ad
560 1421 785 1462 historiam
840 1433 1067 1473 aggressus
1126 1419 1256 1472 erat),
1319 1419 1569 1473 ponendum
1624 1419 1761 1470 putet,

168 1493 485 1546 legendumque
517 1492 546 1541 Ι,
580 1492 619 1540 2,
664 1492 701 1540 7,
743 1491 817 1532 ubi
850 1490 1046 1543 Sigonius
1081 1503 1133 1531 ex
1166 1491 1288 1532 codd.
1322 1491 1536 1532 bonorum
1570 1490 1763 1532 omnium

169 1564 357 1616 vestigiis
391 1561 585 1616 (Acrum)
620 1562 816 1603 Macrum
849 1562 1048 1611 restituit,
1082 1561 1265 1602 Ateium.
1328 1561 1392 1602 Ex
1424 1575 1509 1614 quo
1549 1562 1649 1611 iam,
1692 1560 1764 1613 qui

171 1649 267 1677 cum
300 1634 448 1676 Asinio
488 1634 678 1675 Pollione
710 1634 827 1683 vixit,
868 1633 1019 1674 Ateius
1063 1633 1246 1674 efficitur
1284 1632 1330 1673 L.
1364 1632 1558 1673 Sisennae
1599 1632 1763 1672 amicus

170 1713 211 1748 et
252 1707 446 1747 eiusdem
485 1706 638 1754 aetatis,
689 1705 731 1745 id
771 1706 837 1745 est
884 1703 1002 1756 (nam
1044 1704 1227 1745 Sisenna
1264 1704 1497 1745 Hortensio
1539 1716 1577 1743 a.
1611 1702 1697 1743 640
1729 1716 1762 1743 s.

172 1779 256 1818 114
287 1779 389 1818 nato
411 1776 549 1817 maior
571 1778 676 1825 erat,
712 1775 798 1816 Cic.
828 1775 948 1815 Brut.
980 1775 1049 1824 64,
1084 1774 1200 1827 228),
1235 1775 1419 1816 fortasse
1453 1774 1660 1827 magistro
1683 1787 1762 1814 suo

170 1845 374 1899 maior¹);
416 1850 470 1896 et,
511 1847 583 1899 qui
615 1846 707 1898 ipse
740 1859 786 1886 se
818 1846 862 1886 in
895 1845 1054 1886 Graecis
1087 1846 1238 1886 litteris
1270 1859 1478 1898 magnum
1510 1857 1763 1898 processum

208 2036 236 2079 1)
262 2037 314 2071 De
340 2036 500 2070 Sisennae
527 2038 632 2068 aetate
659 2034 896 2078 quaestionem
924 2033 1079 2068 instituit
1097 2034 1138 2068 A.
1157 2034 1384 2067 Weichertus
1402 2034 1439 2067 in
1458 2033 1767 2067 commentatione

268 2096 312 2129 de
338 2095 374 2129 C.
401 2094 537 2128 Licinio
564 2093 673 2128 Calvo
698 2093 811 2127 Poeta
837 2092 858 2135 ἓ
883 2093 904 2126 4
930 2105 964 2137 p.
993 2094 1037 2126 99
1064 2094 1118 2127 ed.
1145 2093 1251 2137 Lips.‚
1279 2093 1341 2136 qui
1368 2093 1455 2126 dum
1481 2093 1614 2137 premit
1640 2091 1766 2126 Velleii

265 2159 473 2198 temporum
500 2153 723 2186 notationem
750 2163 880 2196 parum
907 2155 1114 2186 accuratam
1140 2151 1192 2193 (in
1218 2163 1333 2186 unum
1360 2152 1457 2186 enim
1475 2152 1596 2185 locum
1614 2151 1766 2185 coniecit

266 2213 432 2246 homines
459 2212 687 2255 aliquantum
715 2211 923 2252 disiunctos,
958 2215 997 2245 ut
1029 2215 1189 2245 oratores
1223 2212 1447 2252 Africanum,
1482 2210 1634 2244 Laelium
1666 2213 1702 2243 et
1726 2209 1765 2243 L.

267 2272 447 2312 Crassum,
473 2271 517 2304 M.
544 2269 772 2312 Antonium),
805 2270 986 2305 Ciceronis
1011 2271 1142 2311 locum,
1176 2281 1286 2314 quem
1311 2270 1426 2314 posui,
1460 2269 1663 2303 enarrando
1688 2279 1766 2312 per-

267 2330 384 2369 vertit,
424 2330 460 2363 in
494 2340 565 2373 quo
598 2329 687 2363 nihil
720 2333 825 2373 putat
857 2330 901 2363 de
932 2333 1095 2373 tempore
1128 2329 1207 2370 dici,
1245 2329 1308 2363 sed
1341 2329 1384 2362 de
1417 2329 1578 2362 Sisennae
1610 2327 1769 2362 oratoria

267 2390 439 2423 facultate
466 2389 515 2422 ita
541 2388 701 2431 iudicari,
735 2392 775 2421 ut
800 2388 941 2422 medius
974 2388 1005 2421 ei
1037 2388 1131 2422 inter
1163 2388 1364 2431 Sulpicium
1391 2391 1426 2421 et
1451 2387 1686 2421 Hortensium
1714 2397 1766 2420 as·

268 2449 429 2491 signetur
467 2448 576 2481 locus.
628 2447 709 2481 Vim
742 2447 827 2480 facit
859 2447 978 2481 verbis
1011 2446 1230 2488 (interiectus
1262 2448 1356 2480 'inter
1387 2448 1480 2480 duas
1512 2451 1649 2489 oetates,
1687 2449 1767 2479 tum

269 2509 450 2546 maiorem,
485 2505 685 2547 minorem);
721 2509 755 2539 et
780 2509 1030 2549 praecesserat:
1062 2507 1255 2549 Inferioris
1282 2504 1409 2549 [quam
1435 2505 1614 2549 Sulpicius
1642 2504 1767 2538 ceteri-

269 2564 354 2609 que]
382 2567 498 2599 oetatz's
524 2570 602 2598 erat
620 2566 814 2607 proximus
841 2566 882 2597 L.
912 2565 1082 2605 Sise›ma;
1121 2568 1226 2599 aetate
1258 2565 1398 2598 medius
1431 2565 1525 2598 inter
1558 2568 1767 2607 utrumque,

268 2625 440 2658 facultate
468 2628 621 2667 utroque
648 2624 795 2657 inferior
821 2624 906 2657 satis
934 2627 1057 2667 aperte
1083 2623 1223 2664 dicitur,
1251 2624 1286 2656 in
1314 2635 1385 2667 quo
1412 2623 1502 2656 nihil
1529 2626 1582 2656 est
1602 2622 1766 2663 absurdi3

269 2694 335 2717 nec
373 2683 476 2716 aliter
513 2683 660 2716 Vossius
698 2682 884 2715 intellexit.
948 2682 1080 2716 Contra
1117 2682 1312 2716 lVeicherti
1351 2682 1531 2716 enarratio
1568 2682 1676 2725 plane
1714 2684 1769 2714 est

270 2742 436 2782 absurda,
476 2742 511 2775 in
544 2752 616 2785 qua
647 2741 714 2775 hoc
747 2741 887 2781 dicitur,
927 2741 1118 2775 Sisennam
1150 2742 1243 2775 inter
1275 2741 1365 2775 duas
1396 2741 1512 2775 aetatis
1538 2739 1768 2774 interiectum

271 2803 439 2835 maiorem
466 2800 636 2844 consequi
659 2811 731 2834 non
753 2800 924 2844 potuisse,
952 2811 1033 2843 quae
1058 2804 1181 2834 tamen
1207 2802 1324 2834 maior
1350 2811 1419 2834 non
1443 2801 1566 2842 fuerit,
1594 2798 1767 2842 quoniam

271 2860 431 2893 Sisennae
470 2863 612 2893 aetatem
651 2859 719 2892 hoc
758 2859 835 2892 loco
868 2870 941 2893 non
974 2859 1166 2903 significari
1204 2862 1238 2893 et
1275 2862 1450 2903 praeterea
1488 2867 1571 2890 eum
1610 2855 1768 2899 Sulpicio

270 2918 427 2962 priorem
446 2918 554 2952 fuisse
579 2918 714 2952 statuit.
754 2918 945 2952 Sisennam
971 2917 1053 2959 (nec
1079 2918 1213 2959 dubito,
1242 2917 1328 2961 quin
1354 2917 1399 2951 sit
1425 2916 1626 2957 historicus,
1654 2926 1768 2959 quum
