1915 3235
895 110 981 149 VIll

735 390 773 447 P
793 407 826 448 r
846 405 897 448 ae
918 389 950 447 f
959 406 997 447 a
1016 391 1042 446 t
1061 389 1081 447 i
1103 405 1134 447 o

443 510 616 551 alterius
652 508 877 549 voluminis
910 521 947 549 a.
980 506 1276 549 MDCCCXLII
1309 506 1423 548 editi.

266 697 391 776 Octo
423 736 522 774 sunt
554 733 666 781 anni,
701 746 753 773 ex
785 745 869 784 quo
902 731 1205 784 opusculorum
1239 731 1581 771 academicorum
1610 730 1727 771 volu-

147 829 244 856 men
278 815 403 857 edidi.
439 816 679 856 confectum
712 828 764 856 ex
797 814 846 855 iis
879 813 1043 862 libellis7
1078 826 1184 865 quos
1218 813 1272 853 ad
1305 813 1347 853 id
1380 815 1550 865 tempus
1582 813 1624 852 in
1647 825 1729 852 coe-

144 897 259 936 tibus
291 897 569 939 sollemnibus
602 898 807 949 festisque
847 895 1081 937 academiae
1120 897 1279 936 nostrae
1318 894 1553 936 indicendis
1593 893 1725 947 scrip-

144 991 298 1027 seram,
332 979 587 1033 duabusque
620 978 996 1032 disputationibus,
1038 991 1134 1030 quae
1166 977 1245 1018 illis
1278 980 1453 1030 propter
1485 976 1725 1029 argumenti

145 1061 442 1113 cognationem
475 1062 576 1103 addi
609 1061 832 1104 commode
865 1073 990 1114 posse
1023 1059 1294 1101 videbantur.
1342 1059 1389 1100 Ei
1414 1059 1619 1100 volumini
1646 1059 1727 1100 hoc

145 1145 187 1183 et
218 1143 401 1185 nominis
435 1145 735 1186 communione
768 1147 811 1185 et
851 1144 1112 1196 reliquarum
1154 1155 1297 1183 rerum
1334 1141 1610 1183 similitudine
1650 1141 1726 1182 ad-

144 1225 344 1278 iungitur.
418 1227 527 1268 Nam
561 1227 686 1268 huius
720 1240 890 1280 quoque
933 1227 1055 1279 longe
1096 1225 1303 1266 maiorem
1346 1229 1514 1277 partem
1556 1224 1730 1276 explent

144 1311 485 1360 programmata,
535 1323 630 1362 quae
670 1312 769 1363 post
808 1311 910 1351 illud
949 1312 1119 1362 tempus
1160 1307 1311 1348 Latino
1354 1320 1550 1349 sermone
1594 1306 1727 1355 edidi;

145 1392 257 1444 quod
291 1392 503 1433 scribendi
536 1406 669 1446 genus
702 1394 883 1446 posthac
916 1405 1013 1433 raro
1047 1392 1267 1444 attingam,
1302 1390 1505 1443 quoniam
1534 1389 1592 1430 ita
1615 1402 1729 1430 nunc

144 1475 259 1527 apud
292 1488 367 1515 nos
400 1475 641 1516 institutum
677 1478 753 1525 est,
798 1478 846 1516 ut
885 1477 926 1516 et
963 1475 1167 1527 pauciora
1200 1473 1372 1514 omnino
1405 1474 1729 1526 programmata

145 1558 395 1599 emittantur
443 1560 485 1599 et
532 1571 584 1599 ea
631 1558 720 1598 fere
767 1559 821 1599 ab
870 1557 1069 1598 omnibus
1110 1556 1424 1609 professoribus
1463 1568 1540 1608 per
1579 1555 1727 1596 orbem

144 1639 406 1690 scribantur3
455 1643 497 1682 et
534 1640 569 1681 si
609 1641 782 1693 quando
814 1641 919 1682 mihi
952 1643 1072 1681 extra
1105 1639 1299 1680 ordinem
1332 1638 1375 1679 id
1407 1651 1563 1679 munus
1596 1637 1728 1679 obve-

143 1722 244 1771 niet,
285 1723 442 1775 saepius
482 1725 622 1777 patrio
664 1737 862 1765 sermone
894 1723 1101 1764 utendum
1137 1723 1227 1771 erit,
1269 1722 1384 1774 quod
1416 1722 1501 1762 iam
1536 1720 1600 1761 his
1634 1720 1727 1761 feci.

143 1804 481 1857 Programmatis
514 1807 660 1848 addidi
692 1807 967 1859 praefationes
993 1807 1114 1856 duas⁷
1148 1805 1190 1846 in
1212 1805 1414 1846 similium
1436 1816 1579 1844 rerum
1610 1816 1727 1855 quae-

143 1888 280 1928 stione
325 1891 368 1929 et
415 1889 696 1941 explicatione
744 1890 918 1942 positas,
969 1892 1011 1930 et
1058 1889 1252 1929 analecta
1301 1887 1499 1940 quaedam
1548 1885 1727 1926 minora.

143 1970 409 2023 Argumenta
456 1972 573 2022 item,
619 1974 668 2012 ut
713 1972 756 2012 in
803 1972 1023 2024 superiore
1071 1971 1141 2011 illo
1182 1969 1411 2016 volumine,
1460 1982 1482 2009 e
1520 1967 1728 2009 Romanis

144 2052 272 2092 rebus
305 2053 540 2107 litterisque
575 2054 740 2095 delecta
773 2057 885 2104 sunt,
920 2054 1080 2095 Graecae
1114 2053 1247 2105 copiae
1280 2052 1590 2104 suavitatisque
1622 2051 1726 2092 nihil

144 2134 384 2176 admixtum
416 2136 592 2186 habent⁷
642 2137 757 2189 quod
799 2136 939 2177 adhuc
979 2136 1212 2177 academiae
1250 2137 1408 2176 nostrae
1448 2148 1540 2176 mos
1573 2134 1617 2175 in
1647 2134 1728 2175 illis

144 2217 243 2258 solis
276 2218 444 2260 scholas
485 2232 606 2260 meas
645 2219 865 2268 continuit,
915 2232 937 2259 e
981 2219 1136 2271 quibus
1181 2218 1268 2258 fere
1311 2217 1557 2258 huiusmodi
1599 2216 1729 2257 libelli

144 2302 400 2349 nascuntur3
448 2303 630 2354 posthac
669 2315 795 2354 spero
836 2315 905 2342 me
944 2314 1030 2342 non
1062 2301 1203 2342 tacitis
1236 2302 1404 2341 tantum
1438 2300 1589 2340 studiis
1623 2299 1727 2340 ube-

145 2382 300 2423 riorem
335 2383 602 2436 antiquitatis
636 2386 805 2437 partem
839 2385 1051 2425 culturum
1089 2397 1195 2424 esse.
1259 2383 1343 2423 Sed
1375 2383 1419 2423 in
1451 2382 1544 2435 ipsa
1577 2382 1728 2423 Latina

145 2464 385 2517 philologiae
426 2468 551 2518 parte
589 2467 648 2506 ita
691 2467 855 2517 cecidit,
905 2470 952 2508 ut
994 2480 1080 2507 una
1122 2468 1289 2507 tantum
1333 2466 1459 2506 huius
1504 2464 1729 2506 voluminis

145 2547 378 2600 disputatio
411 2562 462 2588 ex
493 2549 783 2590 institutorum
825 2550 1121 2591 Romanorum
1163 2548 1443 2601 explicatione
1482 2547 1729 2588 desumere-

145 2631 227 2679 tur⁷
268 2631 443 2682 reliquae
483 2645 632 2673 omnes
673 2634 747 2673 aut
786 2633 829 2673 in
867 2633 997 2673 rebus
1030 2631 1320 2685 grammaticis
1353 2633 1428 2671 aut
1460 2632 1502 2671 in
1534 2633 1729 2672 veterum

146 2713 402 2766 scriptorum
445 2714 562 2755 libris
602 2715 884 2755 emendandis
924 2715 1215 2755 difficiliumve
1257 2727 1307 2754 ac
1346 2713 1574 2754 dubiorum
1615 2713 1729 2754 loco-

145 2809 241 2837 rum
275 2797 546 2838 enarratione
580 2799 874 2846 versarentur;
908 2810 1061 2850 neque,
1096 2796 1211 2849 quod
1243 2796 1413 2836 animus
1445 2795 1614 2845 tulerat,
1648 2795 1729 2836 hoc

147 2881 341 2931 tempore
375 2879 550 2932 exsequi
590 2893 666 2932 per
706 2880 786 2920 alia
831 2879 1002 2932 negotia
1045 2879 1172 2927 licuit,
1222 2881 1265 2918 ut
1307 2878 1405 2918 huic
1448 2877 1729 2930 inaequalitati
