1915 3235
814 98 899 138 313

0 256 2 260 ‚
59 226 204 279 edidit,
238 226 328 278 ipse
360 226 622 267 retractavit.
636 223 668 278 ²)
731 226 948 268 Caesarem
981 228 1187 278 sequatur
1218 225 1374 275 Livius,
1417 226 1488 278 qui
1522 226 1563 266 in
1598 226 1646 267 iis

58 296 254 349 partibus
287 297 439 349 operis,
485 310 581 349 quae
613 297 717 338 satis
751 297 806 338 ad
839 297 1004 338 codices
1039 301 1201 337 exactae
1235 299 1348 345 sunt,
1389 309 1561 348 semper
1595 297 1651 337 ad

58 367 251 419 regulam
298 363 506 419 scribit.²)
585 367 695 408 Nam
728 368 812 417 VII,
848 368 886 417 5,
931 367 955 407 9
1005 367 1062 407 ad
1109 367 1416 407 conciliandam
1464 368 1647 421 qratiam

58 437 435 479 Drakenborchius
478 438 521 478 in
564 438 732 479 duobus
775 441 945 478 tantum
988 437 1111 478 codd.
1145 437 1434 478 mediocribus
1468 437 1687 486 invenit;.

59 508 222 560 reliqui,
267 511 314 549 ut
345 508 537 557 Hearnii,
587 522 823 561 omnesque
856 511 956 549 ante
996 508 1154 548 Aldum
1197 507 1293 548 edd.
1343 508 1649 548 conciliandam

58 579 235 620 habent.
298 579 345 619 In
383 579 456 620 lib.
490 579 637 629 XXVI,
671 580 741 628 43,
784 580 822 628 3,
871 579 945 619 ubi
992 579 1186 631 plerique
1237 578 1404 619 codices
1452 579 1652 619 lacunam

58 649 223 691 habent
254 649 356 702 (vid.
380 649 596 690 Drakenb.
630 649 686 690 ad
708 650 855 698 XXVI,
888 650 957 695 41,
996 648 1080 701 18),
1113 652 1261 689 tamen
1295 661 1346 689 ex
1378 649 1515 690 tribus
1544 649 1652 690 Dra-

59 719 320 769 kenborchii,
356 721 427 773 qui
459 721 612 774 integri
645 724 779 770 erant,
815 720 899 761 duo
933 733 1031 760 cum
1063 720 1223 772 Sigonii
1256 719 1349 760 cod.
1384 722 1426 760 et
1457 719 1654 760 Palatino

61 793 103 831 et
142 790 238 831 edd.
274 793 375 832 vett.
415 791 659 832 habebant:
709 791 766 831 ad
812 790 955 831 ‘arbem
1002 805 1128 831 anam
1179 790 1519 845 oppaynandam,
1568 802 1654 830 non

60 861 398 915 oppaynandam.
463 862 654 903 Tantum
686 862 818 912 XXX,
853 862 921 911 37,
958 862 979 901 ’ἶ
1016 862 1179 913 aliquot
1212 861 1334 902 codd.
1369 861 1552 901 habent:
1600 860 1655 900 ad

60 931 392 972 dissuadendum
431 947 601 986 pacem,
657 933 799 973 nullus
846 935 1014 981 tamen,
1063 932 1175 972 inter
1222 931 1653 972 Drakenborchianos

60 1002 246 1054 quidem,
281 1016 333 1043 ex
365 1003 627 1045 melioribus.
675 1004 722 1043 In
754 1017 806 1044 ea
839 1006 962 1055 parte
995 1003 1113 1051 Livii,
1148 1004 1191 1043 in
1224 1016 1309 1055 qua
1342 1003 1530 1043 maxime
1560 1013 1655 1054 reg-

61 1073 198 1114 nabat
229 1073 364 1114 codex
396 1074 683 1126 Moguntinus,
718 1074 893 1114 minime
917 1076 1118 1114 accurate
1141 1086 1281 1126 neque
1310 1073 1435 1126 plene
1461 1073 1654 1118 collatus,

61 1143 258 1185 obiicitur
290 1144 515 1193 XXXVIII,
556 1145 595 1186 3
639 1145 683 1184 7:
734 1145 790 1185 ad
836 1144 1081 1185 tentandam
1128 1145 1320 1184 ultumam
1367 1157 1492 1197 spem,
1542 1143 1657 1195 quod

61 1217 279 1255 servatum
320 1218 397 1263 est,
447 1216 527 1256 etsi
567 1218 733 1268 septem
774 1215 1114 1256 Drakenborchii
1155 1215 1277 1256 codd.
1318 1215 1542 1255 habebant
1573 1219 1656 1255 ten-

60 1286 249 1326 tandam.
297 1286 388 1327 Iam
420 1286 501 1327 hoc
534 1286 577 1326 in
609 1286 932 1338 Bambergensi,
967 1288 1158 1327 omnium
1194 1286 1397 1338 principe,
1434 1288 1653 1338 repertum
1679 1297 1727 1320 ’πῖ

61 1356 319 1397 dubitationi
367 1358 601 1398 obnoxium
649 1370 735 1398 non
783 1359 860 1397 est.
876 1353 910 1408 3)
973 1357 1078 1397 Haec
1127 1370 1261 1409 quum
1308 1357 1367 1397 ita
1415 1356 1512 1404 sint,
1563 1356 1656 1408 quis

61 1441 192 1469 sanus
237 1441 288 1468 ex
333 1441 384 1468 ea
426 1433 549 1480 parte
594 1428 712 1477 Livii,
762 1441 858 1480 quae
890 1428 1049 1480 partim
1083 1428 1214 1468 solius
1248 1427 1444 1468 editionis
1477 1427 1656 1479 Mogun-

64 1499 164 1538 tinae
206 1498 296 1551 (lib.
329 1499 403 1539 XL
441 1512 467 1539 a
500 1511 534 1538 c.
569 1498 621 1538 37
658 1498 714 1539 ad
746 1497 836 1550 fin.)
876 1499 1134 1539 auctoritate
1176 1498 1337 1546 nititur,
1388 1512 1484 1550 quae
1527 1511 1658 1550 quam

60 1569 218 1610 multos
251 1569 412 1611 habeat
444 1569 611 1623 legendi
651 1572 692 1609 et
724 1569 994 1622 negligentiae
1029 1582 1208 1617 errores,
1259 1569 1302 1609 in
1342 1569 1450 1610 libro
1484 1568 1659 1609 XXXIII

62 1641 329 1693 patefactum
364 1644 439 1690 est,
490 1641 648 1693 partim
688 1640 818 1681 solius
861 1640 1016 1681 codicis
1057 1639 1430 1680 Laurishamensis
1473 1642 1514 1680 et
1546 1639 1658 1679 male

62 1711 203 1752 affecti
236 1724 315 1752 nec
348 1711 670 1764 diligentissime
716 1711 896 1751 adhibiti
940 1723 1017 1751 nec
1062 1710 1105 1750 in
1137 1710 1277 1762 prima
1311 1710 1496 1751 editione
1530 1722 1656 1750 accu-

61 1784 153 1822 rate
188 1783 379 1834 expressi
410 1782 495 1822 fide
529 1781 618 1834 (lib.
643 1782 736 1822 XLI
762 1782 817 1822 ad
850 1781 954 1833 fin.),
990 1781 1095 1833 quis,
1130 1781 1320 1833 inquam,
1355 1781 1453 1821 hinc
1487 1781 1657 1821 obiiciet

61 1856 149 1893 tres
182 1853 285 1894 istos
318 1853 432 1894 locos
465 1853 550 1903 XL,
585 1853 654 1902 49,
688 1852 812 1901 XLII,
854 1853 893 1901 Γ),
934 1852 1057 1901 XLII,
1098 1849 1228 1903 43:³4)
1277 1852 1441 1892 Eadem
1482 1864 1658 1903 prorsus

64 1926 130 1964 est
161 1924 270 1964 ratio
303 1923 450 1964 Velleii
472 1923 687 1964 Paterculi
708 1923 756 1972 II,
791 1923 846 1963 59
881 1921 975 1974 [ubi
1006 1936 1120 1963 nunc
1152 1923 1195 1963 in
1229 1923 1480 1975 apographo
1502 1922 1656 1962 Amer—

63 1994 205 2035 bachii
247 1997 411 2035 rectum
456 1994 732 2034 erudiendam
774 1994 996 2034 inventum
1042 1993 1140 2046 est].
1204 1994 1337 2034 Multo
1381 1994 1517 2046 magis
1550 1993 1657 2041 haee,

100 2158 130 2201 ¹)
156 2158 278 2203 [Apud
312 2160 522 2196 Varronem,
561 2161 754 2202 postquam
787 2159 829 2192 R.
856 2159 898 2192 R.
926 2158 950 2198 1,
985 2158 1039 2199 17,
1073 2158 1093 2191 6
1121 2158 1255 2192 Keilius
1288 2162 1384 2192 recte
1417 2169 1435 2191 e
1470 2157 1655 2191 codicibus

156 2218 313 2252 restituit
339 2218 607 2252 nominativum
635 2219 851 2251 mice'endum
882 2216 1024 2258 (debuit
1057 2217 1213 2251 scribere
1244 2215 1489 2258 inle'oiendam)
1523 2216 1658 2250 omisso

157 2279 215 2318 ad,
242 2288 357 2311 unum
384 2281 495 2311 restat
521 2277 728 2310 huiusmodi
757 2277 931 2310 mendum
958 2276 995 2309 L.
1023 2276 1062 2309 L.
1089 2276 1147 2317 IX,
1174 2275 1219 2308 42
1245 2287 1279 2320 p.
1302 2274 1369 2308 136
1396 2275 1491 2319 Bip.:
1519 2277 1567 2308 ad
1588 2276 1661 2308 dis-

158 2339 371 2370 cernendum
397 2338 490 2371 vocis
515 2337 612 2370 verbi
635 2337 774 2379 fiyaras
801 2335 837 2368 in
863 2335 941 2368 loco
968 2335 1013 2368 ol)
1040 2334 1129 2368 alias
1155 2345 1282 2368 causas
1309 2332 1504 2378 suspecto]

102 2392 131 2436 ²)
156 2395 336 2429 Drakenb.
370 2396 416 2429 ad
447 2395 525 2435 XL,
557 2394 619 2428 49:
665 2395 856 2428 Observavi
893 2398 1011 2426 autem
1049 2396 1218 2427 continua
1257 2395 1416 2428 codicum
1447 2404 1530 2427 mss.
1564 2394 1662 2426 Livii

158 2457 380 2497 tractatione,
407 2465 474 2495 eos,
501 2466 568 2498 quo
595 2455 817 2497 antiquiores
842 2457 873 2486 et
898 2454 1109 2495 i‘nteffldores
1134 2458 1228 2493 sant,
1255 2464 1293 2487 eo
1319 2454 1543 2486 constantius
1569 2453 1661 2485 hanc

158 2515 315 2556 formam
341 2513 549 2557 (participii)
574 2524 727 2553 servare,
764 2512 823 2544 abi
841 2512 979 2554 peioris
1012 2517 1102 2545 notoe
1127 2512 1213 2545 libri
1235 2512 1414 2555 yet-anaia
1441 2516 1658 2553 supponant.

159 2572 278 2616 Atque
304 2573 333 2605 is
358 2575 482 2606 tamen
508 2583 581 2605 non
607 2570 770 2605 distinxit
795 2579 943 2613 genera3
971 2580 1057 2603 nam
1084 2570 1119 2604 in
1146 2580 1200 2611 eO,
1227 2570 1324 2614 quod
1350 2581 1416 2603 nos
1445 2572 1656 2608 tractamus,

158 2641 203 2664 ne
229 2630 369 2675 peiores
401 2631 548 2675 quidem
581 2630 661 2664 libri
694 2629 762 2663 nisi
796 2640 877 2662 raro
911 2628 1062 2662 variant.
1114 2629 1309 2662 Discebant
1347 2628 1449 2672 pueri
1490 2627 1660 2667 triviales,

158 2700 223 2733 per
259 2689 475 2733 gerundium
502 2689 701 2733 legitimam
734 2699 811 2722 esse
849 2691 1080 2729 structuram,
1119 2698 1199 2731 quae
1237 2690 1441 2722 mutaretur
1478 2686 1515 2720 in
1553 2685 1667 2729 partis

160 2748 305 2792 cipium.

103 2805 130 2849 ³)
157 2805 249 2850 [Lib.
275 2807 433 2847 XXXIII,
466 2806 511 2840 28
544 2810 632 2841 extr.
667 2806 841 2840 edebatur
874 2806 921 2838 ad
954 2806 1245 2848 depopulandum
1270 2806 1443 2848 proxima
1483 2805 1659 2842 Thracioe;

160 2866 437 2910 Bambergensis
463 2865 573 2899 habet
601 2862 880 2908 depopulanda]

103 2922 132 2966 ⁴)
159 2923 216 2967 [In
241 2924 362 2958 codice
388 2924 683 2958 Laurishamensi
710 2927 864 2966 utroque
888 2922 966 2956 loco
994 2922 1171 2956 mendose
1199 2919 1394 2963 scribitur]
