1915 3235
980 110 1064 152 706

222 243 377 289 ζίγωσιν
409 242 556 282 autem
591 240 749 281 dixisse
781 240 1045 282 matrimonii
1078 239 1291 293 copulam,
1327 252 1413 292 qua
1445 238 1649 292 coniuges
1675 242 1824 287 ζυγοῦν-

221 328 288 349 ται.
352 311 560 352 Iunonem
596 316 724 359 ζυγῑαν
749 324 900 352 omnes
932 313 1105 353 norunt.
1168 309 1438 352 Sententiam
1472 309 1644 351 Grotius
1677 309 1824 362 aliqua

221 396 273 424 ex
312 385 436 435 parte
475 385 701 424 assecutus
744 385 828 431 est;
877 382 954 423 sed
996 384 1146 423 tamen
1182 389 1285 419 τέκνα
1321 382 1369 422 ut
1409 379 1676 423 nominativo
1719 392 1824 422 casu

219 454 411 507 positum
444 453 754 506 interpretatus
788 457 866 494 est.

341 559 384 613 n)
428 560 633 601 Eiusdem
676 572 728 600 ex
766 559 931 602 incerta
972 559 1186 613 tragoedia
1226 558 1328 613 (148
1362 558 1529 608 Matth.⁷
1573 556 1629 599 99
1661 554 1821 610 Dina),

221 631 338 685 apud
371 631 639 673 Clementem
671 630 1035 672 Alexandrinum:

500 734 646 768 ’Ἔπειτα
672 736 808 772 παῖδας
833 733 899 768 σύν
924 736 1067 780 πικραῖς
1091 733 1267 779 α’λγηδόσι

505 798 626 827 τίκτω·
653 796 799 827 τεκοῦσα
827 792 874 835 d',
903 793 947 836 ἢν
971 794 1039 840 μὲν
1064 792 1227 839 ἄφρονας
1254 797 1350 833 τέκω,

506 855 612 886 στένω
637 857 806 899 ματαίως,
831 855 1003 898 εἰσορῶσα
1027 853 1098 899 μὲν
1123 852 1264 894 κακούς,

501 910 678 958 χρηστούς
705 910 741 946 δ”
767 910 954 946 τῖπολέσασ’
970 923 977 930 ·
1005 911 1050 954 ἧν
1075 912 1113 945 δὲ
1138 913 1197 945 καὶ
1223 915 1472 958 σεσωσιιένους,

507 970 601 1012 τήκω
627 970 800 1004 τάλαιναν
825 972 981 1015 καρδίαν
1006 970 1179 1016 ὀρρωδίᾳ.

221 1070 284 1111 Ex
315 1069 382 1110 his
415 1068 576 1110 frustra
607 1068 804 1110 homines
838 1069 952 1110 docti
985 1071 1150 1110 rectam
1182 1066 1444 1109 sententiam
1478 1065 1651 1107 efficere
1683 1063 1826 1106 conati

221 1142 333 1190 sunt,
383 1138 587 1192 quoniam
628 1146 700 1176 τῶν
725 1141 897 1188 ἀφρόνων
936 1141 1018 1181 hoc
1056 1139 1234 1181 minime
1274 1138 1499 1191 proprium
1538 1138 1616 1187 est,
1663 1137 1713 1177 ut
1752 1148 1825 1177 eos

220 1213 361 1252 mater
401 1210 542 1251 salvos
583 1210 831 1264 conspiciat,
880 1210 915 1251 si
956 1218 1065 1246 κακοί
1100 1210 1198 1260 sint,
1248 1209 1434 1258 amittat,
1483 1208 1519 1249 si
1552 1215 1714 1257 χρηστοί.
1777 1206 1826 1247 In

221 1284 303 1324 hac
347 1281 521 1334 quidem
561 1294 606 1321 re
646 1294 726 1322 nec
765 1283 970 1330 φρονήσεως
1010 1294 1090 1322 nec
1131 1281 1337 1328 ἀφροσύνης
1378 1279 1477 1320 ullae
1519 1280 1667 1332 partes
1709 1279 1824 1319 sunt.

220 1354 372 1406 Itaque
416 1351 617 1393 contrarii
660 1351 823 1404 aliquid
865 1365 958 1393 esse
1000 1352 1151 1393 volunt
1192 1351 1237 1392 in
1280 1357 1351 1392 τοῖς
1383 1354 1558 1401 ἄφροσιν,
1608 1349 1681 1403 qui
1722 1356 1831 1386 κακοί

222 1425 319 1475 sint,
367 1426 409 1465 et
442 1430 513 1465 τοῖς
534 1429 711 1473 χρηστοῖς,
762 1436 814 1464 ex
853 1436 938 1475 quo
978 1423 1193 1464 sententia
1225 1435 1311 1464 non
1345 1421 1488 1462 minus
1521 1433 1658 1474 prava
1690 1419 1827 1461 oritur

222 1509 354 1549 quam
388 1495 545 1544 orati03
593 1508 696 1535 nam
734 1506 815 1534 nec
848 1499 881 1530 οἱ
907 1496 1063 1543 ἄφρονες
1100 1493 1146 1534 in
1183 1493 1298 1534 bello
1331 1505 1504 1545 semper
1535 1491 1679 1545 ignavi
1710 1492 1825 1541 sunt,

222 1569 265 1608 et
302 1567 375 1608 illa
415 1566 603 1619 parffifiQ
654 1579 751 1618 quae
794 1566 858 1606 est
900 1565 943 1605 in
983 1570 1153 1614 εἰσορῶσα
1196 1566 1238 1605 et
1276 1566 1474 1601 α’πολέσασα
1515 1568 1569 1609 δέ,
1607 1564 1738 1604 κακούς
1785 1563 1828 1602 et

217 1639 410 1687 χρηστούς,
458 1637 731 1690 apertissime
776 1635 1000 1677 subiicitur
1045 1635 1263 1677 communi
1306 1635 1365 1676 illi
1409 1634 1648 1676 condicioni
1690 1635 1736 1678 ἢν
1759 1635 1828 1682 μὲν

223 1731 266 1735 -
293 1714 390 1748 τέκω.
461 1706 615 1760 (Paulo
657 1707 833 1748 liberius
877 1707 1113 1759 duriusque
1157 1706 1313 1747 deinde
1358 1706 1574 1747 sententia
1614 1704 1727 1746 redit
1770 1703 1828 1745 ad

222 1782 405 1826 ἐισοριῦσα,
444 1781 493 1819 ut
514 1778 614 1820 inde
641 1778 844 1820 audiatur
876 1779 950 1825 ὄρῶ
978 1779 1054 1818 aut
1082 1782 1152 1814 ι”δω
1173 1777 1217 1818 in
1239 1777 1325 1819 his:
1361 1780 1405 1822 ἢν
1430 1781 1469 1814 δὲ
1486 1781 1547 1814 καὶ
1564 1778 1826 1825 σεσωσμένους.)

223 1847 409 1890 Omnino
452 1851 654 1898 ἀφροσύνης
694 1849 856 1890 mentio
907 1849 962 1890 ab
1013 1849 1096 1890 hoe
1144 1848 1237 1890 loco
1281 1848 1544 1890 alienissima
1586 1850 1664 1890 est.
1737 1847 1827 1888 Nec

222 1922 371 1961 tamen
404 1933 469 1970 ea,
519 1934 615 1973 quae
655 1920 869 1970 dicuntur,
919 1920 975 1960 ad
1008 1932 1157 1961 omnes
1189 1919 1349 1961 liberos
1381 1919 1612 1973 pertinent,
1661 1917 1738 1960 sed
1770 1917 1828 1959 ad

223 2004 379 2041 mares,
413 1992 457 2032 in
490 1991 646 2044 quihus
680 1991 780 2032 solis
813 1990 856 2031 in
887 1990 1050 2032 bellum
1073 1991 1214 2031 missis
1236 1990 1408 2043 ignavia
1429 1992 1526 2033 tuta
1553 1993 1596 2032 et
1617 1989 1825 2032 fortitudo

223 2062 465 2114 periculosa
512 2062 807 2115 seiungantur.
870 2062 1021 2114 Itaque
1059 2061 1153 2102 haee
1191 2061 1440 2103 necessaria
1488 2064 1553 2103 est
1599 2060 1826 2102 sententiae

224 2132 383 2174 forma:
419 2135 464 2177 ἢν
487 2137 557 2182 μὲν
582 2135 734 2182 ἄρσενας
766 2139 865 2174 τέκω.
929 2132 991 2173 De
1024 2131 1218 2173 feminini
1258 2144 1386 2173 sexus
1419 2132 1564 2174 liberis
1598 2145 1694 2185 quae
1727 2133 1827 2185 post

225 2203 339 2244 dicta
373 2206 509 2254 erant,
543 2217 630 2246 non
663 2206 848 2245 exstant.

344 2308 383 2362 ο)
431 2310 734 2363 Aristophanis
779 2323 800 2350 e
845 2309 1000 2351 Cocalo
1044 2308 1146 2362 (128
1190 2308 1338 2359 Dind.‚
1387 2308 1515 2349 huius
1560 2307 1721 2349 fahulae
1763 2306 1825 2360 3),

225 2380 343 2433 apud
374 2380 635 2422 Athenaeum
667 2381 738 2431 XI,
771 2381 857 2422 478
890 2381 941 2421 D.

1074 2458 1197 2492 'amah

441 2518 737 2564 ὑποπρεσβύτεραι
763 2522 872 2564 γρᾶες
901 2521 1035 2553 Θασίου
1060 2519 1215 2564 μέλανος
1239 2515 1369 2564 μεστόν
1395 2519 1413 2538 ²³
1439 2519 1458 2539 ’ἓ

440 2582 741 2625 κεραμευομέναις
766 2576 929 2616 κοτύλαις
953 2576 1128 2623 μεγάλαις
1155 2577 1296 2623 [ἔγχεον
1321 2576 1369 2620 ἐς]
1397 2579 1565 2622 σφέτερον
1592 2577 1707 2620 δέμας

1294 2634 1430 2670 οὖδὲνα
1455 2634 1597 2681 κόσμον.

349 2686 465 2731 [ἔρωτι
490 2684 702 2731 βιαζόμεναι
727 2687 880 2730 μέλανος
906 2687 1005 2717 οἴνου
1031 2682 1216 2728 (ἷκράτου.]

228 2784 296 2825 Sic
329 2782 594 2829 Dindorfius3
635 2784 677 2821 et
710 2781 859 2822 deesse
892 2780 1213 2823 substantivum
1246 2781 1345 2833 post
1375 2781 1504 2829 μεστόν
1540 2777 1822 2820 manifestum

230 2856 307 2895 est.
365 2853 509 2894 Verba
541 2857 669 2901 ἔγχεον
695 2856 729 2893 ἐς
762 2852 854 2901 etsi,
888 2857 935 2893 ut
966 2864 1081 2893 nunc
1113 2851 1372 2900 scribuntur,
1407 2853 1546 2891 metro
1579 2850 1824 2902 repugnant
