1915 3235
842 131 926 173 649

93 259 333 313 argumenti
366 259 767 310 dissimilitudinem,
802 274 857 302 an
890 274 1032 302 rerum
1067 261 1512 303 coniunctissimarum
1545 262 1679 318 (quem

91 335 258 371 senatus
290 353 345 358 —
377 331 666 384 appellavisset
699 353 750 357 ——
784 331 903 371 illum
935 331 1124 372 ordinem
1165 355 1217 360 ——
1260 332 1460 385 eluxisset)
1500 333 1679 375 distrac-

92 401 265 451 tionem,
307 413 363 441 an
394 401 653 453 pravitatem
684 400 811 441 huius
843 401 1066 443 sententiae
1105 403 1432 456 progressionis:
1481 405 1552 459 qui
1581 418 1679 458 per-

91 471 281 512 turbatus
313 475 369 512 est
407 494 459 498 —-
500 471 738 512 movebatur
778 472 930 521 animo,
970 485 1026 513 an
1065 473 1250 525 protasis
1289 487 1462 515 omnem
1502 477 1679 516 eventus

93 554 269 583 causam
302 542 536 594 complexae
576 554 672 582 cum
713 542 891 594 apodosi
924 543 1110 595 primum
1145 543 1267 596 quasi
1300 547 1479 586 eventus
1512 545 1679 586 initium

93 611 357 665 significante
389 610 660 665 (movebatur)
695 612 1049 663 coniunctionem,
1089 627 1146 655 an
1185 614 1368 667 denique
1407 613 1679 668 impeditissi-

94 695 228 732 mum,
260 695 345 724 non
379 695 565 731 cursum,
599 682 675 723 sed
705 685 855 724 tamen
886 685 1052 724 motum
1085 685 1428 738 qualemcunque
1454 686 1678 728 orationis:

92 767 209 808 quem
242 776 294 780 -
330 753 631 806 appellavisset,
665 754 825 808 quique,
870 767 960 794 eum
994 777 1050 782 —
1083 755 1279 807 (luxisset,
1305 756 1578 809 perturbatus
1610 763 1678 809 est,

92 847 146 852 —
179 837 270 864 ctum
303 824 482 864 audiret.
546 823 598 864 Et
636 826 782 865 tamen
816 824 999 865 Orellius
1038 825 1080 865 in
1120 817 1373 878 praefatione
1411 827 1493 868 hoc
1531 827 1679 868 inven-

89 897 182 935 tum
214 895 295 936 sibi
334 895 504 948 placere
544 893 810 947 significavit.
873 895 995 936 Adeo
1038 908 1124 937 non
1165 896 1288 937 firme
1330 897 1487 938 veritas
1530 898 1681 939 intelli·

91 965 202 1017 gitur
233 978 312 1006 nec
342 967 527 1006 tenetur.

209 1033 232 1087 ἓ
267 1036 320 1076 12
352 1035 554 1084 Klotzius,
589 1035 838 1085 Beneckius,
881 1036 1093 1077 Soldanus
1127 1036 1371 1079 ediderunt:
1420 1039 1580 1090 Quanto
1611 1040 1680 1080 ille

92 1104 357 1158 (Pompeius)
390 1107 623 1160 superiores
654 1107 811 1147 vicerat
846 1107 998 1160 yloricc,
1040 1112 1153 1147 tanto
1191 1113 1235 1148 tu
1274 1108 1453 1161 (Caesar)
1493 1109 1680 1150 omnibus

83 1177 334 1230 praestitisti,
368 1177 735 1228 quemadmodum
764 1177 969 1229 scriptum
1004 1180 1068 1218 est
1096 1177 1137 1217 in
1164 1178 1264 1227 Erf.,
1299 1179 1408 1220 Gud.
1435 1180 1474 1229 2,
1509 1180 1677 1230 Sahsb„

90 1247 187 1288 Par.
224 1248 290 1296 11,
334 1247 439 1288 aliis,
511 1248 667 1288 Verum
718 1248 789 1300 qui
837 1248 896 1289 sic
943 1248 1142 1300 loquitur,
1192 1250 1239 1297 is,
1289 1252 1450 1302 quanta
1499 1250 1678 1293 Caesaris

91 1317 224 1370 gloria
255 1317 321 1367 sit,
356 1318 543 1358 ostendit
574 1318 768 1371 Pompeii
802 1319 1143 1371 comparatione;
1185 1319 1345 1369 Cicero,
1387 1321 1575 1362 Deiotari
1609 1335 1677 1363 ex-

92 1388 270 1429 cusandi
318 1401 467 1437 causa,
517 1391 677 1441 quanta
726 1389 920 1442 Pompeii
967 1390 1100 1442 gloria
1149 1391 1297 1433 fuerit.
1348 1395 1677 1440 commemorat;

90 1458 235 1511 itaque
268 1460 411 1500 omnia
444 1459 631 1499 breviter
665 1460 1047 1512 comprehendens,
1088 1464 1255 1502 tantam
1296 1463 1354 1503 ait
1387 1463 1516 1504 fuisse
1550 1463 1678 1504 Pom-

89 1529 172 1582 peii
205 1529 350 1582 gloriae
381 1533 540 1582 praeter
573 1534 736 1571 ceteros
780 1531 1091 1583 praestantiam.
1141 1536 1302 1584 quanta
1342 1547 1455 1575 nunc
1498 1534 1678 1575 Caesaris

90 1600 156 1641 sit.
218 1601 470 1642 Necessario
503 1601 629 1654 igitur
661 1601 903 1653 superiores
936 1602 1120 1643 editores
1161 1604 1295 1645 secuti
1336 1607 1458 1646 erant
1496 1605 1678 1658 scriptu-

90 1684 182 1711 ram
207 1670 388 1712 aliorum
413 1671 607 1712 codicum
630 1671 757 1724 (Gud.
780 1673 815 1720 1„
850 1672 1078 1722 pithoeani,
1114 1673 1232 1726 cet.):
1273 1675 1405 1716 Tanto
1430 1699 1482 1702 —
1506 1681 1677 1730 (lacuum

92 1744 221 1794 atque
253 1741 313 1782 ita
346 1742 554 1794 scriptum
587 1741 720 1783 habet
754 1742 925 1783 Servius
960 1744 1014 1783 ad
1047 1745 1140 1785 AEn.
1174 1745 1243 1794 XI,
1277 1746 1376 1787 438.

207 1809 230 1862 ἓ
267 1812 317 1852 16
352 1811 491 1852 editur
523 1812 578 1852 ab
618 1813 817 1854 omnibus
859 1814 987 1854 etiam
1027 1815 1318 1867 superioribus
1358 1815 1532 1868 (praeter
1571 1815 1677 1868 me):

94 1882 211 1932 Quod
242 1883 373 1936 iyitm·
402 1882 572 1934 facinus
606 1897 675 1923 nee
707 1884 750 1924 in
784 1884 985 1925 hominem
1021 1886 1322 1939 ‘imprudentem
1365 1887 1512 1927 cadere
1543 1892 1679 1940 posset

82 1957 256 2006 propter
297 1958 447 1993 metum
482 1955 704 2007 proeseutis
746 1956 862 1995 eritis
904 1958 997 2003 cet„
1047 1969 1124 1996 nec
1169 1957 1394 1998 discedunt
1435 1958 1474 2005 ii,
1525 1958 1679 2010 quibus

90 2023 278 2064 maxime
311 2023 510 2066 creditur.
559 2025 739 2066 codices.
803 2026 887 2066 Sed
921 2026 1028 2066 Gud.
1070 2030 1101 2075 l,
1143 2027 1267 2077 Pith„
1317 2028 1387 2068 alii
1419 2028 1582 2069 liabent
1613 2042 1678 2069 ea-

91 2093 215 2143 deret,
266 2094 380 2147 quod
422 2095 456 2135 si
499 2096 593 2147 quis
635 2109 721 2137 non
764 2096 854 2148 ipse
897 2110 973 2137 sua
1015 2101 1167 2150 sponte
1210 2098 1415 2151 intelliget
1448 2112 1473 2139 a
1506 2098 1678 2139 librario

91 2164 343 2205 dissolutum
377 2167 419 2206 et
451 2165 677 2206 dilatatum
699 2167 1016 2219 perspicuitatis
1040 2181 1169 2209 causa
1192 2181 1297 2218 esse,
1332 2169 1457 2209 velim
1482 2169 1677 2210 animad-

90 2237 241 2284 vertat,
290 2235 333 2276 in
375 2236 567 2277 oratione
611 2251 689 2290 pro
723 2237 895 2287 Quintio
928 2238 950 2289 g
984 2239 1052 2287 158,
1103 2239 1218 2291 quod
1261 2239 1407 2281 Cicero
1450 2240 1680 2292 scripserat

91 2306 254 2360 quicum
294 2308 553 2360 experiretur
593 2306 656 2359 (ut
697 2310 759 2348 est
798 2308 841 2348 in
879 2308 970 2349 cod.
1004 2309 1284 2361 palimpsesto
1318 2310 1605 2363 Taurinensi),
1654 2324 1678 2351 a

91 2376 274 2418 librariis
307 2377 468 2418 factum
504 2390 596 2418 esse
630 2380 813 2431 e;rperir2'
838 2384 987 2432 posset.

209 2445 316 2498 §21
362 2448 509 2488 Cicero
552 2450 805 2500 scripserat:
853 2450 895 2489 in
940 2449 1121 2489 eubiculo
1166 2450 1288 2490 malle
1330 2450 1488 2500 dixisti,
1540 2453 1585 2491 ut
1629 2464 1679 2491 ex

92 2517 382 2569 superioribus
414 2519 723 2571 intelligeretur
755 2533 924 2567 romei-e,
967 2532 1149 2572 eamque
1189 2521 1443 2573 scripturam
1479 2534 1678 2561 servave-

91 2590 187 2628 runt
222 2588 330 2629 Gud.
360 2590 379 2629 1
416 2593 457 2630 et
491 2590 723 2630 deteriores
756 2590 912 2642 plures,
948 2590 1221 2639 Hauniensis,
1255 2591 1496 2639 BeruensiS,
1531 2592 1678 2632 Mona-

92 2670 239 2699 censes
272 2659 370 2700 duo.
434 2660 627 2708 Librarii,
671 2662 745 2701 aut
778 2660 892 2711 quod
926 2673 1029 2700 casu
1063 2673 1114 2701 ex
1146 2661 1327 2701 eubiculo
1361 2663 1483 2702 malle
1515 2662 1678 2705 factum

93 2731 186 2770 erat
217 2729 442 2770 cubiculum
478 2731 613 2779 malle,
647 2730 864 2783 geminata
896 2731 1037 2771 littera
1068 2745 1106 2770 m
1141 2731 1206 2783 (ut
1237 2734 1301 2772 est
1331 2732 1373 2772 in
1407 2731 1677 2783 Coloniensi),

92 2803 167 2839 aut
198 2800 339 2851 potius
373 2800 490 2852 quod
520 2801 777 2841 infinitivum
810 2801 1116 2842 desiderabant
1149 2815 1228 2842 nec
1260 2807 1296 2842 te
1328 2804 1535 2843 omissum
1568 2802 1678 2843 fere—

91 2868 210 2918 bant,
244 2869 457 2911 fecerunt:
494 2872 537 2911 in
569 2871 796 2911 cubiculum
831 2876 867 2911 te
901 2872 961 2911 ire
992 2872 1115 2911 ‘malle
1147 2872 1306 2914 dixisti.
1341 2873 1468 2924 idque
1495 2873 1677 2913 editores

91 2941 323 2981 tenuerunt
355 2943 397 2981 et
429 2941 670 2993 superiores
711 2943 750 2981 et
790 2941 1061 2989 recentiores,
1111 2942 1191 2982 nisi
1231 2943 1345 2994 quod
1385 2942 1567 2983 Orellius
1610 2955 1678 2982 me

1700 556 1750 581 310

1699 2667 1747 2691 311
