1915 3235
844 149 899 190 85

85 278 226 320 dicum
257 278 301 319 in
332 278 528 319 exsilium
559 280 731 319 secutus
763 280 840 328 est,
874 290 1088 331 quemque
1121 277 1280 325 Cicero,
1314 276 1387 329 qui
1419 289 1515 317 cum
1546 276 1664 317 Attio

85 350 247 390 exactae
279 349 417 389 aetatis
449 335 551 389 sene
584 348 816 389 collocutus
854 350 931 398 est,
973 348 1220 389 adolescens
1260 348 1471 388 seniorem
1503 347 1667 388 audivit

85 417 221 472 (Brut.
246 418 314 468 56,
348 417 465 471 207).
513 418 677 459 Saevius
702 431 871 471 quoque
894 418 1081 460 Nicanor
1105 416 1298 472 (Sueton.
1325 417 1378 458 de
1402 418 1458 458 ill.
1483 430 1664 470 gramm.

85 487 129 542 5)
161 491 204 530 et
234 489 433 530 Aurelius
465 488 642 541 Opilius,
676 489 748 541 qui
780 502 819 529 a.
853 489 938 530 662
970 502 1003 529 s.
1029 489 1085 529 92
1116 489 1163 530 Ρ.
1186 488 1397 529 Rutilium
1427 487 1592 529 Rufum
1622 488 1667 528 in

84 559 233 601 Asiam
265 563 330 600 est
370 561 553 609 secutus,
603 572 735 612 quum
776 561 906 600 antea
943 559 1096 615 Romae
1134 559 1464 612 philosophiam,
1512 558 1666 599 deinde

84 630 355 679 rhetoricam,
390 630 446 671 ad
477 632 719 671 extremum
746 630 1074 682 grammaticam
1098 630 1312 671 docuisset
1335 628 1470 682 (Suet.
1495 629 1583 670 ibd.
1609 627 1666 680 6),

84 700 202 742 Attio
234 702 486 741 senescente
516 701 765 741 floruerunt.
827 700 969 752 Atque
993 700 1082 741 'hoc
1119 703 1314 753 tempore
1347 701 1507 753 quanto
1539 712 1668 752 opere

85 771 330 812 huiusmodi
361 771 505 812 studia
538 771 654 824 apud
684 771 906 812 Romanos
938 771 1162 823 viguerint,
1195 773 1316 824 patet
1346 770 1414 811 vel
1447 783 1498 811 ex
1522 770 1670 811 Lucilii

87 841 296 894 exemplo,
346 842 417 894 qui
449 841 557 883 libro
589 854 703 882 nono
735 842 966 882 satirarum
999 841 1331 895 orthographica
1362 842 1423 882 ita
1454 842 1668 889 tractavit,

85 914 134 953 ut
180 912 233 953 de
280 911 454 965 singulis
502 912 652 953 litteris
691 914 909 964 praecepta
947 911 1148 964 deinceps
1187 914 1379 964 poneret,
1429 914 1471 952 et
1515 913 1559 952 in
1604 911 1671 952 his

86 983 215 1023 rebus
248 984 397 1023 auctor
435 995 461 1023 a
492 983 800 1035 posterioribus
841 983 995 1033 citatus
1035 984 1101 1028 est
1139 980 1240 1033 (vid.
1275 981 1441 1034 fragm.,
1483 983 1671 1023 maxime

87 1052 231 1103 Quint.
264 1052 293 1102 Ι,
328 1053 367 1102 6,
402 1053 451 1101 8;
498 1053 527 1101 Ι,
563 1053 601 1101 7,
638 1053 711 1101 15;
763 1054 797 1101 1,
833 1054 871 1103 7,
908 1053 981 1101 19;
1028 1053 1118 1093 Vel.
1152 1053 1283 1104 Long.
1317 1052 1369 1093 de
1408 1054 1596 1105 orthogr.
1628 1066 1670 1105 p.

88 1123 202 1165 2214
243 1126 285 1164 et
323 1123 439 1165 2220
469 1123 530 1172 Ρ.,
580 1123 726 1164 Scaur.
768 1123 820 1164 de
859 1123 1047 1176 orthogr.
1087 1137 1129 1175 p.
1163 1121 1309 1173 2255).
1380 1123 1513 1163 Erant
1560 1123 1672 1164 docti

87 1195 281 1235 homines
315 1196 356 1235 et
388 1194 537 1234 litteris
569 1194 777 1242 instructi,
826 1195 1065 1235 carminum
1109 1193 1436 1242 existimatores,
1485 1197 1533 1234 ut
1569 1193 1672 1234 Per-

88 1266 174 1306 sius
220 1265 302 1313 ille,
352 1264 470 1305 cuius
518 1264 703 1304 Lucilius
751 1277 797 1305 se
835 1264 1038 1305 iudicium
1077 1263 1357 1304 reformidare
1390 1264 1672 1317 significabat.

88 1335 380 1376 Exercebatur
411 1335 466 1375 ab
500 1335 592 1386 ipso
625 1335 785 1375 Lucilio
809 1334 1004 1375 versibus
1029 1335 1174 1375 critica
1199 1334 1399 1387 quaedam
1423 1336 1674 1387 poematum

89 1419 269 1447 censura
302 1404 425 1458 (Gell.
457 1405 584 1454 XVII,
619 1406 694 1446 21:
735 1405 969 1460 clariorque
1001 1410 1096 1446 tunc
1129 1406 1169 1445 in
1196 1404 1403 1458 poematis
1435 1418 1575 1444 eorum
1607 1403 1675 1444 ob-

87 1475 314 1517 trectandis
362 1475 553 1533 Lucilius
597 1475 704 1528 fuit,
753 1475 827 1516 cfr.
866 1475 1018 1516 Horat.
1057 1478 1137 1516 sat.
1178 1475 1212 1525 Ι,
1258 1475 1330 1525 10,
1371 1474 1426 1515 53
1459 1487 1572 1527 sqq„
1621 1474 1677 1515 ad

88 1559 216 1600 quem
249 1546 393 1588 locum
423 1546 689 1599 Porphyrius
722 1547 881 1595 scribit,
923 1546 1131 1587 Lucilium
1170 1547 1213 1586 in
1250 1546 1376 1586 tertio
1415 1546 1603 1586 maxime
1635 1547 1678 1585 et

87 1630 200 1658 nono
234 1620 275 1657 et
309 1617 476 1658 decimo
509 1617 617 1658 libro
649 1617 816 1658 Attium
857 1619 899 1658 et
937 1617 1042 1658 alios
1082 1612 1490 1669 reprehendisse).¹)
1551 1615 1679 1656 Patet

87 1689 187 1738 iam,
226 1687 416 1729 notabile
455 1688 589 1728 videri
630 1688 673 1728 in
704 1688 822 1729 Attio
855 1688 958 1728 illud
990 1687 1205 1728 scribendi
1237 1700 1385 1739 genus,
1427 1699 1514 1728 non
1546 1687 1677 1727 mira-

88 1759 193 1807 bile;
226 1759 353 1811 idque
372 1759 508 1811 magis
534 1759 663 1799 etiam
687 1759 927 1811 apparebit,
961 1759 996 1799 si
1021 1758 1240 1807 addidero,
1276 1758 1387 1798 circa
1409 1757 1513 1797 illud
1537 1758 1678 1809 ipsum

88 1832 259 1882 tempus
274 1829 468 1870 similiter
485 1829 692 1881 depoesis
707 1829 885 1870 historia
899 1830 1092 1870 versibus
1110 1828 1242 1868 alium
1255 1829 1429 1880 poetam
1444 1828 1677 1880 scripsisse,

89 1901 229 1941 minus
250 1913 363 1941 nunc
387 1902 551 1941 notum.
605 1900 643 1940 Is
670 1900 845 1941 Porcius
871 1903 935 1941 est
959 1899 1143 1941 Licinius
1167 1897 1277 1950 [sive
1301 1899 1443 1950 potius
1469 1897 1677 1950 Licinus]

129 2084 154 2129 14)
181 2088 288 2122 Miror
314 2099 409 2122 nunc
436 2088 542 2131 vulgo
570 2091 774 2122 extremum
801 2099 947 2122 versum
974 2088 1024 2121 ita
1049 2087 1255 2131 interpungi
1289 2090 1324 2120 et
1358 2086 1538 2130 explicari,
1578 2087 1680 2130 quasi

182 2147 359 2187 Lucilius,
385 2158 498 2190 quum
524 2147 567 2180 de
594 2157 631 2180 se
657 2147 876 2190 loqueretur,
912 2146 990 2180 aliis
1017 2146 1185 2179 omnibus
1212 2157 1233 2179 a
1259 2157 1299 2179 se
1325 2146 1504 2189 reprensis
1530 2157 1569 2180 se
1593 2157 1680 2189 prae-

184 2206 277 2239 ferre
308 2205 435 2239 solitus
466 2206 521 2239 sit.
571 2205 666 2239 Nihil
693 2205 806 2249 magis
833 2206 878 2239 ab
904 2205 1044 2238 Horatii
1077 2204 1225 2238 consilio
1258 2204 1418 2238 alienum
1452 2215 1563 2248 quam
1595 2205 1681 2238 stul-

183 2263 331 2297 tissimae
357 2263 464 2298 huius
490 2264 703 2309 arrogantiae
730 2263 950 2300 criminatio;
978 2263 1092 2297 utitur
1119 2263 1215 2296 enim
1241 2263 1310 2296 hac
1336 2263 1484 2304 ratione,
1512 2267 1552 2297 ut
1578 2263 1681 2297 liber·

184 2326 297 2357 tatem
322 2322 422 2356 illam
448 2323 505 2356 vel
530 2322 567 2356 in
593 2322 730 2366 optimo
757 2325 925 2366 poemate
950 2325 1071 2366 partes
1098 2322 1273 2366 quasdam
1300 2322 1587 2366 reprehendendi
1608 2322 1681 2356 iam

184 2381 304 2425 ipsum
329 2381 507 2415 Lucilium
540 2385 707 2416 secutum
741 2381 907 2415 ostendat
940 2380 1099 2424 eiusque,
1138 2393 1247 2425 quem
1266 2374 1360 2425 'ipse
1399 2381 1681 2425 reprehenderit,

186 2440 350 2484 exemplo
388 2451 426 2473 se
464 2443 610 2474 tueatur
648 2440 863 2483 doceatque,
903 2439 1053 2474 omnino
1091 2451 1211 2474 errare
1250 2450 1328 2480 eos,
1374 2439 1435 2483 qui
1473 2440 1682 2474 huiusmodi

146 2495 148 2497 ’
185 2499 317 2532 iudicia
341 2509 486 2542 semper
511 2509 530 2532 e
556 2498 725 2542 superbia
751 2498 849 2532 nasci
875 2498 1034 2532 credant.
1085 2499 1212 2542 Itaque
1243 2498 1446 2532 necessario
1478 2499 1546 2533 hoc
1579 2499 1680 2532 dicit:

186 2560 309 2591 tamen
334 2556 492 2591 Lucilius
518 2557 568 2591 ita
600 2557 771 2601 loquitur,
811 2557 913 2601 quasi
945 2557 1014 2590 illis
1047 2557 1162 2591 maior
1195 2557 1256 2597 sit;
1295 2567 1361 2590 nec
1395 2568 1459 2600 ego
1492 2561 1568 2591 tam
1600 2569 1683 2592 sum

187 2627 369 2660 arrogans,
407 2619 457 2657 ut,
497 2615 594 2659 quod
626 2616 762 2650 inculta
794 2620 829 2650 et.
862 2616 1120 2660 negligentiora
1152 2616 1317 2659 quaedam
1350 2616 1387 2649 in
1413 2615 1539 2649 Lucilii
1565 2616 1683 2650 satiris

189 2675 278 2716 dico,
317 2685 376 2708 me
413 2674 463 2708 illi
501 2674 703 2718 praeferam.
759 2674 830 2708 Nec
862 2674 966 2709 aliter
997 2675 1108 2708 verba
1140 2674 1291 2718 intelligi
1323 2676 1559 2718 grammatica
1590 2676 1683 2710 ratio

187 2733 289 2771 sinit3
328 2736 368 2767 ut
402 2733 498 2767 enim
533 2734 671 2773 demus
711 2733 748 2767 in
774 2733 863 2767 duas
889 2733 1087 2767 sententias
1112 2744 1259 2767 versum
1286 2732 1437 2767 distrahi
1464 2738 1498 2768 et
1524 2734 1683 2779 suppleri

186 2802 291 2835 posse
316 2793 485 2835 loquitur,
512 2795 608 2826 certe
634 2792 751 2827 omitti
777 2802 850 2825 non
876 2795 1018 2836 poterat
1042 2791 1247 2836 praepositio
1274 2794 1358 2825 ante
1384 2803 1509 2826 vocem
1536 2795 1682 2827 maiore.

187 2851 322 2884 Verum
349 2850 513 2884 viderant
533 2851 738 2896 superiores
755 2850 982 2894 interpretes,
1009 2861 1030 2884 a
1056 2851 1187 2894 quibus
1211 2861 1325 2894 quum
1352 2856 1445 2886 esset
1470 2852 1548 2886 sine
1574 2863 1685 2885 causa

189 2909 398 2950 discessum,
431 2919 544 2944 'nemo
576 2910 621 2943 ad
654 2909 846 2943 veritatem
872 2909 987 2944 redire
1015 2921 1124 2944 ausus
1150 2913 1215 2950 est,
1256 2909 1323 2943 nisi
1350 2909 1446 2953 quod
1472 2908 1684 2942 Wielandus

189 2978 270 3001 eam
295 2971 440 3002 secutus
466 2971 529 3002 est.

1698 1697 1749 1722 107
