1915 3235
816 152 901 194 225

62 283 144 324 bus
176 283 338 324 Latinis
379 282 618 324 coloniariis
659 281 899 323 assimulati
939 280 1152 322 dicuntur.
1168 275 1200 331 1)
1263 278 1325 319 De
1364 278 1465 330 ipsis
1505 278 1650 318 autem

63 355 130 395 his
163 353 402 395 coloniariis
434 355 525 393 tam
557 366 695 406 pauca
729 352 942 401 dicuntur,
976 353 1023 392 ut
1056 363 1129 391 eos
1162 349 1270 390 ullos
1304 348 1435 389 fuisse
1468 361 1517 389 eo
1540 349 1651 388 tem-

60 437 178 477 pore⁷
228 437 312 476 quo
344 423 510 464 Iuniani
551 425 685 471 erant,
735 423 777 464 id
811 425 875 464 est
906 423 1232 475 imperatorum,
1282 421 1321 460 et
1355 419 1577 472 proprium
1610 418 1652 458 in

62 494 153 535 iure
192 494 490 536 Romanorum
529 494 670 535 locum
708 494 898 534 tenuisse
938 492 1137 533 dubitare
1184 491 1331 543 possit,
1381 489 1452 542 qui
1501 487 1652 530 oblivi-

62 567 218 614 scatur,
267 565 428 617 scripta
465 565 569 605 iuris
611 564 811 613 Romani⁷
861 577 957 616 quae
995 576 1073 604 nos
1114 562 1340 603 habemus.
1390 573 1442 601 ex
1475 572 1525 600 ea
1559 572 1653 600 esse

63 637 204 685 aetate,
238 648 324 688 qua
357 634 506 676 civitas
539 635 699 688 ubique
732 648 809 688 per
842 633 1083 687 provincias
1112 645 1264 685 sparsa
1288 631 1380 672 haec
1408 629 1654 671 discrimina

62 705 142 747 nisi
174 705 217 747 in
248 705 458 747 libertinis
491 705 737 746 sustulerat.
801 705 885 746 Sed
919 709 1066 745 tamen
1099 708 1139 744 et
1174 703 1305 744 Gaius
1337 701 1531 743 nominat
1557 713 1654 741 cum

60 776 248 818 Iunianis
294 779 503 829 tanquam
559 776 749 817 diversos
805 778 847 816 et
894 778 1041 816 tamen
1089 773 1282 814 eiusdem
1330 772 1556 824 temporis,
1613 773 1654 811 et

0 871 1 877 =
62 847 272 900 Ulpianus
320 847 370 888 iis
417 846 723 888 commercium
772 859 868 887 cum
918 845 1082 886 civibus
1128 839 1338 895 tribuit.2)
1401 842 1550 895 Neque
1596 841 1655 882 illi

60 917 132 959 alii
164 931 258 959 esse
290 920 470 971 possunt
513 931 643 970 quam
685 930 834 958 earum
875 916 1096 957 civitatum
1135 915 1344 964 homines,
1394 913 1550 966 quibus
1589 912 1654 953 ius

60 988 170 1029 Latii
203 989 353 1029 datum
387 992 491 1039 erat,
535 989 711 1030 ductum
752 1001 777 1029 a
817 986 991 1028 coloniis
1025 986 1200 1027 Latinis.
1263 985 1353 1026 Iam
1394 983 1654 1025 Niebuhrius

60 1059 311 1100 Latinorum
343 1060 619 1101 Iunianorum
653 1060 814 1100 statum
855 1057 1231 1098 accommodatum
1275 1057 1400 1108 putat
1443 1054 1498 1096 ad
1542 1053 1655 1095 colo-

59 1130 228 1171 niarum
262 1131 433 1172 illarum
467 1130 901 1183 Transpadanarum,
953 1129 1109 1169 harum
1157 1129 1303 1167 autem
1350 1125 1541 1178 ipsarum
1590 1125 1655 1165 ius

60 1199 248 1242 deterius
297 1215 428 1254 quam
460 1204 654 1242 veterum
688 1200 937 1240 Latinorum
983 1200 1083 1239 ante
1129 1197 1268 1250 legem
1311 1196 1462 1237 Iuliam
1510 1195 1654 1244 fuisse⁷

61 1271 176 1324 quod
209 1272 422 1313 connubio
456 1274 622 1313 careret
655 1273 696 1312 et
728 1269 941 1322 isopolitia
974 1269 1059 1317 illa,
1101 1267 1455 1321 appellatumque
1487 1267 1529 1307 in
1562 1266 1655 1307 loco

61 1342 250 1395 quodam
283 1356 437 1384 manco
471 1342 577 1392 Gaii,
612 1354 739 1394 quem
774 1340 975 1393 supplere
1009 1339 1168 1381 studet.
1211 1338 1383 1379 Latium
1418 1338 1569 1383 minus,
1609 1339 1657 1377 ut.

665 1414 680 1430 1.

60 1412 211 1454 maiori
259 1413 521 1454 contrarium
569 1408 742 1462 esset.3)
816 1411 862 1451 In
911 1423 995 1462 quo
1042 1412 1336 1463 praeterquam
1384 1407 1500 1461 quod
1548 1407 1656 1448 alius

98 1622 125 1667 ¹)
151 1624 288 1658 Omitto
327 1625 362 1658 in
401 1625 468 1665 his,
508 1635 588 1668 quae
619 1624 765 1668 vulgata
792 1626 887 1663 sunt,
928 1622 1219 1656 testimoniorum
1259 1619 1656 1655 commemorationem.

154 1684 258 1726 Quod
297 1684 342 1718 ad
380 1694 514 1717 nomen
553 1682 691 1722 attinet,
732 1684 908 1717 colonarit?
939 1681 1169 1726 appellantur
1201 1681 1237 1714 in
1264 1680 1408 1725 Ulpiani
1441 1683 1476 1714 et
1510 1679 1658 1713 alterius

152 1743 397 1777 iurisconsulti
434 1741 656 1786 fragmentis,
695 1753 775 1785 quae
814 1752 898 1775 mox
936 1741 1065 1781 citabo,
1105 1741 1294 1774 coloniarii
1332 1751 1353 1773 a
1391 1739 1478 1773 Gaio
1516 1738 1656 1782 saepius,

153 1802 302 1839 veriore,
330 1805 370 1836 ut
396 1801 534 1846 opinor,
561 1801 689 1842 forma,
716 1812 738 1834 a
763 1802 917 1838 colonia;
945 1800 1070 1841 altera,
1097 1800 1142 1833 ab
1170 1810 1211 1833 eo
1238 1799 1335 1843 quod
1356 1801 1409 1832 est
1430 1799 1584 1838 colonus,
1612 1797 1656 1830 ab

153 1861 232 1895 aliis
259 1861 494 1905 scriptoribus
520 1859 699 1894 inferioris
726 1859 840 1893 aetatis
868 1859 911 1892 de
938 1858 979 1892 iis
1006 1858 1163 1903 ponitur,
1192 1869 1272 1902 quae
1291 1858 1336 1892 ad
1355 1858 1510 1897 colonos,
1538 1856 1573 1890 id
1593 1860 1656 1896 est,

153 1920 306 1954 rusticos
333 1920 525 1964 pertinent.

98 1975 126 2021 2)
155 1979 228 2013 Gai.
257 1979 271 2012 I
304 1978 324 2021 ἓ
350 1978 412 2013 29:
451 1981 606 2012 minores
637 1979 789 2020 triffl'nta
824 1988 1003 2011 annorum
1036 1977 1253 2009 manumissi
1285 1981 1315 2008 et
1348 1977 1475 2009 Latini
1504 1975 1595 2017 facti
1627 1975 1659 2007 si

154 2050 284 2073 uxores
309 2040 480 2072 duxerint
505 2039 556 2071 vel
581 2039 671 2070 cives
696 2038 881 2070 Romanas
912 2037 963 2069 vel
989 2036 1144 2069 Latinas
1177 2036 1394 2069 coloniarias
1426 2035 1478 2067 vel
1503 2034 1658 2067 eiusdem

155 2099 382 2141 condicionis,
410 2100 512 2131 euius
537 2103 568 2131 et
593 2098 666 2140 ipsi
690 2100 803 2129 essent
838 2098 904 2128 cet.
931 2094 1072 2138 Ulpian.
1092 2094 1118 2127 F
1121 2105 1233 2137 ragm.
1252 2093 1343 2133 XIX,
1370 2092 1408 2127 4:
1435 2093 1658 2135 Maneipatio

153 2157 267 2190 locum
305 2157 408 2191 habet
446 2159 539 2191 inter
576 2158 666 2189 cives
704 2156 885 2188 Romanos
929 2158 959 2186 et
1005 2154 1157 2187 Latinos
1202 2153 1402 2187 colonare'os
1439 2152 1658 2194 Latinosque

155 2216 332 2250 lunianos
357 2227 481 2260 eosque
501 2216 724 2259 pe7·e9rinos,
751 2213 880 2257 qulbus
907 2214 1155 2246 commercium
1180 2213 1302 2245 datum
1331 2216 1391 2245 est.

99 2269 126 2315 3)
152 2273 280 2315 Locus,
308 2274 369 2318 qui
396 2277 449 2308 est
474 2274 534 2308 lib.
561 2274 576 2307 Ι
602 2272 623 2315 ἓ
641 2272 697 2313 96,
724 2272 760 2306 in
787 2271 944 2306 editione
972 2270 1175 2305 Goeschenii
1201 2281 1245 2304 ex
1271 2269 1405 2311 codice,
1431 2268 1659 2314 praecedente

155 2333 296 2372 lacuna,
324 2333 373 2367 Sic
400 2333 584 2367 scribitur:
613 2351 655 2355 —
675 2349 719 2354 —-
740 2349 782 2354 —-
810 2332 1065 2373 maqistratum
1089 2335 1229 2373 oerum,
1257 2331 1432 2362 civitatem
1457 2329 1656 2362 Romanam

156 2398 432 2437 consequuntur,
471 2394 590 2426 minus
623 2393 734 2425 latum
768 2389 947 2432 (Blumius
974 2388 1010 2421 in
1038 2389 1113 2422 cod.
1141 2388 1225 2432 legit
1251 2386 1391 2429 lanum)
1418 2392 1479 2430 est,
1519 2398 1598 2419 eum
1624 2387 1661 2418 hi

155 2456 305 2493 tantum,
333 2454 396 2496 qui
420 2453 471 2485 vel
496 2453 751 2495 magistratum
776 2451 828 2483 vel
845 2450 1012 2482 honorem
1033 2453 1174 2491 gyerunt,
1201 2449 1249 2481 ad
1266 2449 1441 2481 civitatem
1458 2447 1658 2480 Romanam

148 2512 373 2553 perveniunt.
424 2511 464 2544 Id
490 2510 518 2545 is
544 2511 595 2544 ita
621 2510 694 2544 fere
728 2508 973 2553 supplendum
1000 2509 1122 2551 putat:
1163 2507 1285 2539 Maius
1319 2507 1467 2540 Latium
1503 2510 1659 2546 vocatur,

155 2581 233 2602 cum
259 2571 459 2614 quicunque
485 2571 606 2604 Romoe
631 2579 762 2602 munus
795 2569 947 2610 faciunt,
987 2577 1058 2599 non
1084 2566 1122 2598 hi
1147 2569 1298 2607 tantum,
1337 2567 1400 2609 qui
1425 2566 1661 2608 magistratus

153 2634 300 2672 qerunt,
339 2631 514 2663 civitatem
546 2630 645 2663 Rom.
680 2631 965 2670 ewsequuntum
1002 2626 1122 2657 minus
1153 2624 1302 2657 Latium
1334 2629 1384 2658 est
1416 2626 1482 2657 cet.
1544 2620 1661 2665 [Nunc

156 2687 232 2722 Gaii
258 2687 357 2722 locus
392 2698 410 2721 e
445 2687 565 2722 codice
597 2698 618 2720 a
650 2685 903 2720 Studemundo
937 2684 987 2718 sic
1020 2682 1208 2727 suppletus
1243 2685 1313 2715 est:
1353 2684 1427 2716 Aut
1462 2683 1580 2715 maius
1612 2685 1661 2713 est

155 2747 302 2780 Latium
330 2751 393 2780 aut
418 2748 558 2787 minus;
583 2748 703 2779 maius
728 2750 777 2778 est
804 2745 963 2786 Latium,
991 2754 1069 2776 eum
1095 2747 1126 2776 et
1151 2743 1199 2785 hi,
1228 2743 1291 2785 qui
1308 2742 1514 2775 decuriones
1540 2741 1662 2782 lequa-

155 2809 226 2847 ίαν,
253 2810 285 2838 et
310 2807 351 2848 ei,
385 2807 448 2849 qui
472 2806 640 2839 honorem
666 2806 820 2847 aliquem
846 2808 909 2836 aut
937 2804 1190 2845 mayz'stratum
1214 2805 1355 2844 gerunt,
1391 2801 1565 2833 civitatem
1592 2798 1661 2830 Ro-

157 2876 303 2897 manam
330 2868 614 2907 consequuntur,-
639 2864 759 2896 minus
786 2863 931 2895 Latium
961 2866 1020 2904 est,
1048 2872 1127 2894 eum
1153 2863 1218 2893 cet.
1263 2859 1424 2903 Apparet
1450 2860 1568 2891 totum
1594 2855 1661 2889 hoc

156 2923 338 2967 pertinere
364 2922 409 2956 ad
435 2922 629 2956 discrimen
656 2921 802 2964 aliquod
829 2920 984 2959 illorum,
1012 2919 1144 2963 quihus
1171 2918 1320 2952 Caesaris
1347 2920 1382 2951 et
1400 2917 1661 2960 imperatorum

158 2981 384 3026 temporibus
410 2981 587 3015 Latinitas
615 2979 809 3014 coloniaria
837 2978 1004 3019 dabatur,
1043 2988 1157 3022 quum
1190 2977 1269 3011 aliis
1295 2975 1459 3020 amplior,
1498 2973 1576 3008 aliis
1603 2983 1663 3006 an—

1327 3034 1371 3067 15

1675 924 1727 950 278
