1915 3235
788 144 871 185 209

38 277 178 318 foedus
210 275 370 328 recepti
403 272 562 326 sunt1),
611 273 764 315 eadem
804 273 926 323 ratio,
977 273 1053 314 sed
1091 273 1221 326 paulo
1254 273 1524 326 implicatior,
1573 273 1630 314 ad

39 347 226 389 colonias
251 347 305 387 ab
327 345 549 394 Romanis,
584 345 760 393 Latinis,
793 344 992 384 Hernicis
1019 344 1173 384 missas
1197 343 1518 394 transferretur,
1552 357 1629 385 ne-

39 431 156 459 cesse
200 419 305 467 erat,
355 429 461 469 quas
509 415 683 468 quidem
724 414 941 456 communi
981 414 1156 455 consilio
1195 413 1477 464 deducerent3
1524 428 1626 456 nam

37 489 174 530 multa
205 501 232 528 a
264 487 439 539 singulis
471 487 608 527 tribus
641 485 811 538 populis
837 484 1029 537 (Latinos
1063 484 1177 525 enim
1209 498 1287 537 pro
1320 498 1406 526 uno
1431 485 1513 526 hoc
1536 485 1630 526 loco

36 570 266 600 numerare
299 557 398 597 licet
430 559 472 597 et
502 556 652 597 itidem
685 554 914 607 Hernicos)
963 558 1085 597 extra
1123 556 1241 596 illam
1283 557 1628 597 coniunctionem

38 629 151 670 bella
182 630 304 681 gesta
337 639 444 676 esse,
478 629 607 679 atque
641 626 750 667 adeo
782 627 893 667 inter
924 627 1040 678 ipsos
1065 626 1144 667 hos
1168 626 1350 679 populos
1374 629 1495 679 gesta
1521 639 1630 675 esse,

38 700 142 741 satis
175 704 240 740 est
271 702 436 740 notum.
498 696 648 749 Neque
680 697 979 738 Romanorum
1018 709 1158 750 neque
1199 698 1450 738 Latinorum
1489 710 1630 749 neque

37 770 324 811 Hernicorum
376 782 436 810 eae
485 781 579 809 esse
625 770 827 820 poterant
881 768 1078 817 coloniae,
1136 768 1211 809 sed
1264 781 1388 809 novae
1437 769 1631 809 civitates

39 853 187 882 eorum
235 839 387 880 foederi
434 839 647 880 adiunctae
696 841 738 880 et
785 842 1007 892 parentes,
1063 852 1159 891 quae
1206 839 1370 879 Latinae
1419 837 1628 891 appellari

38 910 227 963 quodam
258 910 388 951 modo
421 912 462 950 et
494 912 586 950 tum
618 912 832 962 poterant,
881 910 996 962 quod
1034 909 1162 962 stirps
1196 910 1362 959 Latina,
1411 909 1467 950 ad
1500 921 1631 961 quam

38 982 271 1022 maximam
305 983 475 1033 partem
507 980 694 1021 Romani
734 993 905 1032 quoque
944 981 1232 1032 pertinebant,
1272 980 1491 1032 praecipu-a
1523 980 1630 1029 erat,

39 1055 81 1094 et
127 1051 263 1093 multo
301 1053 439 1104 magis
478 1054 642 1104 postea,
692 1064 839 1103 quum,
889 1051 1059 1092 sublato
1106 1051 1395 1092 Hernicorum
1442 1051 1630 1100 nomine,

38 1122 148 1163 Latii
180 1124 223 1163 et
260 1123 512 1163 Latinorum
553 1121 786 1174 appellatio
826 1121 1011 1174 amplius
1051 1122 1245 1174 patebat.
1258 1117 1292 1174 2)
1354 1122 1514 1162 Verum
1545 1121 1632 1162 Ro-

37 1194 167 1242 mani,
200 1194 364 1234 unitate
398 1192 551 1233 virium
583 1194 795 1245 potentes,
829 1191 884 1232 ab
918 1192 1038 1232 initio
1069 1192 1331 1241 nitebantur,
1365 1188 1424 1241 ut,
1459 1191 1632 1232 sublata

38 1263 211 1305 foederis
259 1263 519 1316 aequalitate,
569 1263 742 1303 Latinos
791 1265 833 1302 et
880 1261 1089 1303 Hernicos
1137 1263 1180 1303 in
1226 1265 1441 1315 potestate
1489 1261 1630 1314 potius

38 1347 169 1387 quam
203 1334 364 1374 amicos
395 1333 620 1381 haberent,
654 1332 784 1385 idque
817 1333 1041 1374 consilium
1069 1334 1227 1385 saepius
1251 1335 1466 1374 tentatum
1500 1334 1542 1373 et
1574 1333 1630 1373 ob

37 1406 228 1457 ipsorum
250 1404 547 1444 Romanorum
581 1402 863 1452 calamitates,
897 1403 1014 1444 velut
1042 1404 1289 1445 incendium
1313 1404 1536 1453 Gallicum,
1570 1404 1631 1444 ita

36 1475 342 1524 intermissum,
390 1477 438 1514 ut
479 1473 619 1515 Latini
664 1476 707 1515 et
749 1473 923 1514 Hernici
967 1474 1095 1526 plane
1139 1488 1164 1515 a
1203 1475 1412 1516 Romanis
1446 1473 1630 1527 disiungi

36 1546 296 1595 viderentur,
345 1544 584 1597 perfectum
629 1548 694 1586 est
725 1546 768 1586 in
800 1545 963 1586 Latinis
998 1546 1110 1587 circa
1141 1559 1304 1586 annum
1337 1546 1421 1587 338
1455 1559 1493 1586 a.
1527 1545 1627 1586 Chr.

36 1630 92 1666 n.,
125 1617 169 1658 in
200 1615 412 1664 Hernicis,
447 1615 482 1656 si
514 1618 629 1657 recte
662 1616 808 1657 onmia
839 1616 1082 1666 traduntur,
1116 1616 1338 1669 aliquanto
1372 1619 1482 1669 post,
1518 1617 1631 1657 circa

36 1700 75 1728 a.
109 1687 207 1728 306.
271 1686 406 1727 Simul
437 1687 596 1739 partim
628 1686 797 1728 interna
837 1687 1049 1728 discordia
1082 1688 1240 1740 partim
1274 1689 1460 1729 externis
1493 1687 1628 1728 hosti-

36 1760 117 1800 bus
149 1758 413 1811 urgentibus,
463 1757 518 1798 ad
551 1760 792 1798 extremum
824 1758 1123 1799 Romanorum
1155 1771 1301 1810 opera,
1344 1758 1509 1799 facilius
1542 1757 1629 1799 sin-

35 1830 155 1883 gulos
188 1842 319 1882 quam
354 1829 601 1869 coniunctos
634 1829 925 1882 subigentium
951 1832 993 1869 et
1019 1829 1272 1882 regentium,
1306 1829 1460 1870 horum
1493 1842 1629 1882 popu-

35 1900 173 1942 lorum
222 1901 449 1941 societates
497 1899 619 1952 quasi
668 1899 974 1940 dissuebantur
1014 1902 1056 1940 et
1096 1899 1273 1940 concilia
1305 1896 1629 1952 tollebantur.³)

35 1970 141 2012 Haec
174 1983 226 2011 ex
259 1983 342 2023 quo
374 1970 465 2010 fieri
499 1973 651 2022 coepta
673 1974 783 2019 sunt,
818 1971 1005 2023 primum
1031 1970 1135 2011 nihil
1160 1970 1367 2012 intererat
1392 1971 1628 2012 admodum

35 2042 145 2082 inter
176 2041 284 2090 illas,
334 2054 439 2093 quas
479 2041 577 2089 dixi,
628 2041 814 2082 colonias
848 2054 1042 2082 seorsum
1077 2041 1331 2082 constitutas
1365 2044 1407 2082 et
1437 2042 1625 2094 reliquas

37 2112 230 2153 civitates
262 2112 451 2159 Latinas,
500 2111 579 2152 nisi
619 2112 735 2164 quod
775 2112 818 2153 in
859 2112 938 2153 illis
977 2115 1145 2152 veteres
1184 2111 1334 2152 incolae
1366 2125 1453 2153 non
1486 2112 1627 2153 Latini

35 2183 321 2224 remanebant
366 2184 603 2235 turbasque
652 2183 838 2223 excitare
885 2185 1099 2235 poterant.
1172 2182 1355 2233 Deinde,
1406 2185 1623 2225 crescente

33 2253 200 2306 imperii
231 2253 420 2294 Romani
452 2254 657 2306 potentia,
693 2257 786 2294 orta
820 2257 884 2295 est
914 2267 1028 2295 nova
1059 2254 1169 2294 ratio
1200 2253 1244 2293 in
1268 2253 1513 2306 regionibus
1546 2267 1623 2306 op-

32 2324 229 2377 pidisque
275 2324 478 2369 subactis,
528 2337 624 2376 quae
672 2326 895 2365 hominum
944 2325 1052 2366 alius
1100 2327 1229 2376 atque
1277 2325 1441 2365 Latinae
1481 2324 1625 2376 stirpis

35 2398 189 2443 essent,
238 2408 324 2436 non
365 2395 565 2436 Romana
606 2395 821 2447 praesidia,
872 2395 948 2436 sed
994 2408 1127 2436 novas
1170 2395 1363 2437 civitates
1402 2395 1627 2436 hominum

35 2466 202 2518 cognati
234 2466 400 2517 generis
434 2466 732 2515 constituendi,
784 2479 885 2518 agro
927 2479 952 2506 a
990 2466 1200 2507 Romanis
1240 2466 1401 2518 praedae
1441 2466 1624 2507 dominis

36 2537 264 2590 assignato,
313 2550 409 2589 quae
449 2536 600 2578 eodem
640 2538 731 2578 iure
765 2539 807 2577 et
839 2536 1000 2577 foedere
1032 2536 1240 2578 Romanis
1273 2539 1487 2589 parerent,
1538 2550 1623 2589 quo

71 2733 100 2777 1)
126 2736 177 2770 De
203 2736 258 2770 his
284 2736 479 2770 foederibus
504 2736 593 2770 nihil
626 2739 758 2770 nostrae
791 2736 841 2769 rei
875 2746 983 2769 causa
1017 2746 1106 2780 opus
1140 2740 1193 2769 est
1227 2735 1295 2769 (1161
1329 2739 1409 2780 post
1440 2734 1625 2770 Niebuhr-ii

130 2795 299 2839 disputat.
326 2795 416 2829 Hist.
444 2795 548 2829 Rom.
575 2795 607 2829 ΙΙ
633 2807 667 2839 p.
695 2794 835 2828 43—48
861 2799 895 2829 et
921 2806 954 2839 p.
982 2794 1026 2827 93
1053 2805 1129 2838 sqq.

73 2851 101 2895 2)
126 2853 384 2895 Ferentinates,
411 2854 473 2898 qui
498 2854 644 2888 Hernici
670 2854 812 2898 proprie
843 2857 957 2894 erant,
983 2857 1118 2898 postea,
1145 2853 1206 2887 ubi
1233 2853 1395 2887 condicio
1422 2857 1457 2887 et
1483 2853 1537 2887 ius
1563 2863 1625 2886 no—

131 2916 238 2954 tatur,
265 2913 474 2957 simpliciter
499 2913 617 2946 Latini
644 2912 873 2956 appellantur
899 2912 973 2946 Liv.
1001 2913 1156 2953 XXXIV,
1183 2911 1239 2946 42.

74 2968 102 3013 ³)
129 2970 198 3005 cfr.
225 2982 340 3015 supra,
359 2983 393 3015 p.
419 2970 498 3006 220.

1298 3029 1341 3062 14

1651 1558 1703 1584 258
