1915 3235
800 986 913 1047 ΧΠ.

103 1097 184 1157 De
235 1099 640 1158 emendandis
691 1098 986 1159 Ciceronis
1038 1101 1422 1161 orationibus
1473 1121 1584 1180 pro

168 1192 221 1251 P.
257 1192 446 1252 Sestio
486 1194 547 1252 et
583 1194 649 1253 in
686 1194 739 1252 P.
775 1193 1091 1254 Vatinium
1130 1195 1482 1272 disputatio.
1499 1196 1530 1263 ¹)

168 1382 252 1461 De
285 1419 587 1461 emendatione
619 1421 863 1462 orationum
897 1420 1196 1462 Tullianarum
1237 1434 1315 1474 pro
1347 1421 1396 1462 P.
1431 1422 1569 1463 Sestio
1604 1424 1646 1463 et
1665 1436 1712 1460 411

48 1488 90 1529 in
122 1489 169 1530 P.
202 1489 423 1530 Vatinium
455 1490 609 1531 dicturi
643 1493 743 1532 ante
776 1492 921 1532 omnia
963 1492 1211 1533 universam
1252 1492 1448 1534 codicum
1489 1506 1644 1534 manu-

48 1560 318 1613 scriptorum,
353 1561 426 1613 qui
453 1563 698 1614 supersunt,
733 1562 946 1603 rationem
978 1562 1302 1614 explicabimus,
1337 1576 1421 1616 qua
1449 1564 1644 1616 exposita

48 1633 90 1671 et
122 1644 186 1681 ea,
227 1645 324 1684 quae
357 1632 412 1673 ab
446 1632 539 1673 aliis
572 1645 709 1684 nuper
741 1632 785 1672 in
817 1633 958 1685 priore
997 1633 1190 1674 oratione
1225 1634 1499 1675 emendanda
1531 1648 1643 1687 prae-

47 1701 147 1742 stita
179 1704 292 1752 sunt,
327 1702 698 1744 confirmabuntur
731 1705 773 1743 et
806 1703 861 1744 ad
885 1716 948 1753 ea,
983 1716 1080 1755 quae
1107 1706 1286 1753 restant,
1320 1704 1389 1745 via
1411 1705 1642 1745 munietur.

46 1772 157 1813 Nam
191 1775 234 1814 et
265 1773 367 1825 quid
399 1774 442 1814 in
475 1774 546 1814 illa
578 1776 802 1826 praeterea,
852 1774 894 1814 in
926 1774 1156 1816 Vatiniana
1195 1778 1341 1816 autem
1384 1776 1572 1824 omnino,
1623 1788 1644 1816 e

48 1843 265 1885 codicibus
298 1844 409 1884 sumi
442 1844 589 1897 possit,
623 1843 802 1896 patebit,
838 1845 880 1884 et
912 1844 1015 1895 quid
1038 1845 1223 1895 aliunde,
1258 1846 1339 1887 hoc
1362 1848 1439 1895 est,
1476 1846 1644 1887 coniec-

46 1915 178 1956 tando
210 1916 454 1956 necessario
494 1914 732 1968 petendum
771 1914 838 1963 sit,
888 1916 930 1954 et
977 1927 1061 1966 quo
1110 1929 1160 1957 ea
1201 1916 1447 1957 coniectura
1488 1916 1644 1957 funda-

45 1988 192 2027 mento
224 1987 301 2027 niti
335 1987 506 2027 debeat.
554 1985 665 2026 Nam
700 1998 833 2037 quum
865 1985 1010 2037 plures
1043 1988 1339 2028 recentissimo
1371 1989 1568 2039 tempore
1600 1987 1645 2028 in

46 2056 238 2098 oratione
279 2057 479 2098 Sestiana
522 2056 853 2105 elaboraverint,
904 2069 1053 2097 eorum
1097 2057 1195 2106 duo,
1245 2056 1295 2098 O.
1329 2058 1383 2098 M.
1418 2058 1569 2098 Miiller
1602 2060 1644 2098 et

45 2126 96 2167 A.
130 2127 389 2178 Matthiaeus,
439 2128 547 2169 alter
585 2126 811 2167 infeliciter
845 2127 1035 2168 criticam
1068 2132 1238 2180 partem
1270 2129 1485 2177 tractavit,
1535 2128 1643 2169 alter

46 2210 179 2250 prope
227 2211 312 2239 non
362 2199 514 2251 attigit,
564 2211 617 2239 ne
655 2198 690 2238 is
732 2198 906 2249 quidem
954 2198 1094 2247 valde,
1144 2201 1191 2238 ut
1237 2198 1420 2247 videtur,
1471 2212 1640 2248 curans,

47 2281 175 2320 quam
211 2271 372 2310 certam
407 2268 711 2310 auctoritatem
745 2281 796 2309 ea
833 2269 1046 2321 scriptura
1087 2269 1282 2319 haberet,
1332 2283 1429 2321 quae
1469 2269 1524 2310 ab
1565 2270 1642 2310 Er-

44 2339 183 2380 nestio
216 2339 366 2380 leviter
398 2339 618 2392 recognita
651 2339 777 2392 vulgo
811 2340 1179 2388 circumferretur3
1212 2340 1378 2390 tertius,
1413 2340 1641 2382 Eduardus

45 2408 306 2460 qunderus,
351 2411 414 2451 vir
453 2410 740 2460 doctissimus,
788 2410 845 2460 id,
894 2410 1010 2462 quod
1042 2410 1128 2451 iam
1161 2409 1345 2451 Orellius
1378 2410 1422 2451 in
1455 2410 1642 2452 editione

46 2479 260 2521 Ciceronis
293 2494 474 2533 operum
506 2482 713 2530 senserat,
753 2481 973 2533 perspexit
1006 2480 1173 2529 clarius,
1215 2484 1483 2534 quantopere
1517 2494 1642 2534 supe-

44 2550 176 2591 riores
211 2551 395 2592 editores
428 2552 470 2592 in
502 2551 713 2604 ponendis
747 2551 1061 2592 emendationis
1086 2551 1379 2593 fundamentis
1409 2554 1639 2603 errassent,
1661 2570 1713 2595 412

46 2633 177 2672 quam
201 2621 338 2663 multa
361 2622 663 2674 neglexissent,
698 2621 992 2674 intellexitque
1023 2622 1235 2672 universe,
1270 2635 1473 2675 quaenam
1498 2627 1643 2664 essent

46 2692 209 2743 optima
257 2694 299 2732 et
346 2693 585 2734 certissima
633 2694 694 2734 rei
743 2693 943 2746 gerendae
990 2693 1196 2735 subsidia.
1270 2693 1356 2734 Sed
1404 2707 1537 2746 quum
1585 2693 1642 2734 ad

43 2759 199 2802 horum
232 2762 522 2805 subsidiorum
564 2764 823 2816 scripturam
873 2763 1217 2816 cognoscendam
1264 2777 1396 2805 unam
1436 2764 1641 2817 Hervagii

83 2911 112 2956 ¹)
137 2914 241 2949 Edita
266 2915 458 2959 tripartito,
485 2915 602 2959 prima
628 2926 711 2959 pars
737 2926 767 2949 a.
796 2913 898 2956 1833,
925 2916 1085 2950 secunda
1110 2918 1145 2949 et
1171 2916 1278 2950 tertia
1304 2927 1335 2949 a.
1364 2914 1464 2949 1834.
