1915 3235
136 1457 165 1479 152

169 1455 184 1479 2

957 109 1038 150 106

201 242 255 283 88
289 241 375 283 Erf.
417 243 459 282 et
497 240 701 293 Palimps.
743 239 942 288 Taurin.‚
990 238 1176 290 Philipp.
1210 237 1246 287 I,
1298 239 1372 288 14,
1422 238 1477 279 34
1518 237 1652 279 Vatic.
1693 236 1795 290 (vid.

202 312 380 364 Garat).
432 311 753 363 Relinquuntur
785 310 870 351 duo
903 309 995 359 loci,
1030 321 1214 361 quorum
1246 308 1432 349 alterum
1463 308 1652 361 reperire
1684 322 1798 350 nunc

201 396 287 424 non
319 383 451 436 potui,
500 382 544 422 in
576 381 725 431 altero,
774 393 852 433 pro
885 379 971 421 Mil.
1009 379 1074 429 19,
1116 378 1185 429 50,
1233 379 1373 420 maior
1405 392 1499 420 esse
1532 379 1704 420 videtur
1734 379 1797 421 vis

201 453 464 507 pronominis
513 454 618 507 ipse,
667 454 715 492 ut
761 451 950 504 primum
997 449 1090 503 ipse
1136 463 1214 503 per
1260 464 1306 492 se
1354 451 1475 492 locus
1523 450 1797 503 intelligatur,

202 525 357 566 deinde
388 524 458 565 ille
492 524 589 578 ipse,
638 522 681 563 id
720 523 798 572 est,
846 521 970 562 idem.
1035 520 1192 562 Similis
1233 523 1297 563 est
1329 521 1372 562 in
1404 521 1497 563 aliis
1530 521 1797 564 orationibus

202 609 351 638 eorum
383 595 575 636 locorum
608 593 731 643 ratio,
781 593 824 634 in
867 592 1024 645 quibus
1070 593 1154 647 ipse
1196 593 1265 633 ille
1308 592 1476 634 codices
1515 594 1704 642 tuentur,
1752 595 1800 634 ut

202 669 277 708 aut
308 669 517 718 tanquam
550 664 794 718 praecipuus
834 664 988 716 aliquis
1028 664 1274 706 nominetur
1315 666 1357 704 et
1395 663 1448 704 de
1487 676 1571 715 quo
1610 662 1800 703 maxime

202 740 356 790 agatur
388 738 463 777 aut
494 749 572 789 per
604 749 650 776 se
683 735 846 787 aliquid
877 734 1030 776 fecisse
1068 734 1342 788 significetur,
1384 734 1502 775 Verr.
1536 734 1571 782 I,
1614 734 1688 783 26,
1730 734 1799 783 65,

202 809 230 858 Ι,
264 809 334 858 42,
372 807 468 857 107,
502 820 580 859 pro
604 806 743 847 Sestio
778 806 847 856 30,
882 806 936 847 66
961 810 1002 847 et
1026 806 1094 855 54,
1133 807 1228 855 116,
1264 806 1306 846 in
1338 805 1479 846 Vatin.
1517 806 1582 854 11,
1618 805 1686 845 26.
1735 804 1799 845 Ne

203 879 296 931 quis
330 879 528 927 alterum,
564 877 681 929 quod
714 877 845 918 etiam
879 876 1209 918 Ciceronianum
1234 889 1329 918 esse
1355 875 1548 917 nonnulli
1572 878 1799 928 negarunt,

202 952 365 991 rectum
403 951 444 990 et
477 948 745 1001 frequentius
779 961 872 989 esse
913 947 1094 997 dubitet,
1134 947 1332 1000 inspiciat
1364 948 1483 988 Verr.
1517 947 1546 997 I,
1590 947 1661 997 46,
1704 947 1800 996 119,
1834 957 1840 961 ·

202 1021 250 1070 ΙΙ,
286 1022 354 1070 21,
390 1020 458 1070 50,
494 1020 541 1069 V,
576 1020 645 1069 50,
682 1020 778 1069 131,
812 1033 890 1072 pro
924 1019 1034 1060 Sest.
1072 1020 1138 1069 13,
1172 1019 1241 1068 29,
1276 1019 1318 1059 in
1351 1019 1492 1059 Vatin.
1522 1018 1587 1067 12,
1622 1018 1690 1068 29,
1724 1031 1802 1071 pro

202 1092 348 1133 Planc.
383 1092 451 1141 23,
486 1091 555 1141 56,
590 1091 699 1144 Epp.
733 1090 789 1132 ad
821 1090 941 1132 Fam.
976 1091 1023 1140 V,
1065 1091 1103 1140 2,
1147 1091 1185 1139 8,
1229 1090 1312 1139 VII,
1354 1091 1380 1130 2
1414 1090 1481 1139 al„
1522 1102 1706 1142 quorum
1739 1089 1801 1129 lo-

204 1176 352 1204 corum
384 1162 577 1204 nonnulli
609 1162 670 1203 ita
701 1164 803 1203 sunt
835 1161 1089 1214 comparati,
1139 1164 1187 1202 ut
1227 1162 1311 1216 ipse
1351 1162 1420 1201 ille
1457 1161 1559 1214 poni
1590 1160 1800 1213 potuerit,

203 1234 280 1275 sed
311 1233 507 1286 scriptor,
558 1233 674 1286 quod
711 1233 803 1274 fieri
844 1233 1024 1283 solebat,
1075 1232 1263 1285 priorem
1302 1232 1455 1273 maluit
1495 1245 1590 1273 esse
1623 1232 1803 1273 demon-

204 1305 458 1346 strationem
490 1304 551 1345 rei
583 1307 698 1345 notae
733 1306 771 1345 et
807 1306 1159 1345 commemoratae
1202 1302 1306 1356 (ille)
1348 1316 1479 1356 quarn
1520 1302 1723 1344 notabilis
1764 1305 1805 1344 et

203 1375 434 1429 praecipuae
469 1372 650 1429 (ipse).²)

322 1447 453 1488 Plura
494 1459 545 1487 ex
588 1447 670 1488 hac
713 1446 906 1488 oratione
947 1446 1049 1487 addi
1089 1459 1197 1499 opus
1237 1459 1324 1487 non
1366 1447 1450 1494 est;
1498 1445 1640 1487 minus
1689 1445 1804 1486 enim

206 1517 498 1571 disputatione
546 1519 685 1570 egent,
735 1531 832 1570 quae
880 1517 1137 1558 auctoritate
1186 1517 1382 1558 codicum
1431 1517 1639 1557 nituntur.
1710 1516 1804 1558 Duo

206 1593 353 1631 tamen
401 1589 481 1631 loci
527 1591 705 1642 propter
751 1589 1011 1642 singularem
1062 1588 1282 1641 quandam
1322 1601 1500 1629 causam
1540 1600 1805 1629 commemo-

206 1661 330 1702 randi
363 1660 576 1702 videntur.
640 1660 687 1701 In
719 1660 869 1708 altero,
904 1659 977 1712 qui
1010 1661 1075 1700 est
1108 1659 1176 1709 20,
1211 1660 1279 1707 60,
1321 1658 1583 1709 Wunderus,
1629 1658 1700 1711 qui
1734 1672 1805 1700 00-

207 1732 311 1773 dicis
355 1732 616 1773 Erfurtensis
664 1731 924 1784 scripturam
972 1731 1080 1772 solet
1127 1731 1318 1772 studiose
1368 1730 1615 1780 defendere,
1664 1730 1707 1770 in
1755 1742 1806 1770 ea

206 1803 300 1856 ipsa
333 1803 559 1855 scriptura,
594 1815 726 1855 quam
761 1815 813 1843 ex
846 1815 897 1844 eo
925 1804 967 1843 et
990 1802 1084 1844 aliis
1108 1803 1246 1855 posui,
1281 1801 1587 1854 interpolatum
1615 1800 1806 1842 codicem

207 1874 501 1915 confitendum
540 1876 679 1927 putat.
750 1874 894 1924 Quum
937 1873 1051 1914 enim
1090 1874 1265 1915 edatur:
1315 1873 1373 1914 At
1419 1874 1528 1914 enim
1565 1871 1674 1912 nihil
1713 1872 1808 1912 novi

205 1945 282 1999 fiat
324 1947 418 1994 cet.,
469 1945 592 1986 codd.
637 1947 785 1986 autem
828 1945 1041 1995 meliores,
1091 1945 1178 1986 Erf.
1224 1946 1266 1986 et
1309 1943 1596 2001 Gulielmiani,
1644 1942 1688 1984 id
1728 1944 1806 1991 est,

208 2018 452 2067 Verdensis,
487 2015 804 2069 Hittorpianus,
840 2016 1118 2065 Coloniensis,
1152 2016 1364 2057 habeant:
1399 2014 1456 2056 At
1489 2015 1597 2055 enim
1629 2026 1680 2054 ne
1707 2012 1808 2068 quid

210 2090 316 2138 novi,
351 2088 585 2129 deteriores
619 2089 765 2129 autem
799 2087 888 2128 fere
921 2088 1057 2142 inquit
1088 2087 1253 2128 addant
1284 2088 1383 2139 post
1416 2087 1538 2136 enim,
1579 2086 1718 2138 putat,
1760 2098 1809 2125 ne

209 2159 310 2215 quid
341 2159 529 2212 glossam
564 2172 658 2199 esse
691 2158 748 2200 ad
780 2158 887 2199 nihil
919 2157 1198 2210 adscriptam,
1238 2157 1338 2198 inde
1379 2160 1521 2198 ortum
1561 2156 1717 2210 inquit;
1768 2155 1808 2196 in

249 2359 277 2403 ¹)
302 2359 401 2404 [Cfr.,
429 2370 509 2404 quae
528 2359 653 2404 scripsi
679 2359 724 2393 ad
743 2359 812 2393 Cic.
833 2359 877 2393 de
896 2359 971 2393 Fin.
991 2359 1016 2399 Ι,
1043 2358 1076 2400 4,
1104 2358 1149 2391 10
1174 2370 1207 2403 p.
1229 2357 1274 2391 ‘28
1300 2359 1354 2393 ed.
1375 2357 1407 2392 3.
1428 2378 1469 2381 --
1490 2357 1677 2401 Attingam
1698 2356 1807 2391 aliam

305 2431 451 2464 quoque
476 2418 735 2463 pronominum
756 2418 1060 2452 coniunctionem.
1100 2418 1136 2452 C.
1159 2417 1214 2459 16,
1239 2417 1286 2450 46
1307 2417 1510 2451 necessario
1533 2416 1684 2458 restitui,
1711 2416 1808 2460 quod

305 2479 456 2513 ductum
483 2489 527 2512 ex
552 2477 698 2522 optimis
725 2477 909 2511 codicibus
943 2476 1044 2518 (Coi,
1083 2475 1169 2518 Erf.)
1202 2477 1389 2521 legebatur
1422 2476 1518 2521 apud
1551 2475 1747 2510 Gruterum
1773 2478 1809 2509 et

305 2538 523 2582 posteriores
549 2537 716 2577 editores,
744 2538 834 2570 idem
860 2538 925 2570 iste
951 2537 1191 2578 Mithridates,
1218 2536 1280 2571 ubi
1307 2535 1546 2570 recentissimi
1568 2535 1751 2569 haeserunt
1771 2534 1808 2569 in

305 2599 407 2638 idem,
447 2596 544 2640 quod
579 2595 746 2640 proxima
778 2599 855 2629 erat
888 2595 1115 2630 Cretensium
1142 2595 1295 2632 mentio;
1335 2595 1458 2639 itaque
1484 2594 1690 2628 Matthiaeus
1716 2595 1809 2627 idem

306 2655 450 2697 delevit,
489 2655 673 2699 ediditque
711 2656 786 2698 ipse.
825 2653 942 2696 (codd.
976 2654 1172 2689 deteriores
1210 2654 1348 2689 habent
1386 2655 1478 2688 idem
1515 2652 1615 2697 ipse),
1654 2652 1809 2687 Orellius

307 2717 387 2749 item
414 2717 500 2759 ipse,
537 2725 660 2758 prave,
699 2713 874 2758 quoniam
906 2716 941 2747 et
973 2713 1179 2758 pronomini
1210 2713 1349 2757 primus
1381 2713 1480 2746 locus
1513 2713 1666 2746 debetur
1697 2714 1733 2745 et
1758 2710 1809 2745 illi

306 2774 492 2819 particulae
518 2773 641 2808 nullus
667 2776 722 2808 est
754 2772 812 2806 hic
844 2773 954 2807 locus.
1006 2773 1105 2806 Idem
1138 2774 1202 2807 iste
1234 2775 1298 2810 est,
1338 2772 1382 2806 de
1415 2783 1486 2816 quo
1519 2781 1635 2815 nuper
1667 2770 1809 2805 locutus

308 2833 381 2867 iam
413 2844 506 2874 sum,
541 2836 576 2867 et
607 2832 652 2866 de
678 2842 750 2876 quo
782 2835 859 2866 tota
892 2835 946 2866 est
978 2831 1103 2866 oratio.
1155 2831 1249 2866 Satis
1287 2831 1355 2866 erit
1392 2830 1593 2875 inspexisse
1624 2840 1653 2863 c.
1682 2829 1713 2870 7,
1746 2828 1808 2863 19:

306 2893 443 2926 Deinde
468 2893 562 2936 quod
595 2902 658 2926 nos
689 2892 810 2925 eadem
842 2892 934 2925 Asia
966 2895 1072 2934 atque
1096 2892 1188 2924 idem
1220 2892 1284 2924 iste
1311 2891 1540 2926 Mithridates
1566 2891 1632 2923 cet.
1684 2888 1734 2922 Ne
1759 2887 1808 2922 ibi

307 2951 454 2995 quidem
480 2951 644 2995 proxime
670 2950 854 2995 praecessit
878 2949 1095 2984 Mithridatis
1121 2949 1268 2984 mentio.
1320 2946 1440 2991 1834]
