1915 3235
101 263 240 296 sustuli
253 273 407 305 poenam,
432 261 469 295 id
487 264 550 301 est,
576 262 672 295 subii
688 262 730 302 ΙΙ,
757 260 836 295 316.

103 321 200 355 Suus
224 331 334 364 prave
358 331 423 364 pro
449 321 524 353 eius
550 320 592 361 ΙΙ,
623 318 669 352 48
702 323 737 354 et
762 323 836 354 not.

231 377 241 398 0

441 473 492 513 Τ.

105 556 291 599 Tanquam
315 553 395 588 494.

105 615 221 655 Tanti,
247 619 297 647 est
322 615 415 647 tanti
438 613 480 653 ΙΙ,
514 611 580 645 187
606 623 682 656 sqq.
717 611 774 654 (de
800 624 838 646 re

147 672 297 716 optabili
323 672 371 712 ΙΙ,
405 670 472 704 188
497 681 585 714 sqq,
618 671 655 704 in
687 681 729 704 eo
761 671 838 705 bre-

147 730 240 764 vitas
266 730 307 771 11,
341 728 418 770 189,
446 740 527 763 cum
554 729 731 764 infinitivo
757 730 837 764 sub-

149 788 230 822 iecti
268 788 346 821 loco
378 788 420 829 ΙΙ,
455 787 538 825 189;
577 788 756 822 absolute:
789 794 839 822 est

148 849 251 888 tanti,
284 847 374 880 nihil
405 851 455 880 est
479 849 573 880 tanti
596 847 638 887 ΙΙ,
672 845 755 884 19ος
795 847 838 880 de

148 915 186 939 re
223 905 423 945 subeunda,
462 916 544 939 cum
581 904 757 939 infinitivo
796 905 838 946 II,

149 962 227 1005 191,
255 974 337 997 cum
356 963 582 997 substantivo
597 963 640 1004 ΙΙ,
661 962 745 1004 193;
773 964 838 1008 sig—

147 1021 371 1056 nificationes
386 1022 543 1055 confusae
558 1022 600 1063 ΙΙ,
616 1021 694 1056 193.
724 1022 838 1056 Prave

149 1081 307 1125 positum
333 1081 376 1121 ΙΙ,
403 1079 497 1122 194.)

106 1141 228 1173 Tactus
254 1139 296 1180 ΙΙ,
323 1138 392 1172 318
417 1142 490 1172 not.

105 1199 230 1241 Teyere
248 1199 414 1241 patriam
441 1197 591 1231 dubium
617 1197 696 1232 507.

106 1257 288 1299 Tempore:
326 1257 446 1299 Mayis
478 1262 642 1300 tempore,
671 1268 744 1291 non
770 1269 838 1291 me-

147 1317 234 1349 liore
259 1321 360 1358 temp.
379 1314 458 1349 389.
502 1315 668 1358 Tempore
694 1327 767 1350 non
785 1320 838 1350 est

148 1376 215 1408 cito
241 1373 310 1407 476
336 1377 409 1408 not.

99 1432 319 1476 Temporum
357 1432 592 1476 grammatica
633 1433 759 1467 divisio
802 1434 838 1468 in

146 1491 268 1535 lingua
286 1491 408 1525 Graeca
430 1495 466 1525 et
483 1492 610 1525 Latina
629 1492 671 1532 ΙΙ,
699 1492 740 1524 61
760 1503 836 1536 sqq.

105 1551 233 1583 Tenere
278 1548 460 1591 (dicendo)
506 1550 582 1584 sine
632 1551 837 1585 accusativo

148 1607 225 1641 119.

100 1666 250 1700 Tessera
275 1666 461 1710 hospitalis
487 1667 529 1708 II,
555 1667 610 1702 39.

99 1725 349 1759 Themistoclis
375 1725 511 1760 dictum
537 1727 578 1768 ΙΙ,
605 1726 684 1761 271.

99 1783 301 1824 Tortellius,
328 1784 490 1826 Ioannes,
517 1785 548 1819 4.

147 1901 218 1934 lem
245 1900 287 1941 ΙΙ,
315 1896 409 1934 196.’

100 1959 250 1992 Tribuni
268 1959 383 1992 aerarii
402 1960 444 2000 ΙΙ,
471 1960 538 1993 242
557 1973 633 2006 sqq.
668 1962 744 1996 Non
765 1973 836 1996 ma-

146 2019 326 2062 gistratus,
354 2019 417 2053 sed
443 2020 530 2053 ordo
549 2021 682 2055 civium
700 2022 741 2062 ΙΙ,
769 2021 837 2053 250

147 2089 223 2121 sqq.
274 2078 463 2122 Equitibus
498 2079 657 2114 adiuncti
693 2083 727 2114 et
754 2092 836 2114 cum
890 2071 891 2080 ¹

844 132 926 174 769

146 2136 188 2170 iis
215 2137 355 2170 confusi
388 2148 409 2170 a
434 2137 666 2182 scriptoribus
692 2139 734 2179 II,
768 2138 835 2171 244
890 2139 891 2187 ]

147 2199 233 2236 not„
267 2195 335 2228 256
362 2207 439 2240 sqq.
482 2196 538 2230 Ad
564 2197 695 2231 iudicia
720 2197 837 2231 vocati
890 2198 891 2241 i

147 2265 178 2288 a.
208 2254 250 2287 70
276 2265 306 2288 a.
326 2254 406 2288 Chr.
426 2255 467 2292 II⁷
495 2254 562 2288 243
589 2267 677 2299 sqq..
704 2256 837 2289 sublati
890 2254 891 2282 ἶ

146 2313 188 2353 ΙΙ,
221 2312 305 2353 249;
344 2316 444 2346 extra
480 2314 547 2347 hoc
579 2318 721 2357 tempus
748 2314 836 2348 anti·
890 2340 891 2362 ζ

890 2366 891 2417 ᾗ
943 2372 1126 2405 Vulcatius
1154 2371 1331 2415 Sedigitus
1359 2371 1435 2405 107.

147 2432 182 2463 et
207 2433 280 2463 not.
326 2430 442 2464 Censu
469 2431 625 2465 distincti
652 2442 673 2464 a
698 2431 837 2475 reliqua
889 2425 891 2460 ἶ

146 2382 219 2414 qua
250 2375 285 2405 et
316 2372 468 2405 obscura
494 2373 669 2407 memoria
693 2373 735 2413 ΙΙ,
768 2372 835 2405 249

147 2489 251 2531 plebe
278 2489 319 2529 ΙΙ,
353 2488 420 2521 254
447 2500 523 2533 sqq.
574 2490 745 2523 Veterum
777 2490 835 2523 tri—

146 2547 328 2581 bunorum
355 2548 563 2582 aerariorum
589 2549 686 2592 origo
713 2559 756 2582 ex
777 2548 834 2582 sti·
888 2571 889 2574 =

146 2606 268 2650 pendii
285 2607 447 2640 solvendi
461 2608 598 2641 ratione
613 2607 654 2647 ΙΙ,
676 2606 743 2639 258
758 2618 833 2650 sqq.

945 261 986 304 Q.
1013 261 1216 296 Trinacrius
1242 265 1347 307 poeta
1372 262 1477 297 fictus
1502 262 1557 296 ⁴20.

950 321 1038 354 Tum
1064 324 1098 354 et
1124 326 1207 355 tunc
1229 320 1299 354 47?
1328 323 1400 355 not.
1448 322 1534 355 Tum
1561 333 1682 365 super-

992 379 1155 413 additum
1203 379 1367 413 ablativis
1417 380 1682 424 consequentiae

993 438 1035 478 ΙΙ,
1062 437 1118 471 39.

951 497 1092 530 Tunicae
1117 498 1277 530 demissae
1301 496 1357 531 66.

1215 648 1327 690 Uet
1358 650 1406 690 V.

946 730 1137 765 Varietatis
1151 730 1335 775 scripturae
1345 732 1561 765 annotandae
1576 731 1680 767 ratio:

993 789 1138 823 selectio
1164 789 1376 833 improbata,
1409 789 1476 823 nisi
1503 793 1681 823 certorum

994 847 1170 888 codicum,
1197 848 1238 888 ΙΙ,
1265 847 1297 889 3,
1329 847 1395 881 144
1421 851 1494 882 not.

947 906 1116 940 Varronis
1148 906 1289 940 Atacini
1323 909 1409 940 aetas
1436 906 1490 941 19.
1540 907 1681 941 Bellum

993 964 1171 998 Punicum
1198 976 1270 998 non
1296 965 1436 1009 scripsit
1462 964 1517 999 20.

947 1023 1103 1058 Velleius
1116 1023 1326 1057 Paterculus
1349 1024 1588 1068 reprehensus
1603 1024 1681 1058 222.

947 1081 984 1115 T.
1012 1082 1129 1115 Verax
1154 1085 1261 1126 poeta
1285 1082 1389 1116 fictus
1416 1082 1470 1117 20.

946 1140 1105 1174 Verbum
1140 1140 1314 1174 omissum
1352 1141 1421 1175 alio
1459 1152 1610 1176 numero
1649 1146 1683 1177 et

992 1202 1154 1243 tempore
1192 1199 1433 1242 supplendum
1462 1199 1537 1234 197.
1600 1201 1683 1235 Ver<

992 1257 1122 1291 borum
1164 1257 1281 1301 prima
1330 1269 1482 1302 persona
1532 1270 1682 1293 numero

993 1316 1131 1350 variata
1156 1316 1233 1349 159.
1284 1317 1326 1353 ΙΙ,
1352 1315 1431 1350 307.

953 1376 1040 1409 Vero
1065 1376 1134 1409 vid.
1161 1387 1278 1419 neque.

953 1435 1112 1468 Vesontio
1138 1445 1246 1468 masc.
1273 1434 1413 1478 generis
1437 1434 1516 1468 385.

946 1493 1099 1526 Vetandi
1123 1492 1238 1526 forma
1255 1492 1382 1526 Latina
1401 1493 1442 1534 Il,
1471 1492 1538 1525 105
1556 1496 1590 1527 et
1609 1496 1680 1527 not.

953 1553 1067 1585 Vicem
1092 1550 1171 1585 442.

954 1610 1096 1651 Videro,
1133 1611 1280 1649 videris,
1319 1611 1461 1651 viderit,
1501 1609 1682 1644 indicativi

993 1667 1106 1702 modi:
1134 1679 1219 1702 usus
1246 1668 1283 1702 in
1301 1668 1499 1702 differenda
1517 1672 1551 1702 et
1570 1672 1681 1702 trans-

993 1726 1140 1760 ferenda
1166 1737 1204 1760 re
1230 1726 1271 1763 ΙΙ.
1298 1726 1353 1769 92,
1380 1726 1433 1761 96.

891 1815 892 1829 ,
953 1786 1096 1818 Vz'lle'cns
1122 1795 1193 1818 non
1212 1787 1406 1828 proefeetns
1431 1784 1486 1819 55.

99 1842 344 1886 'transpositio
370 1853 541 1878 versuum
567 1845 660 1889 apud
689 1845 837 1878 Iuvena-
890 1862 893 1907 ξ

953 1844 1141 1876 Vindicat-e
1165 1855 1200 1877 se
1226 1845 1266 1877 de
1293 1845 1411 1888 aliquo
1437 1855 1510 1878 non
1544 1845 1678 1878 Cicero-

992 1902 1142 1935 nianum
1169 1902 1210 1942 ΙΙ,
1237 1901 1315 1936 312.

953 1962 1032 1994 Volo
1065 1972 1147 1994 cum
1179 1961 1336 2004 perfecto
1370 1960 1535 1995 infinitivi
1562 1961 1597 1994 111
1622 1972 1680 1995 ve-

992 2020 1101 2053 tando
1127 2023 1159 2053 et
1188 2020 1351 2062 negando
1377 2018 1433 2061 (ne
1459 2022 1539 2063 quis
1557 2021 1680 2062 fecisse

993 2076 1082 2119 velit)
1108 2078 1150 2117 II,
1178 2077 1244 2110 124
1271 2090 1346 2122 sqq.

951 2138 992 2171 Ut
1017 2148 1081 2180 pro
1108 2148 1148 2170 ue
1173 2140 1253 2180 post
1281 2149 1398 2171 vereor
1423 2136 1487 2169 491
1517 2139 1589 2170 not.

951 2198 1042 2240 Uter,
1077 2202 1289 2239 utercumque
1321 2207 1348 2230 c.
1382 2194 1574 2229 indicativo
1599 2194 1678 2227 481.

951 2257 991 2289 Ut
1022 2256 1222 2298 plurimum
1262 2255 1357 2298 apud
1394 2254 1550 2287 Plinium
1595 2253 1681 2296 quid

991 2314 1161 2357 significet
1189 2314 1230 2353 ΙΙ,
1259 2313 1336 2347 149.

1288 2525 1330 2565 Z.

942 2606 1097 2649 Zeugma
1124 2605 1201 2639 480.

1351 2990 1395 3023 49
