1915 3235
964 137 1049 178 466

211 267 348 307 emitto
379 280 426 306 (ce
448 271 534 306 tum
557 279 695 319 aqam,
729 265 802 306 ubi
826 266 941 307 illinc
962 266 1140 319 rediero,
1174 265 1250 307 Nil
1272 271 1352 319 est;
1385 267 1603 320 refrixerit
1624 282 1691 308 res
1707 270 1803 319 cet.,

212 336 284 378 ubi
331 337 458 389 plane
505 337 700 389 ineptum
739 337 794 378 sit
832 336 1090 391 7·efriyescet;
1138 349 1278 389 neque
1327 337 1440 378 enim
1488 340 1580 379 tum
1628 338 1804 379 demum

211 407 371 448 orietur
418 407 564 460 frigus,
612 408 689 449 sed
735 408 875 449 aderit
920 408 1021 449 iam.
1084 407 1173 449 Nec
1214 421 1239 448 a
1280 407 1371 461 lege
1412 408 1593 450 discedit
1623 409 1804 451 Plautus

212 478 407 519 Trinum.
426 478 493 528 ΙΙΙ,
527 478 566 529 3,
604 479 677 526 17:
711 478 807 519 huic
839 478 1020 519 ducendi
1051 479 1212 519 interea
1244 478 1483 520 abscesserit
1509 479 1694 528 Lubid03
1727 480 1804 521 sed

157 561 190 586 83
210 549 339 602 paulo
372 549 458 590 iam
490 548 666 590 liberius
700 552 765 590 est
796 550 914 603 apud
940 550 1192 590 Terentium
1217 549 1352 591 Andr.
1378 550 1427 600 II,
1461 550 1501 600 3,
1535 550 1611 591 24:
1644 551 1805 591 interea

212 619 374 674 ccle'quisl
407 619 606 660 acciderit
639 620 745 670 boni,
794 620 907 673 quia,
956 620 1029 673 qui
1071 620 1129 661 ibi
1172 621 1372 673 loquitur,
1422 621 1558 674 magis
1590 620 1802 671 universe,

211 704 341 743 quam
375 704 497 743 spem
529 691 703 741 habeat,
744 691 956 745 significat
994 705 1127 744 quam
1161 694 1325 733 certum
1357 692 1501 742 finem,
1542 693 1642 732 ante
1675 704 1804 744 quem

210 762 474 814 perficiatur,
520 763 728 811 ostendit3
775 763 852 804 sed
898 765 1047 804 tamen
1094 762 1281 815 spatium
1330 763 1373 803 id
1420 762 1552 804 futuri
1596 762 1804 814 temporis

211 833 549 886 comprehendit,
597 846 676 886 per
723 834 839 886 quod
885 835 1047 875 otiosus
1095 836 1218 886 pater
1266 834 1469 886 quiescet.
1532 832 1627 874 Hoc
1674 832 1802 874 modo

210 903 357 945 Cicero
401 903 457 944 ad
488 904 577 945 Att.
610 904 680 955 IX,
728 905 780 946 15
813 905 980 946 scribit:
1033 904 1168 956 Quum
1210 910 1254 946 izi
1293 905 1379 946 liceo
1417 906 1535 960 leyes,
1584 918 1653 959 eqo
1685 905 1804 945 illum

207 973 389 1026 fortasse
421 988 655 1025 convertero,
690 978 733 1016 et
765 976 908 1017 Livius
940 976 1027 1026 XL,
1065 977 1136 1017 11:
1183 975 1278 1016 Nori
1302 977 1472 1030 primus
1502 990 1677 1031 refluum
1707 975 1803 1029 frct-

209 1050 331 1086 terna
362 1045 472 1086 ccede
500 1047 656 1100 petiero
690 1046 779 1100 (Ich
812 1047 957 1088 werde
989 1047 1109 1088 nicht
1141 1047 1217 1088 der
1247 1049 1359 1088 erste
1393 1047 1497 1098 sein,
1532 1047 1608 1088 der
1639 1070 1697 1074 —
1728 1060 1802 1099 ge-

210 1116 336 1157 sucht
368 1115 475 1169 hat).
546 1117 740 1159 Eandem
785 1118 970 1159 formam
1012 1118 1147 1159 habet
1186 1118 1408 1159 Lucretius
1440 1118 1507 1169 ΙΙΙ,
1550 1118 1656 1159 915:
1706 1116 1803 1158 Iam

207 1186 353 1240 fuerit,
393 1175 520 1242 neque
549 1193 640 1242 post
671 1203 857 1243 <unquam
889 1202 1083 1229 revocare
1116 1188 1263 1238 licebit,
1304 1191 1346 1230 et
1376 1189 1538 1242 Virgilii
1576 1201 1726 1230 versus
1758 1188 1802 1228 in

209 1259 302 1299 AEn.
336 1258 408 1299 lib.
442 1259 490 1308 ΙΙ,
535 1260 613 1300 581
666 1262 708 1300 et
750 1259 856 1309 5823
904 1273 1007 1301 nam
1050 1260 1166 1313 quod
1210 1259 1318 1301 libro
1351 1260 1405 1300 IV
1437 1273 1477 1301 v.
1510 1260 1592 1301 591
1627 1259 1801 1312 legitur:

209 1329 293 1370 Pro
326 1328 532 1383 Iuppiter,
579 1329 654 1371 ibit
686 1329 784 1383 Hie,
833 1331 905 1383 ccvesst,
955 1335 990 1371 el
1029 1332 1181 1372 nostris
1220 1331 1399 1372 illuserit
1438 1331 1601 1371 advena
1633 1329 1806 1384 remiis?

209 1402 346 1454 magis
378 1401 553 1443 inclinat
585 1402 628 1442 in
661 1415 771 1452 eam,
816 1401 869 1442 de
907 1415 993 1454 qua
1024 1404 1123 1454 post
1155 1402 1310 1453 dicam,
1355 1405 1533 1443 eventus
1567 1401 1699 1443 futuri
1731 1413 1803 1442 ac-

209 1472 336 1514 tionis
389 1474 620 1525 praeteritae
674 1473 1045 1526 significationem.
1123 1473 1218 1515 Hoc
1273 1476 1420 1514 autem
1466 1475 1607 1515 totum
1652 1485 1801 1526 genus,

210 1543 310 1595 quia
354 1544 514 1584 eminet
555 1547 714 1597 praeter
753 1545 948 1586 futurum
982 1545 1112 1586 etiam
1145 1545 1352 1597 praeteriti
1384 1543 1651 1598 significatio,
1699 1543 1804 1584 nihil

210 1615 266 1655 ad
313 1614 495 1656 alteram
543 1615 728 1656 formam
776 1614 867 1668 (so),
917 1629 1013 1669 quae
1060 1617 1233 1669 proprie
1277 1616 1408 1657 futuri
1448 1615 1653 1668 simplicis
1697 1616 1804 1664 erat,

210 1685 411 1738 pertinet.
427 1683 460 1739 1)

247 1849 276 1893 ¹)
303 1852 425 1886 Unum
457 1851 709 1896 attingendum
742 1855 805 1893 est,
844 1863 901 1893 ne,
940 1851 970 1886 si
1001 1863 1066 1896 pro
1100 1855 1185 1886 noto
1219 1852 1376 1896 tritoque
1402 1851 1568 1893 omisero,
1606 1854 1732 1896 postea
1757 1851 1803 1885 ab

304 1910 480 1954 imperitis
512 1911 629 1945 alieno
662 1912 740 1945 loco
772 1911 973 1946 obiiciatur.
1030 1912 1124 1952 Sunt
1155 1911 1253 1945 enim
1285 1911 1453 1955 quaedam
1484 1911 1714 1945 condiciones
1749 1920 1805 1943 ac·

304 1969 445 2003 tionum
470 1970 688 2011 futurarum,
716 1981 796 2014 quae
821 1982 895 2005 non
921 1974 1005 2005 ante
1031 1982 1102 2012 eas,
1129 1971 1191 2005 sed
1217 1971 1325 2005 simul
1352 1981 1436 2004 cum
1463 1971 1502 2004 iis
1521 1970 1647 2004 adesse
1666 1980 1800 2013 easque

304 2039 420 2072 usque
452 2029 497 2062 ad
528 2029 639 2063 finem
674 2029 837 2064 comitari
871 2030 1014 2071 dehent,
1054 2034 1093 2064 ut
1128 2029 1321 2073 facultatis,
1359 2030 1559 2074 potestatis,
1596 2029 1804 2064 voluntatis.

304 2088 348 2121 Et
374 2091 497 2122 tamen
523 2088 676 2122 facultas
702 2088 763 2122 illa
792 2089 1004 2123 volunt-esve
1030 2090 1099 2123 hoc
1123 2089 1212 2133 ipso,
1239 2089 1336 2133 quod
1363 2088 1611 2123 condicionem
1632 2088 1804 2130 continet,

302 2147 505 2190 praecedere
531 2147 687 2181 alterum
713 2147 865 2188 videtur,
900 2148 1050 2182 confusa
1082 2148 1192 2182 etiam
1224 2148 1371 2182 notione
1397 2148 1584 2192 potestatis
1611 2147 1803 2189 manentis,

305 2216 385 2249 quae
411 2206 605 2240 comitatur
630 2206 821 2248 actionem,
862 2210 897 2241 et
929 2207 1118 2251 potestatis
1151 2208 1244 2241 datae
1276 2207 1462 2250 factaeque‚
1502 2218 1584 2251 quae
1615 2207 1712 2251 prior
1738 2210 1802 2241 est.

304 2264 396 2298 Hinc
422 2265 473 2306 fit,
506 2268 547 2299 ut
572 2265 701 2306 Latini,
737 2265 798 2309 qui
825 2266 973 2300 alterius
999 2266 1150 2300 actionis
1176 2266 1275 2310 prius
1301 2269 1446 2309 tempus
1472 2265 1573 2300 verbi
1599 2266 1717 2300 forma
1742 2276 1803 2299 no-

305 2327 394 2364 tant,
420 2323 478 2357 hic
504 2335 649 2368 quoque
675 2335 718 2358 ea
742 2324 860 2359 fornia
886 2325 938 2359 uti
964 2325 1113 2369 possint,
1141 2325 1243 2359 cuius
1268 2325 1408 2369 generis
1434 2325 1664 2359 notissimum
1690 2327 1745 2358 est
1769 2325 1803 2358 si

299 2388 461 2426 potuero,
488 2384 551 2417 sed
577 2383 709 2418 similia
735 2386 768 2417 si
792 2386 943 2427 voluero,
971 2387 1003 2418 si
1020 2385 1170 2427 licuerit,
1197 2386 1230 2418 si
1239 2386 1430 2428 placuerit,
1457 2386 1491 2418 si
1506 2386 1617 2418 otium
1634 2384 1802 2425 habuero,

305 2453 386 2485 quae
412 2445 447 2475 et
473 2442 532 2476 alii
558 2442 780 2486 collegerunt
806 2447 841 2477 et
867 2444 908 2478 A.
936 2444 1139 2477 Matthiaeus
1173 2443 1209 2477 in
1243 2442 1486 2487 disputatione
1518 2443 1562 2477 de
1595 2453 1664 2477 usu
1690 2442 1803 2476 futuri

305 2501 421 2534 exacti
452 2501 489 2535 in
521 2502 686 2536 Seebodii
718 2503 896 2537 tabulario
929 2503 1053 2546 philol.
1081 2503 1129 2544 II,
1165 2502 1184 2535 1
1211 2514 1244 2546 p.
1272 2501 1316 2535 20
1349 2500 1589 2545 [Vermischte
1622 2501 1802 2536 Schriften

305 2571 337 2603 p.
368 2559 408 2592 71
436 2559 541 2604 sqq.].
592 2561 668 2595 Iam
694 2565 805 2605 patet,
847 2573 961 2606 quum
999 2573 1045 2596 ne
1083 2573 1166 2596 vere
1201 2561 1437 2605 praecedentis
1470 2561 1617 2605 quidem
1651 2560 1802 2594 actionis

305 2622 449 2662 tenipus
482 2619 653 2662 singulari
686 2621 748 2654 illa
780 2621 897 2655 fornia
929 2632 1073 2664 semper
1105 2621 1266 2664 signetur
1298 2620 1376 2662 (cfr.
1403 2632 1436 2665 p.
1463 2620 1509 2653 80
1540 2618 1646 2662 not.')‚
1686 2619 1801 2653 multo

304 2678 425 2712 minus
458 2678 492 2711 in
527 2678 593 2711 hac
626 2679 861 2714 similitudine
894 2691 1037 2724 semper
1071 2679 1106 2713 id
1138 2680 1227 2722 fieri,
1265 2691 1509 2724 magnamque
1535 2678 1737 2713 necessario
1763 2677 1800 2712 in

305 2737 373 2770 hac
399 2748 436 2770 re
462 2736 665 2771 libertatern
693 2749 769 2772 esse
796 2739 1030 2782 scriptoribus
1056 2739 1106 2772 ita
1132 2739 1314 2783 loquendi,
1353 2743 1394 2773 ut
1425 2750 1481 2772 res
1512 2750 1550 2772 se
1586 2737 1708 2771 animo
1740 2737 1799 2770 ob-

305 2796 464 2837 tulerint,
499 2807 564 2830 nec
589 2797 704 2830 multo
732 2798 885 2831 Ernestii
912 2809 1043 2839 errore,
1078 2798 1222 2841 ubique,
1255 2797 1489 2843 ubiquidem
1516 2797 1738 2837 attendisset,
1769 2799 1801 2829 si

298 2860 424 2898 potero
450 2854 711 2897 substituentis,
750 2856 928 2890 minorem
955 2868 1033 2891 esse
1060 2867 1198 2898 eorum,
1236 2857 1297 2900 qui
1329 2857 1406 2890 haec
1438 2860 1534 2891 certa
1561 2860 1595 2890 et
1622 2854 1800 2889 constanti

305 2914 429 2958 regula
455 2913 622 2947 distincta
654 2915 789 2955 volunt,
828 2916 1071 2957 immemores,
1110 2919 1150 2949 ut
1184 2926 1278 2959 saepe
1310 2915 1426 2956 multi,
1464 2918 1630 2949 veterum
1656 2923 1799 2958 quoque

305 2983 511 3006 sermonem
539 2977 679 3014 natura,
707 2985 778 3007 non
805 2978 893 3015 arte,
919 2978 1046 3008 natum
1074 2974 1282 3018 fictumque.
1323 2973 1662 3016 <Cf1·.Lindem„ad
1681 2972 1797 3006 Plaut.
