1915 3235
146 1312 198 1336 478

966 100 1052 141 370

211 238 353 288 Quum
387 238 560 289 gentem
586 233 781 275 Clodiam
814 232 959 272 orator
985 228 1194 278 nominat,
1229 231 1461 283 utrumque
1494 230 1686 279 fratrem,
1720 231 1806 272 Pu-

211 308 345 349 blium
387 308 427 347 et
460 304 664 358 Appium,
714 303 781 344 cui
823 302 867 342 in
908 301 989 342 hac
1032 301 1226 341 oratione
1258 314 1345 342 non
1377 301 1528 353 parcit,
1578 302 1806 355 coniungit,

212 380 436 430 totamque
481 376 609 416 istam
650 373 841 422 domum,
890 372 1162 413 inimicorum
1205 385 1382 413 suorum
1426 373 1574 424 caput;
1622 385 1724 413 nam
1768 374 1811 414 et

214 449 364 491 Clodia
395 448 439 488 in
471 446 657 488 consiliis
689 445 895 485 intererat
929 445 971 483 et
1003 442 1046 482 in
1077 441 1216 483 turbis
1248 440 1498 490 movendis;
1530 455 1609 483 nec
1633 455 1658 483 a
1684 445 1810 495 gente

214 519 454 562 excluditur
486 517 584 558 Sex.
619 515 806 563 Clodius,
855 513 1041 554 libertini
1084 511 1264 565 generis.
1340 512 1482 553 Verbo
1528 513 1714 554 monebo
1758 514 1811 555 de

213 590 424 631 Wunderi
457 588 712 641 suspicione,
755 585 966 627 adiectiva
1000 597 1025 625 a
1058 583 1194 625 Clodii
1226 583 1400 624 nomine
1433 583 1619 625 deducta
1650 584 1811 637 ubique

216 677 267 705 ex
299 663 380 703 hac
420 661 614 702 oratione
654 657 844 699 tollenda
886 655 1101 709 putantis3
1149 655 1193 695 in
1236 667 1320 706 quo
1363 666 1450 694 non
1493 654 1810 706 animadvertit,

214 734 343 774 aliam
378 744 472 773 esse
503 728 688 771 nominis
721 727 854 780 ipsius
886 728 1112 775 rationem,
1147 724 1262 778 quod
1295 725 1378 766 alia
1403 724 1637 766 substituta
1661 726 1811 779 appel-

214 805 373 845 latione
408 807 450 843 et
482 800 792 854 significatione
824 797 950 839 vitari
974 799 1133 850 posset,
1169 795 1298 836 aliam
1323 795 1535 845 adiectivi,
1570 808 1654 849 quo
1679 797 1809 838 mole-

215 875 401 916 stissime
442 874 587 914 orator
626 871 790 912 careret
824 881 963 921 neque
997 868 1039 908 id
1072 867 1142 908 illo
1175 866 1304 908 modo
1338 879 1620 920 compensare
1651 870 1810 919 posset.

215 947 262 987 In
295 945 449 987 eadem
482 943 670 984 sectione
712 940 933 981 verissime
967 938 1203 979 Gulielmus
1251 947 1304 978 ex
1343 938 1538 979 codicum
1579 937 1811 991 scriptura:

216 1030 455 1071 oppressam
489 1019 610 1068 atque
642 1012 842 1053 occultam
882 1009 1031 1051 efficit:
1081 1022 1320 1064 oppressam
1361 1013 1481 1063 atque
1519 1009 1813 1059 conculcatam,

203 1090 388 1129 'servata
421 1086 575 1127 eadem
606 1083 792 1136 imagine
827 1084 869 1123 et
901 1080 1095 1134 graviore
1121 1080 1254 1120 verbo
1281 1080 1417 1121 lenius
1443 1081 1664 1132 sequente,
1699 1080 1816 1133 quod

217 1161 449 1211 utrumque
497 1160 645 1198 contra
694 1156 759 1195 est
805 1153 849 1194 in
887 1153 1063 1205 vulgata
1103 1151 1379 1200 correctione,
1428 1155 1689 1204 occupatam
1737 1164 1816 1192 nec

218 1229 322 1270 illud
353 1229 519 1281 longius
553 1241 577 1268 a
611 1226 804 1268 codicum
847 1222 1034 1276 vestigiis
1074 1224 1289 1263 remotum
1339 1224 1416 1271 est,
1465 1222 1597 1263 immo
1640 1222 1816 1275 propius

219 1295 530 1351 eoeulc·atam.¹)
588 1298 723 1339 Paulo
756 1298 852 1349 post
885 1294 925 1348 (ἓ
945 1294 1031 1346 82),
1066 1293 1141 1334 ubi
1174 1293 1335 1334 editur:
1371 1292 1473 1333 adeo
1506 1294 1589 1333 vim
1609 1292 1819 1346 facinoris

218 1373 285 1413 sut
309 1371 660 1425 perhorruerant,
694 1368 737 1409 in
771 1367 864 1408 cod.
899 1366 1034 1406 Paris.
1068 1364 1237 1405 melius.
1256 1365 1464 1416 scriptum
1498 1366 1563 1405 est
1586 1364 1818 1418 perhorru-

221 1447 354 1483 erunt.
416 1442 540 1482 Nunc
573 1440 685 1481 enim
721 1439 897 1479 demum
930 1449 1109 1477 narrare
1144 1435 1197 1476 de
1231 1448 1281 1476 ea
1313 1448 1359 1476 re
1390 1434 1550 1488 incipit,
1585 1447 1664 1476 nec
1696 1436 1819 1488 sequi

221 1513 410 1566 alioquin
442 1513 633 1565 poterat:
673 1515 718 1551 ut
752 1533 804 1537 —
839 1508 1075 1563 coyc'tariut,
1110 1506 1186 1548 sed
1218 1506 1462 1547 necessario
1495 1506 1723 1560 eoyitareut
1755 1506 1819 1548 di-

223 1584 408 1626 cendum
441 1585 546 1624 erat.

341 1655 386 1696 C.
411 1654 481 1703 40,
516 1654 570 1695 86
604 1652 848 1694 necessario
882 1663 904 1690 e
939 1649 1083 1691 codice
1107 1648 1338 1689 Parisiensi
1362 1648 1667 1701 codicibusque
1692 1649 1820 1689 Lam-

222 1726 311 1767 bini
344 1728 385 1767 et
418 1725 463 1767 C.
498 1723 707 1778 Stephani
739 1721 1016 1763 scribendum
1051 1721 1134 1760 est:
1175 1720 1246 1774 qui
1278 1719 1383 1760 mihi
1413 1733 1522 1760 uuus
1555 1732 1604 1759 ex
1635 1719 1823 1760 erunibus

224 1797 380 1838 civibus
412 1796 577 1837 videtur
611 1809 654 1835 re
687 1794 885 1841 docuisse,
929 1805 1008 1832 uon
1040 1790 1188 1843 verbis,
1223 1795 1258 1831 et
1291 1790 1392 1845 quid
1423 1794 1627 1844 oporteret
1659 1804 1684 1830 a
1714 1804 1824 1844 pree-

223 1867 429 1909 stautibus
464 1867 565 1908 ciris
599 1868 642 1907 z'u
674 1879 719 1906 re
744 1863 915 1918 publica
946 1862 1055 1915 fieri,
1097 1866 1133 1902 et
1173 1861 1274 1916 quid
1314 1875 1471 1902 neeesse
1512 1865 1624 1902 esset.
1686 1860 1822 1914 Vulgo

224 1939 343 1992 prius
377 1944 412 1979 et
444 1938 668 1979 omittitur.
733 1935 819 1977 Sed
851 1935 932 1974 hoc
965 1933 1106 1985 ipsum
1140 1933 1228 1985 agit
1266 1931 1331 1985 (ut
1365 1945 1417 1973 ex
1449 1932 1655 1984 proximis
1689 1945 1826 1985 appa-

226 2009 322 2063 ret),
363 2012 410 2051 ut
442 2010 535 2050 haec
569 2009 653 2050 duo
688 2020 781 2048 esse
814 2004 1015 2048 ostendat
1050 2005 1092 2044 et
1124 2003 1350 2044 disiuncta.
1416 2001 1534 2055 [Par.
1567 2002 1651 2052 sed,
1692 2003 1826 2055 gemi-

226 2083 330 2122 nata
362 2081 505 2121 littera
537 2078 590 2132 3.]
653 2078 788 2119 Paulo
821 2077 920 2130 post
953 2087 1084 2127 quum
1120 2073 1272 2126 optimi
1305 2074 1462 2115 codicis
1491 2072 1620 2127 (Par.,
1654 2074 1826 2123 Bernn.‚

229 2152 271 2193 S.
304 2150 429 2204 Vict.)
478 2164 532 2191 ne
572 2149 761 2190 litterula
805 2147 979 2200 quidem
1029 2146 1324 2197 discrepantes
1373 2144 1644 2197 aptissimam
1692 2144 1827 2198 scrip-

229 2225 371 2263 turam
404 2223 621 2270 tueantur,
655 2221 826 2260 tantum
850 2219 963 2259 male
987 2218 1133 2258 divisis
1156 2215 1347 2264 vocibus,
1383 2228 1434 2256 ex
1457 2228 1542 2267 quo
1565 2215 1827 2268 reliquorum

230 2293 390 2334 menda
422 2295 516 2334 orta
549 2293 662 2340 sunt,
696 2290 841 2339 miror,
877 2302 951 2330 cur
974 2288 1158 2329 Orellius
1192 2286 1376 2339 amplius
1400 2287 1631 2339 quicquam
1653 2286 1829 2328 violenti

232 2363 476 2405 coniectura
518 2362 719 2414 anquirat
762 2363 838 2401 aut
870 2362 1004 2407 ἄκυρον
1043 2371 1138 2400 esse
1178 2360 1314 2411 putet,
1364 2357 1562 2412 dativumv
1583 2358 1744 2411 patrioe
1777 2370 1829 2398 ex

226 2435 384 2488 patria>
416 2446 666 2486 «recuperare
699 2431 876 2484 intelligi
917 2431 972 2471 ad
1006 2434 1186 2483 ereptum
1231 2430 1273 2469 in
1314 2428 1467 2469 eadem
1509 2429 1736 2479 sententia,
1787 2431 1829 2470 et

232 2504 382 2545 laudes
416 2504 632 2545 Ciceronis
671 2503 740 2543 hic
783 2502 929 2554 utique
974 2499 1232 2553 repetendas
1277 2499 1408 2540 fuisse
1452 2499 1624 2540 iudicet.
1688 2498 1828 2540 Facile

232 2575 564 2628 intelligebatur,
599 2574 736 2626 qualis
771 2572 872 2613 civis
905 2584 998 2613 esse
1032 2571 1222 2619 deberet,
1257 2583 1385 2623 quem
1417 2570 1585 2611 divinus
1608 2570 1677 2611 ille
1699 2570 1829 2611 homo

234 2647 386 2699 patriae
418 2648 627 2697 tanquam
662 2647 859 2697 ereptum
892 2642 1068 2695 aliquod
1098 2642 1262 2682 bonum
1295 2654 1552 2694 recuperare
1584 2641 1790 2683 studeret.

277 2820 302 2863 ¹)
329 2822 369 2855 In
397 2821 525 2855 eadem
551 2820 710 2854 sectione
737 2820 814 2853 cod.
841 2819 921 2853 Par.
949 2818 1080 2852 rectius
1106 2819 1289 2852 etiamtum
1315 2829 1379 2862 pro
1406 2819 1608 2852 etiamtunc.
1662 2817 1760 2850 Tune
1786 2816 1831 2849 ad

335 2884 474 2915 certum
500 2883 536 2914 et
562 2879 751 2913 definitum
778 2882 922 2922 tempus
958 2876 1114 2921 pertinet
1141 2875 1377 2919 (contrarium
1411 2879 1465 2910 est
1497 2875 1623 2918 nune);
1663 2887 1680 2909 c
1712 2875 1832 2909 littera

334 2940 461 2974 eadem
488 2942 552 2980 est,
579 2949 659 2982 quae
685 2937 721 2971 in
748 2938 803 2970 hic
830 2940 864 2971 et
890 2938 983 2970 huuc
1008 2936 1100 2978 (νῦν,
1129 2934 1177 2975 ὅς,
1207 2931 1274 2978 ὅν).
