1915 3235
936 113 974 153 X

169 248 338 300 optimis
384 246 569 286 fontibus
612 242 807 295 augendi,
857 241 1112 293 corrigendi.
1163 242 1416 294 disponendi
1455 245 1497 282 et
1539 242 1580 282 in
1618 255 1743 283 usum

171 329 346 371 vocandi
379 340 545 368 summe
578 324 781 365 laudabili
816 323 1015 364 comitem
1048 336 1094 365 se
1127 324 1320 365 adiunxit
1351 337 1437 365 non
1470 324 1743 366 laudabilem.

167 411 268 452 Mihi
300 412 380 451 hoc
412 422 582 461 semper
614 406 879 460 propositum
914 405 1004 455 fuit,
1038 410 1085 446 ut
1117 409 1254 447 artem
1282 406 1452 448 efficere
1484 420 1663 448 conarer
1695 420 1745 447 ex

168 493 420 535 testimoniis
454 505 601 532 verum
642 490 710 530 via
750 502 798 530 ac
837 489 1002 529 ratione
1041 489 1290 541 exquirendi
1328 491 1458 541 atque
1498 489 1628 530 etiam
1668 489 1746 530 ob-

168 579 339 617 scurata
369 573 613 615 testimonia
646 572 887 624 indiciaque
919 571 1054 612 libero
1085 572 1241 624 ingenii
1273 574 1406 621 motu,
1440 574 1681 612 monstrata
1705 573 1748 612 et

169 658 342 699 definita
376 657 558 709 regione,
599 656 763 707 longius
803 654 1100 707 persequendi,
1140 656 1232 694 turn
1272 655 1446 695 inventa
1478 655 1589 696 notis
1622 655 1747 695 certis

169 738 571 792 comprehendendi.
636 737 761 778 Certa
809 736 864 778 ab
912 737 1083 778 incertis
1131 737 1230 789 quia
1278 738 1406 778 etiam
1454 737 1495 777 in
1540 737 1603 787 iis,
1652 750 1748 790 quae

169 822 423 864 coniecturae
446 821 730 873 appellantur,
755 819 962 866 discerno,
989 818 1120 859 critici
1142 832 1300 860 nomen
1322 819 1426 860 mihi
1449 819 1558 860 tueri
1581 819 1747 868 videor;

169 905 312 957 itaque
344 902 589 955 simpliciter
622 904 664 941 et
706 901 796 941 sine
835 902 1092 954 ambagibus
1132 902 1314 951 affirmo,
1355 915 1451 954 quae
1491 901 1749 943 affirmanda

168 990 288 1035 sunt3
336 999 431 1038 quae
479 987 554 1025 aut
599 985 642 1025 in
688 984 902 1036 probabili
949 984 1189 1037 suspicione
1228 984 1470 1036 relinquere
1509 997 1636 1038 cogor
1675 989 1750 1026 aut

168 1071 336 1109 tantum
371 1067 630 1108 adumbrare
662 1067 810 1120 primis
843 1067 964 1108 lineis
997 1069 1071 1108 aut
1104 1067 1247 1120 aliqua
1280 1080 1331 1108 ex
1363 1070 1485 1120 parte
1517 1067 1750 1109 informare

170 1165 358 1205 possum,
403 1165 496 1191 cum
531 1151 610 1191 illis
643 1163 728 1191 non
760 1150 1010 1202 permisceo.
1074 1150 1353 1191 Auctoritatis
1387 1150 1653 1191 confirmatio
1685 1151 1750 1191 in—

171 1233 337 1274 terdum
373 1233 576 1274 accedere
608 1236 759 1286 postea
792 1235 954 1286 potest3
987 1233 1061 1273 sed
1093 1236 1240 1273 tamen
1272 1234 1306 1273 is
1329 1235 1394 1273 est
1416 1232 1482 1273 Vel
1508 1233 1750 1285 praecipuus

172 1316 482 1357 emendationis
515 1317 755 1357 coniectura
789 1317 1004 1357 nascentis
1037 1328 1228 1368 campus,
1262 1315 1348 1364 ubi,
1382 1315 1553 1368 optimis
1577 1318 1619 1356 et
1640 1317 1750 1357 anti—

172 1399 385 1451 quissimis
419 1399 634 1440 codicibus
667 1399 792 1452 plene
825 1401 867 1439 et
899 1398 1122 1450 diligenter
1154 1398 1355 1448 excussis,
1391 1400 1439 1438 ut
1470 1398 1574 1439 nihil
1606 1400 1649 1440 in
1681 1399 1751 1440 illo

171 1496 325 1535 genere
367 1482 549 1534 amplius
597 1482 835 1534 exspectari
881 1482 1029 1533 possit,
1078 1483 1120 1521 et
1167 1481 1369 1521 mendum
1420 1481 1663 1534 coarguitur
1710 1484 1752 1522 et

173 1567 287 1605 certa
321 1564 406 1605 veri
439 1564 680 1605 inveniendi
713 1564 868 1605 indicia
901 1565 1121 1604 eruuntur.
1170 1564 1306 1604 Lusus
1339 1563 1523 1616 pueriles
1555 1563 1750 1604 inanem-

172 1660 254 1700 que
287 1647 579 1699 imperitorum
620 1649 662 1688 et
693 1647 805 1688 male
838 1646 1085 1687 sedulorum
1116 1648 1404 1688 temeritatem
1439 1646 1591 1687 eadem
1624 1660 1694 1688 ars
1725 1660 1750 1688 a

172 1730 400 1782 philologia
431 1730 681 1779 removebit,
715 1743 810 1782 quae
844 1730 896 1770 de
929 1728 1054 1770 certis
1087 1731 1129 1769 et
1160 1729 1410 1770 necessariis
1437 1729 1749 1770 emendationi-

172 1813 252 1853 bus
295 1812 535 1853 instabilem
580 1812 892 1853 dubitationem
937 1811 1147 1852 excludet.
1217 1811 1342 1853 Soleo
1385 1810 1497 1852 enim
1541 1812 1751 1865 indignari

173 1894 337 1947 (quidni
370 1894 482 1935 enim
515 1894 776 1947 confitear?),
810 1908 895 1936 non
928 1894 1065 1935 solum
1099 1906 1230 1947 quum
1264 1907 1369 1935 sana
1392 1896 1553 1935 temere
1581 1897 1751 1936 tentan—

172 1981 242 2018 tur
273 1980 348 2018 aut
379 1977 608 2019 manifesto
640 1991 774 2031 prava
807 1980 998 2019 contorte
1028 1977 1329 2026 defenduntur,
1363 1976 1439 2017 sed
1464 1976 1593 2018 etiam
1619 1990 1750 2030 quum

173 2060 213 2101 in
249 2060 457 2101 eiusmodi
489 2060 601 2109 locis,
644 2061 780 2113 qualis
821 2063 885 2101 est
923 2061 1004 2110 ille,
1048 2062 1095 2100 ut
1133 2060 1213 2100 hoc
1252 2059 1522 2112 potissimum
1555 2059 1751 2112 exemplo

174 2145 282 2192 utar,
317 2144 357 2183 in
391 2143 581 2183 oratione
614 2156 691 2195 pro
724 2143 862 2183 Sestio
896 2156 930 2183 c,
957 2142 995 2191 7,
1033 2142 1085 2182 15
1117 2140 1296 2194 (Fuerat
1326 2142 1394 2181 ille
1427 2155 1563 2182 annus
1590 2143 1675 2182 iam
1707 2143 1749 2182 in

175 2239 218 2266 re
232 2240 292 2279 p„
325 2225 494 2275 iudices,
528 2240 651 2280 quum
675 2226 786 2277 cet.),
821 2226 996 2266 vulnere
1017 2225 1192 2273 nudato,
1227 2223 1531 2264 demonstratis
1557 2224 1750 2265 codicum

175 2308 372 2360 vestigiis,
407 2308 663 2349 emendandi
697 2308 765 2348 via
798 2308 923 2349 certis
956 2308 1068 2348 notis
1101 2307 1300 2355 indicata,
1336 2307 1426 2359 ipsa
1451 2306 1752 2348 emendatione

174 2390 388 2431 lenissime
421 2390 623 2442 perfecta,
666 2393 823 2439 tamen,
859 2391 972 2443 quod
1006 2389 1282 2442 percrebruit,
1332 2391 1577 2440 corruptum
1612 2389 1751 2430 locum

174 2486 280 2523 esse,
322 2474 549 2514 convolant
587 2473 776 2526 undique
816 2477 857 2514 et
895 2473 1032 2514 omnis
1074 2472 1184 2513 illius
1225 2470 1600 2512 demonstrationis
1633 2471 1750 2512 obliti

174 2558 335 2596 temere
368 2561 409 2596 et
441 2556 531 2596 sine
565 2556 807 2597 discrimine
838 2568 951 2596 nunc
982 2555 1076 2604 hoc,
1117 2566 1229 2594 nunc
1261 2553 1364 2594 illud
1397 2553 1605 2604 arripiunt
1637 2556 1679 2594 et
1710 2554 1752 2594 in

174 2651 323 2679 omnes
356 2640 499 2691 partes
533 2638 707 2679 iactant.

292 2720 396 2770 Quae
431 2722 554 2761 tertio
587 2721 677 2761 loco
710 2720 848 2773 posita
880 2723 945 2761 est
978 2718 1209 2773 disputatio
1242 2717 1294 2758 de
1318 2716 1532 2759 Ciceronis
1555 2718 1672 2760 libris
1698 2719 1751 2759 de

174 2803 338 2856 legibus
385 2802 684 2850 emendandis,
739 2815 834 2843 eam
881 2815 1005 2854 paene
1053 2802 1173 2842 laetor
1220 2802 1318 2841 ante
1368 2801 1478 2853 typis
1526 2801 1751 2854 repetitam

177 2887 318 2935 fuisse,
367 2899 495 2937 quam
542 2885 628 2925 lani
673 2886 810 2933 Bakii,
862 2885 906 2925 V.
941 2886 1014 2933 (il,
1065 2884 1192 2925 editio
1240 2883 1405 2923 illorum
1455 2883 1662 2925 librorum
1710 2884 1750 2924 in
