1915 3235
114 1429 148 1454 80

939 90 996 130 64

174 221 294 273 longe
344 220 574 268 diversum,
625 231 719 259 esse
765 220 922 270 potest,
971 219 1051 258 nisi
1100 231 1152 258 ex
1200 209 1364 259 civibus
1409 231 1579 260 summo
1620 231 1764 260 censu.

172 291 320 343 Neque
354 290 488 331 ullum
520 291 625 342 puto
657 289 834 341 reperiri
867 288 911 329 in
941 288 1120 329 historia
1146 288 1359 330 Romanae
1391 290 1452 330 rei
1484 289 1668 342 publicae
1701 290 1765 331 in-

172 361 338 402 ferioris
370 360 576 413 temporis
616 361 716 400 ante
756 359 1000 411 Augustum
1039 372 1201 399 novum
1241 358 1498 409 institutum,
1548 360 1664 413 quod
1711 360 1767 402 ad

170 431 457 473 timocratiam
491 432 670 483 spectet,
706 432 751 470 ut
782 430 849 471 vel
882 432 1059 482 propter
1090 429 1203 470 hanc
1228 443 1404 471 causam
1430 431 1638 484 originem
1664 432 1767 472 certi

170 515 324 542 census
358 501 545 542 senatori
571 500 801 553 praestituti
830 500 1177 553 antiquissimam
1201 501 1399 551 iudicem,
1433 514 1513 542 nec
1538 515 1646 555 opus
1672 515 1765 543 esse

170 574 319 613 contra
352 585 438 621 eos,
474 572 544 624 qui
577 571 712 612 infimi
744 572 952 624 temporis
985 571 1066 612 hoc
1099 584 1193 612 esse
1218 574 1387 624 putant,
1422 585 1472 614 eo
1498 576 1765 625 argumento,

168 642 285 694 quod
317 643 403 683 iam
436 655 474 696 a.
508 656 549 683 u.
584 655 618 683 c.
653 642 751 690 540,
801 655 934 695 quum
976 655 1029 682 ex
1061 654 1193 683 censu
1226 644 1338 684 servi
1370 643 1426 684 ad
1458 642 1656 684 militiam
1688 656 1766 684 na-

171 712 310 754 valem
351 712 570 763 darentur,
619 714 765 765 plures
804 712 1079 754 senatoribus
1118 713 1354 766 imperatos
1394 714 1587 767 legimus,
1636 727 1764 768 quam

174 785 413 824 ceterorum
433 783 506 824 ulli
532 782 639 837 (Liv.
658 784 806 833 XXIV,
830 783 914 836 11).
963 784 1112 836 Itaque
1131 797 1264 825 censu
1283 785 1457 837 quidem
1476 799 1526 827 eo
1545 789 1767 828 senatores

169 867 194 893 a
234 853 383 906 primis
424 854 693 906 temporibus
728 858 870 904 erant,
921 868 972 896 ex
1013 869 1097 908 quo
1138 856 1304 908 equites
1352 856 1672 907 scribebantur,
1721 860 1769 898 ut

169 924 380 965 hactenus
413 926 571 966 mirum
604 925 739 966 videri
772 939 858 967 non
892 925 1063 975 debeat,
1106 926 1187 967 hoc
1227 926 1377 967 datum
1411 934 1582 970 summo
1615 928 1766 979 ordini,

170 997 217 1035 ut
241 1008 392 1036 omnes
426 1009 585 1048 equum
618 996 839 1049 publicum
869 998 1081 1038 haberent
1115 999 1157 1037 et
1188 998 1231 1038 in
1257 999 1448 1050 equitum
1473 999 1675 1041 centuriis
1699 1012 1767 1041 es·

168 1068 278 1115 sent,
328 1079 461 1119 quum
503 1080 554 1108 ex
594 1068 746 1108 ceteris
789 1067 1037 1109 hominibus
1078 1070 1266 1121 equestri
1300 1082 1432 1111 censu
1465 1070 1766 1123 deligerentur,

169 1138 325 1189 quibus
359 1151 496 1190 equus
529 1138 852 1179 attribueretur.
916 1139 1199 1180 Notissimum
1234 1142 1299 1181 est
1332 1141 1445 1181 enim
1486 1141 1553 1181 vel
1594 1154 1645 1182 ex
1677 1142 1767 1182 LiV.

171 1208 215 1257 V,
251 1208 289 1258 7,
323 1221 410 1250 non
443 1210 643 1250 omnibus
677 1210 945 1262 assignatum
978 1210 1131 1259 fuisse,
1166 1224 1245 1252 nec
1278 1224 1382 1252 sane
1409 1214 1600 1264 poterat;
1635 1225 1767 1265 quum

169 1279 283 1320 enim
331 1292 383 1320 ex
430 1280 603 1332 publico
650 1281 835 1333 pecunia
874 1281 1064 1332 daretur,
1114 1284 1256 1323 certus
1304 1295 1511 1323 numerus
1559 1296 1767 1336 equorum

169 1362 263 1390 esse
311 1349 474 1391 debuit.
489 1347 521 1403 1)
600 1350 746 1392 Oritur
793 1354 939 1393 autem
994 1353 1078 1394 alia
1125 1353 1321 1406 quaestio.
1400 1354 1605 1395 Militares
1654 1354 1767 1395 enim

169 1423 292 1461 erant
331 1421 442 1474 equi.
513 1422 748 1475 Quousque
788 1425 936 1464 autem
976 1423 1287 1476 antiquissimis
1327 1426 1596 1477 temporibus
1637 1425 1767 1479 equiti

168 1491 442 1533 militandum
475 1492 615 1542 fuerit,
666 1493 718 1533 de
753 1507 802 1534 eo
835 1493 939 1535 nihil
972 1497 1076 1546 puto
1108 1494 1339 1543 traditum;
1387 1508 1466 1536 nec
1498 1498 1646 1537 tamen
1678 1498 1766 1537 veri

168 1562 254 1604 ullo
286 1563 416 1604 modo
449 1566 514 1604 est
546 1563 697 1614 simile,
732 1564 891 1605 diutius
924 1564 1133 1606 militasse
1167 1578 1431 1619 quemquam
1464 1567 1576 1607 inter
1602 1568 1785 1620 equites.

169 1633 407 1686 legionibus
447 1634 618 1676 additos
668 1648 798 1687 quam
839 1635 1006 1688 pedites
1047 1636 1277 1689 legionum,
1327 1650 1423 1690 quae
1457 1637 1766 1687 educebantur,

169 1704 211 1744 id
251 1706 329 1755 est,
378 1705 433 1746 ad
467 1719 629 1746 annum
671 1706 1052 1758 quadragesimum
1091 1710 1261 1748 sextum
1303 1706 1409 1760 (sive
1450 1711 1640 1761 coeptum
1679 1709 1768 1750 sive

169 1775 366 1827 plenum;
407 1776 490 1816 vid.
525 1777 648 1817 Nieb.
682 1777 737 1817 H.
765 1777 818 1817 R.
852 1777 867 1817 I
900 1791 940 1829 p.
966 1775 1085 1829 460).
1141 1779 1258 1819 Intra
1289 1779 1370 1820 hoc
1403 1779 1591 1831 spatium
1616 1782 1767 1832 postea

169 1845 318 1886 decem
368 1846 583 1899 stipendia
632 1847 742 1900 exigi
788 1850 990 1900 poterant
1039 1847 1206 1902 (Polyb.
1240 1850 1307 1899 VI,
1354 1850 1420 1899 19,
1465 1851 1504 1891 2.
1573 1850 1686 1891 Plut.
1721 1850 1766 1892 C.

169 1916 348 1958 Gracch.
369 1918 408 1958 2.
450 1919 538 1958 Liv.
558 1918 724 1968 XXVII,
755 1919 827 1959 11:
861 1933 911 1959 ne
926 1921 1151 1973 proeterelta
1175 1921 1386 1974 stipendia
1402 1921 1677 1975 procederent
1699 1922 1766 1975 iis,

169 2002 260 2042 quw
293 2002 391 2043 equo
416 1989 585 2042 publico
618 1995 893 2042 emeruerant,
941 1991 1014 2031 sed
1052 1991 1162 2032 dena
1201 1991 1410 2045 stipendia
1445 1993 1559 2047 equis
1582 1993 1768 2046 privatis

166 2058 388 2112 facerent).
452 2060 746 2110 Quaerendum
779 2060 907 2113 igitur
939 2061 1122 2112 Videtur,
1172 2063 1212 2113 ii,
1263 2062 1333 2115 qui
1374 2063 1565 2116 legitima
1603 2064 1766 2116 stipen-

169 2130 241 2170 dia
280 2143 390 2182 equo
429 2131 602 2183 publico
643 2132 942 2181 confecissent,
991 2133 1025 2173 si
1067 2135 1291 2174 senatores
1330 2147 1417 2175 non
1458 2137 1614 2183 essent,
1663 2135 1766 2175 reti-

208 2327 235 2371 ¹)
261 2330 347 2364 Haec
372 2333 458 2364 sunt
482 2331 544 2365 illa
569 2343 646 2365 (ενα
672 2334 851 2375 equestria
884 2331 1080 2376 (portiones
1113 2344 1177 2367 nos
1211 2333 1439 2375 diceremus),
1478 2345 1558 2378 quae
1589 2337 1630 2369 ut
1663 2335 1767 2379 plura

264 2389 403 2431 fierent,
442 2390 486 2424 M.
514 2390 601 2424 Cato
628 2390 758 2432 suasit,
796 2390 831 2424 id
865 2395 936 2432 est,
976 2393 1286 2436 quemadmodum
1319 2396 1415 2427 recte
1448 2393 1473 2427 Ι.
1500 2393 1537 2427 F.
1566 2393 1767 2428 Gronovius

265 2448 535 2493 interpretatur,
575 2453 615 2483 ut
647 2449 812 2493 pluribus
845 2451 889 2484 ad
925 2462 1037 2494 equos
1062 2451 1226 2496 publicos
1253 2452 1401 2486 alendos
1427 2453 1583 2496 pecunia
1608 2453 1766 2498 assigna-

265 2510 365 2541 retur
401 2507 489 2549 (non
529 2511 568 2542 ut
606 2509 761 2553 amplior
792 2520 835 2543 ea
866 2510 1021 2553 pecunia
1054 2508 1178 2550 esset);
1218 2511 1288 2545 vid.
1323 2511 1431 2545 Prisc.
1466 2511 1534 2545 750
1566 2512 1593 2545 Ρ
1625 2510 1664 2554 (I,
1697 2511 1766 2545 317

266 2564 356 2608 Kr·);
397 2566 458 2600 cfr.
487 2567 642 2601 Gronov.
677 2568 721 2601 de
753 2568 832 2603 Pec.
859 2568 937 2603 Vet.
965 2570 1024 2609 ΙΙΙ,
1058 2569 1091 2611 2,
1118 2581 1151 2614 p.
1180 2568 1247 2602 125
1274 2570 1328 2603 ed.
1355 2570 1467 2614 Lugd.
1501 2573 1537 2604 et
1569 2570 1614 2604 de
1647 2570 1766 2614 appel-

266 2624 401 2658 latione
439 2625 518 2659 aeris
556 2626 733 2669 equestris
773 2627 847 2662 Gai.
881 2629 1011 2663 Institt.
1039 2629 1086 2662 IV
1111 2627 1132 2671 §
1158 2627 1213 2662 27.
1271 2628 1387 2662 Ceteri
1427 2628 1535 2672 igitur
1573 2632 1636 2663 aut
1674 2629 1767 2663 inter

264 2683 403 2727 pedites
430 2684 637 2718 militabant
664 2689 727 2719 aut
753 2686 854 2729 equis
880 2687 1030 2731 privatis
1055 2687 1261 2724 merebant;
1296 2687 1364 2721 hoc
1390 2687 1549 2731 primum
1576 2699 1607 2722 a.
1634 2687 1701 2721 351
1730 2688 1765 2722 in

265 2742 451 2776 obsidione
485 2744 655 2778 Veiorum
690 2744 836 2785 factum,
875 2746 997 2780 Livius
1030 2749 1154 2780 narrat
1187 2744 1241 2788 (V,
1269 2744 1314 2788 7),
1353 2749 1552 2790 posteaque
1589 2746 1766 2781 usitatum

266 2801 419 2836 videtur.
471 2803 541 2836 Sed
567 2803 635 2837 hoc
661 2804 768 2847 quale
795 2804 840 2838 sit
867 2808 901 2838 et
927 2816 1037 2848 quam
1064 2805 1138 2838 vim
1164 2804 1333 2838 habuerit
1364 2805 1409 2838 ad
1442 2805 1599 2839 formam
1631 2805 1766 2840 ordinis

265 2860 453 2904 equestris,
487 2873 567 2905 quae
593 2865 720 2906 postea
746 2862 823 2903 fuit,
852 2874 965 2906 quum
992 2864 1027 2897 in
1055 2875 1096 2898 eo
1123 2874 1250 2897 omnes
1277 2866 1379 2897 erant
1406 2863 1563 2907 ingenui,
1599 2864 1660 2907 qui
1687 2874 1765 2898 cen-

265 2931 346 2954 sum
374 2924 579 2964 equestrem
607 2921 801 2963 habebant,
828 2933 900 2956 non
928 2926 982 2956 est
1008 2923 1115 2958 huius
1141 2922 1208 2956 loci
1234 2922 1412 2966 persequi.

1872 0 1899 131 <4⁴:123
