1915 3235
109 925 141 949 71

930 77 985 118 56

165 210 404 252 scholiastis
437 207 683 256 reddamus,
725 206 810 258 qui,
849 206 923 246 ubi
956 206 1019 255 iis,
1062 219 1159 258 quae
1192 219 1217 246 a
1249 205 1544 258 superioribus
1576 218 1756 259 accepe-

166 283 274 329 rant,
323 279 402 332 ipsi
434 278 567 319 libere
610 277 671 318 uti
713 276 930 325 volebant,
979 276 1068 317 fere
1101 276 1307 325 ruebant3
1356 289 1409 317 ex
1441 276 1597 329 quibus
1629 276 1756 327 Acro,

165 363 298 403 quum
346 350 558 390 Maecenas
605 348 689 388 iam
740 349 853 388 esset
900 347 1216 400 deprehensus,
1271 347 1315 388 in
1370 347 1505 388 altero
1552 347 1757 389 orationis

164 420 360 461 membro
416 419 491 472 (est
547 419 618 473 qui
665 417 828 472 Inyuen
876 417 933 458 ad
987 417 1202 458 obscenum
1256 417 1470 459 subductis
1516 431 1643 473 usque
1679 417 1756 471 fa-

164 489 289 543 cetus)
322 490 560 543 Agrippam
593 488 880 541 significatum
913 487 1059 529 Videre
1092 488 1208 529 visus
1237 491 1315 530 est.
1363 488 1608 541 Iisdemque
1632 501 1758 529 suam

164 561 453 613 relinquemus
487 559 746 601 sententiam
786 558 830 599 in
868 559 1006 599 tertiae
1045 559 1190 600 satirae
1223 559 1329 609 loco,
1379 559 1451 612 qui
1491 561 1556 600 est
1593 559 1693 601 inde
1732 572 1759 601 a

164 645 202 672 V.
236 631 290 672 29
324 631 380 672 ad
412 631 481 680 34,
515 630 588 671 ubi
612 629 834 682 Virgilium
867 629 1155 682 significatum
1180 627 1396 684 putant1),
1429 643 1483 671 ne
1508 630 1759 672 Heindorfio

163 702 337 754 quidem
376 701 663 754 improbante,
712 713 792 741 nec
839 700 924 741 ullo
971 700 1127 742 indicio
1174 703 1346 742 utentes
1395 704 1438 742 et
1485 703 1634 743 contra
1680 701 1761 743 loci

162 772 292 814 totius
326 772 599 813 sententiam.
662 771 775 820 Nam
819 770 1018 812 universe
1057 774 1100 812 et
1137 771 1373 824 generatim
1415 771 1541 824 plura
1581 785 1759 813 enume-

162 846 324 893 rantur,
359 856 456 895 quae
489 842 708 883 offendere
739 841 784 882 in
809 841 953 894 aliquo
978 842 1156 894 possint,
1190 844 1296 891 tum,
1331 842 1488 894 quibus
1512 842 1759 884 huiusmodi

162 913 436 954 incommoda
467 913 592 954 bonis
627 915 669 954 et
700 913 931 954 w’rtutibus
955 912 1179 954 obscurari
1202 913 1403 962 debeant,
1439 913 1605 955 dicitur.
1654 913 1761 964 Quae

163 985 197 1025 si
230 984 387 1035 omnia,
432 997 519 1025 non
557 984 651 1025 dico
691 984 747 1037 ad
786 986 952 1025 certum
992 984 1225 1033 hominem,
1259 984 1336 1025 sed
1369 984 1425 1024 ad
1457 998 1591 1025 unum
1623 986 1760 1026 rettu-

161 1055 351 1105 lerimus,
391 1058 483 1096 tota
516 1055 751 1107 disputatio
784 1055 953 1097 Horatii
986 1058 1270 1108 pervertetur.
1334 1055 1423 1096 Nec
1456 1057 1561 1104 erat,
1602 1069 1677 1096 cur
1709 1069 1761 1096 ex

162 1126 249 1168 suis
305 1126 493 1179 aliquem
547 1126 823 1179 maximeque
878 1126 1101 1179 Virgilium
1157 1126 1362 1179 deligeret
1417 1128 1459 1167 et
1513 1126 1762 1179 importuna

163 1197 392 1238 sedulitate
426 1199 468 1238 et
500 1196 639 1238 officio
674 1197 901 1238 ferendum
935 1210 1030 1239 esse
1062 1197 1250 1239 doceret.
1298 1197 1410 1238 Nam
1443 1197 1559 1249 quod
1577 1197 1761 1250 pulsari,

163 1268 206 1308 id
238 1270 315 1317 est,
365 1268 409 1308 in
440 1268 603 1309 malam
642 1270 813 1321 partem
852 1268 984 1321 tangi,
1033 1268 1147 1310 Acro
1187 1268 1301 1317 dicit,
1350 1281 1526 1321 prorsus
1558 1267 1638 1309 toti
1669 1267 1763 1309 loco

162 1341 388 1392 repugnat.
459 1339 522 1379 Ex
560 1338 623 1388 iis,
674 1352 770 1392 quae
811 1339 897 1381 dixi
937 1340 990 1381 de
1029 1339 1255 1381 nominum
1293 1339 1493 1380 fictorum
1532 1351 1627 1388 usu,
1676 1338 1763 1379 iam

163 1410 363 1460 apertum
397 1411 474 1459 est,
519 1408 622 1462 quid
655 1410 841 1451 sentiam
875 1411 928 1451 de
960 1410 1197 1451 VVeicherti
1230 1409 1444 1462 opinione,
1484 1409 1528 1450 in
1560 1409 1763 1450 secundae

163 1478 306 1520 satirae
340 1493 378 1520 V.
405 1480 458 1521 67
492 1483 592 1533 post
622 1481 838 1522 Acronem
879 1484 921 1523 et
952 1481 1232 1523 scholiastam
1265 1480 1563 1533 Cruquianum
1595 1481 1764 1533 Longa-

162 1562 314 1591 renum
357 1551 560 1592 Milonem
601 1565 695 1592 esse
736 1552 947 1605 putantis,
998 1565 1128 1605 quem
1173 1564 1366 1605 procerae
1413 1554 1590 1592 staturae
1631 1551 1764 1592 fuisse

163 1620 297 1673 (quod
342 1635 419 1674 per
468 1635 514 1663 se
552 1636 657 1664 sane
695 1637 783 1664 non
821 1623 957 1676 magis
998 1636 1107 1676 nego
1156 1636 1286 1675 quam
1327 1621 1537 1675 affirmo),
1586 1622 1765 1663 mirifice

164 1692 379 1733 concludit
412 1706 463 1733 ex
497 1706 559 1742 eo,
595 1694 711 1746 quod
745 1694 892 1736 Cicero
926 1695 981 1736 ad
1014 1694 1143 1735 Attio.
1177 1694 1250 1734 lib.
1284 1694 1338 1733 VI
1371 1707 1438 1746 ep.
1471 1693 1499 1733 4
1532 1696 1573 1734 et
1606 1694 1633 1734 5
1666 1707 1766 1734 eum

162 1765 276 1804 lecto
314 1763 488 1805 nomine
525 1766 586 1802 τὸν
606 1767 858 1813 Κροτωνιάτην
889 1766 1094 1819 appellat,
1144 1764 1267 1817 quasi
1305 1764 1348 1805 id
1386 1777 1474 1805 non
1512 1764 1568 1805 ad
1606 1777 1766 1806 nomen

164 1833 343 1875 celebris
392 1835 568 1876 athletae
617 1839 659 1877 et
707 1837 762 1877 ad
809 1839 1022 1890 perpetua
1062 1835 1230 1877 Milonis
1270 1835 1508 1876 certamina
1546 1835 1762 1877 fortitudi—

162 1917 350 1957 nemque
397 1908 577 1958 spectet.
659 1906 760 1959 (Qui
807 1907 955 1948 ludere
1003 1906 1124 1955 Velit,
1174 1919 1369 1958 quaerere
1417 1919 1468 1946 ex
1516 1905 1763 1948 VVeicherto

163 1975 313 2027 possit,
361 1977 476 2017 unde
518 1977 638 2028 sciat,
687 1978 829 2031 ipsum
868 1978 989 2018 illum
1023 1977 1319 2018 Crotoniatam
1360 1990 1552 2029 procerae
1585 1979 1764 2019 staturae

164 2045 316 2095 fuisse3
349 2060 449 2088 nam
484 2049 607 2090 multi
641 2049 761 2090 brevi
795 2062 974 2102 corpore
1006 2048 1294 2089 robustissimi
1319 2047 1451 2100 sunt.)
1500 2048 1586 2089 Sed
1609 2061 1764 2101 quam-

164 2117 226 2158 vis
266 2117 365 2159 Milo
404 2118 555 2171 longus
596 2119 744 2170 fuerit,
793 2120 864 2173 qui
906 2119 1087 2161 Horatio
1131 2119 1175 2159 in
1213 2121 1404 2160 mentem
1445 2119 1581 2168 venit,
1631 2131 1765 2171 quum

164 2188 339 2241 longum
362 2188 504 2230 dicere
532 2191 674 2241 vellet,
708 2191 751 2232 id
785 2192 861 2241 est,
896 2190 1113 2240 Milonem,
1147 2190 1308 2243 fingere
1333 2202 1484 2231 vocem
1509 2189 1763 2239 inauditam,

166 2262 204 2300 et
254 2273 386 2312 quam
434 2274 561 2302 nemo
608 2262 893 2314 intelligeret?
956 2262 1069 2302 Nam
1122 2261 1238 2313 quod
1285 2260 1558 2301 Weichertus
1606 2272 1767 2302 nomen

164 2329 341 2373 ridicule
375 2331 566 2372 effictum
599 2332 713 2382 dicit,
763 2332 867 2385 quid
905 2332 1071 2373 habent
1108 2332 1274 2373 ridiculi
1314 2332 1468 2373 litterae
1500 2331 1767 2386 syllabaeque

164 2401 321 2442 nullius
361 2402 711 2455 significationis?
767 2403 917 2456 Itaque
957 2404 1236 2456 Longarenus
1276 2417 1436 2445 nomen
1474 2405 1540 2443 est
1579 2402 1765 2444 hominis

164 2473 401 2526 proprium.
472 2473 553 2523 Qui
597 2476 744 2514 autem
788 2474 951 2515 scholia
994 2475 1051 2516 ad
1092 2475 1207 2515 hunc
1249 2474 1392 2515 locum
1434 2472 1682 2526 inspexerit,
1731 2471 1765 2513 is

164 2543 347 2594 videbit,
397 2557 468 2594 ea,
518 2557 614 2596 quae
654 2544 696 2585 in
734 2544 853 2585 libris
893 2545 946 2586 de
985 2545 1180 2598 personis
1218 2545 1468 2586 Horatianis
1508 2545 1764 2597 legerentur,

165 2614 272 2655 mire
320 2614 375 2655 ab
423 2615 635 2656 inferioris
684 2616 824 2657 aetatis
872 2615 1166 2668 grammaticis
1208 2616 1387 2657 confusa
1430 2618 1472 2656 et
1511 2615 1766 2668 perturbata

203 2775 230 2821 ¹)
261 2779 349 2819 „Hic
383 2780 554 2813 dicitur
579 2780 731 2823 pulsare
772 2781 980 2824 Virfilizcm,
1019 2782 1083 2824 qui
1112 2782 1272 2815 indecori
1303 2785 1333 2814 et
1366 2781 1528 2823 corporis
1559 2784 1589 2813 et
1622 2779 1766 2812 habitus

258 2836 361 2880 fuist
416 2838 527 2875 Acro;
555 2837 617 2871 cfr.
645 2838 756 2872 schol.
784 2838 916 2883 Cruqu.
