1915 3235
885 105 970 146 284

132 237 342 279 creditum
384 248 479 277 esse
519 248 596 288 ego
636 237 750 276 certe
788 234 1023 287 intelligere
1056 235 1286 284 debebam,
1336 248 1467 288 quum
1516 236 1727 290 reliquam

133 308 259 349 huius
292 306 590 348 commentarii
622 305 998 358 interpolationem
1031 303 1343 358 aperiebam.¹)

250 378 295 418 In
330 377 524 418 eiusdem
556 376 653 417 libri
686 376 760 417 Ic.
784 376 853 425 54,
890 376 972 417 142
1006 375 1152 429 (quem
1186 377 1327 418 locum
1359 376 1652 430 intelligebam
1684 379 1728 419 in

133 449 242 502 disp.
277 448 330 489 de
361 448 519 489 Ascon.
553 460 594 500 p.
632 447 714 488 102
746 451 848 498 not.,
897 447 973 489 ubi
1011 447 1218 489 mendose
1259 460 1513 500 expressum
1553 451 1617 490 est
1657 449 1726 500 55,

135 519 235 573 143)
268 519 404 572 magis
438 518 694 560 confirmare
726 532 906 571 possum
946 531 1094 560 eorum
1137 519 1439 571 suspicionem,
1489 520 1561 572 qui
1605 533 1728 561 men—

131 592 284 633 dosum
319 603 370 631 ex
404 589 575 631 defectu
607 589 748 631 locum
771 589 1029 639 iudicarunt,
1064 588 1184 630 cuius
1208 601 1233 630 a
1255 589 1456 642 Zumptio
1478 590 1595 631 nulla
1618 591 1727 632 ratio

129 662 279 704 habita
312 665 389 711 est,
431 673 562 713 quam
596 663 761 702 certum
793 660 1032 702 remedium
1066 660 1236 701 afferre.
1299 660 1452 702 Editur
1491 662 1603 702 enim
1644 662 1723 703 ita:

130 732 316 773 Loecttur
347 746 449 786 opus
479 731 539 784 id,
574 731 684 786 quod
715 745 764 772 eoe
794 745 888 772 mea
912 732 1095 785 pecunia
1127 730 1367 784 reficiatur:
1401 743 1471 785 ⁶²90
1504 744 1566 771 me
1598 730 1727 783 refec-

55 814 107 838 350
129 808 266 844 turum
303 817 385 844 esse
417 802 531 843 dico:
556 802 753 856 probatio
783 802 936 856 futura
969 807 1026 843 est
1056 807 1143 855 tua,
1177 803 1249 857 qui
1280 802 1411 843 loeas:
1439 801 1660 856 prcedibus
1693 806 1729 842 et

120 874 303 927 praediis
328 874 483 927 populo
516 879 682 914 cautum
718 879 795 915 est:
828 878 877 926 et,
919 873 956 914 si
994 886 1074 914 ‘non
1100 878 1232 927 putas
1263 878 1444 925 cautum,
1484 873 1639 914 scilic-et
1669 877 1726 925 tu,

119 949 294 998 praetor,
327 945 371 985 i‘n
404 958 497 986 mea
531 945 650 998 bona,
684 958 783 1000 quos
814 945 934 995 voles,
968 944 1192 985 immittes?
1221 958 1284 985 me
1309 943 1366 984 ad
1389 957 1503 984 meas
1529 942 1729 996 fortunas

127 1015 415 1068 defendendas
463 1016 655 1057 aec-edere
702 1029 783 1057 non
823 1016 963 1057 sines?
1006 1015 1339 1056 Demonstratur
1384 1027 1431 1056 re
1479 1013 1724 1067 singulatim

127 1086 335 1139 exposita,
380 1099 455 1127 cur
488 1087 546 1128 ad
578 1087 924 1140 redemptionem
957 1087 1102 1128 Iunius
1134 1086 1321 1139 pupillus
1353 1099 1443 1127 non
1475 1085 1613 1127 solum
1647 1085 1725 1126 ad-

126 1156 249 1205 mitti,
298 1157 375 1198 sed
417 1158 637 1210 praecipuo
681 1158 774 1200 loco
816 1157 969 1199 haberi
1009 1157 1221 1199 debuerit.
1283 1156 1561 1198 Incommode
1600 1155 1729 1208 igitur

125 1241 176 1269 ea
208 1227 436 1278 sententia,
472 1241 557 1281 qua
590 1228 794 1282 iniquitas
826 1229 927 1270 novi
960 1228 1087 1270 edicti
1109 1229 1151 1269 in
1174 1228 1246 1269 tali
1272 1241 1317 1269 re
1341 1227 1587 1281 interpositi
1610 1240 1727 1268 com-

125 1299 420 1351 prehenditur,
469 1300 543 1340 uni
587 1312 639 1340 ex
684 1300 980 1353 superioribus
1023 1300 1232 1340 membris
1275 1298 1521 1340 annectitur
1563 1311 1640 1351 per
1673 1303 1727 1347 et;

125 1371 217 1422 ipse
249 1383 353 1411 usus
386 1371 610 1423 particulae
643 1372 795 1412 scilieet
827 1371 1031 1424 postulat.
1080 1373 1127 1411 ut
1174 1371 1268 1411 haec
1314 1370 1552 1411 vehemens
1595 1370 1727 1410 inter-

124 1441 289 1494 rogatio
322 1454 399 1494 per
432 1454 477 1482 se
512 1442 731 1483 efferatur.
780 1441 945 1482 Deinde
968 1443 1128 1491 autem,
1164 1441 1279 1494 quod
1311 1441 1484 1494 gravius
1517 1443 1595 1482 est.
1629 1441 1729 1482 huic

125 1513 204 1566 ipsi
237 1512 525 1566 interponitur
559 1513 733 1566 aliquid,
784 1513 899 1566 quod
941 1513 1193 1565 planissime
1227 1512 1444 1554 Ciceronis
1485 1511 1620 1553 menti
1659 1525 1728 1552 re-

124 1586 307 1637 pugnet3
355 1597 457 1625 nam
490 1597 624 1625 unam
657 1597 763 1633 rem,
809 1597 905 1636 quae
939 1583 1236 1625 confirmanda
1268 1584 1457 1624 maxime
1492 1585 1597 1633 erat,
1642 1595 1729 1623 non

126 1654 372 1705 confirmat,
423 1656 457 1696 si
504 1655 616 1697 forte
663 1655 767 1696 satis
816 1657 990 1696 cautum
1038 1668 1125 1696 non
1173 1654 1311 1695 risum
1361 1657 1488 1695 esset.
1537 1654 1728 1706 potuisse

125 1726 310 1778 amplius
344 1726 500 1777 caveri,
536 1740 615 1768 nec
649 1740 746 1767 eam
780 1726 950 1775 omittit,
984 1726 1061 1766 sed
1093 1726 1185 1778 ipse
1208 1726 1329 1766 Verri
1354 1724 1654 1778 exceptionem
1687 1725 1730 1765 et

124 1797 421 1838 defensionem
455 1796 638 1846 subiicit,
688 1799 733 1837 ut
778 1797 922 1838 omnia
965 1796 1056 1837 iure
1097 1798 1233 1850 egisse
1272 1797 1485 1837 videatur.
1549 1796 1659 1837 Nam
1694 1795 1729 1836 si

124 1881 211 1909 non
243 1868 348 1909 satis
382 1870 557 1909 cautum
591 1869 789 1921 putabat,
824 1869 897 1921 qui
919 1870 1088 1921 poterat
1112 1868 1281 1908 Iunium
1304 1867 1565 1908 admittere?
1606 1866 1728 1907 Ridi-

126 1939 219 1980 cule
252 1952 352 1992 ergo
392 1952 569 1991 prorsus
609 1939 912 1992 interrogatur.
976 1939 1115 1989 Patet,
1164 1939 1256 1979 illa:
1306 1943 1342 1979 et
1389 1939 1426 1979 32⁶
1475 1951 1554 1978 non
1598 1942 1730 1991 putas

125 2014 289 2050 ccmtmn
324 2009 384 2050 ita
417 2009 501 2051 dici
535 2023 558 2050 a
592 2009 810 2055 Cicerone,
844 2013 891 2052 ut
913 2011 980 2051 vel
1009 2011 1089 2051 hoc
1114 2011 1355 2050 extremum
1379 2009 1583 2061 effugium
1607 2007 1728 2048 Verri

125 2080 399 2129 occludatur;
433 2081 592 2132 itaque,
627 2081 996 2132 quemadmodum
1030 2081 1120 2121 illa:
1153 2080 1399 2134 probatio
1429 2079 1622 2132 futura
1657 2082 1730 2119 est

125 2155 209 2191 tua
243 2151 386 2192 statim
423 2150 475 2203 (c.
510 2150 579 2199 55,
617 2150 717 2203 143)
749 2152 830 2192 hoc
864 2151 993 2193 modo
1025 2153 1299 2204 repetuntur:
1342 2156 1385 2191 at
1417 2155 1507 2191 erat
1532 2149 1728 2204 probatio

125 2226 212 2271 tua,
245 2222 304 2262 sic
338 2222 431 2263 haec
462 2235 564 2275 pars
597 2223 655 2264 ita
689 2223 884 2264 effertur:
929 2228 977 2263 (ct
1010 2228 1137 2275 erat,
1172 2227 1215 2263 et
1248 2227 1375 2263 esset
1408 2222 1652 2275 amplius,
1685 2222 1730 2262 si

129 2293 301 2345 velles,
343 2294 499 2346 populo
541 2299 710 2334 cautum
734 2293 955 2348 praedibus·
995 2298 1030 2334 et
1058 2293 1250 2347 prcediis.
1314 2293 1377 2334 De
1409 2293 1570 2334 mendo
1602 2292 1730 2345 igitur

126 2366 308 2413 constat,
343 2364 462 2405 cuius
496 2366 725 2418 vestigium
758 2378 852 2406 esse
883 2365 1064 2412 videtur,
1099 2365 1154 2405 ad
1177 2363 1403 2405 veritatem
1426 2363 1729 2416 reperiendam

164 2526 192 2571 ¹)
219 2529 259 2562 In
287 2529 370 2563 edit.
399 2530 513 2573 prima
543 2533 597 2564 est
623 2530 689 2564 ita:
722 2531 811 2564 Tum-
832 2531 883 2563 uti
901 2531 1110 2573 proximum?
1131 2539 1301 2573 que-mque
1321 2529 1549 2571 potissimum
1570 2528 1731 2560 heredem

221 2598 295 2621 esse
320 2594 473 2631 oportet:
499 2592 532 2622 cs·
557 2592 591 2623 εἰ
616 2591 646 2623 is
672 2591 862 2623 intestatus
887 2594 1052 2623 mortuus
1077 2593 1184 2622 esset:
1208 2590 1258 2622 ita
1286 2588 1478 2621 seeundum
1500 2588 1731 2630 potissimum

222 2648 374 2681 daretur
411 2650 518 2691 quasi
555 2649 599 2682 ab
640 2650 803 2683 intestato
842 2650 969 2692 agnati
999 2650 1075 2681 eius
1108 2648 1332 2681 succederent
1363 2647 1528 2690 quamvis
1554 2647 1731 2680 diceretur

222 2711 470 2741 testamentum
506 2708 630 2749 fecisse
668 2709 701 2740 si
737 2712 853 2741 tamen
893 2708 1023 2740 tabulae
1055 2718 1125 2741 non
1150 2707 1397 2749 proferentur.
1454 2705 1569 2745 Patet,
1607 2704 1729 2746 verba,

224 2765 356 2810 quibus
383 2766 427 2800 de
453 2766 605 2810 agimus,
632 2765 815 2800 lemmatis
841 2769 994 2810 partem,
1022 2776 1094 2799 non
1118 2764 1457 2809 interpretationem
1476 2774 1554 2798 esse
1582 2763 1732 2807 <oportet

223 2829 255 2858 et
281 2835 346 2868 pro
371 2823 573 2868 oporteret).
623 2824 735 2858 Recte
761 2824 811 2858 ita
837 2825 1106 2869 interpretatur,
1147 2826 1187 2857 ut
1219 2823 1264 2857 ad
1293 2833 1344 2859 ea.
1385 2834 1465 2866 quae
1498 2823 1542 2856 de
1574 2821 1730 2856 Municio

224 2886 438 2926 sequuntur,
477 2884 630 2918 traxisse
663 2887 845 2927 appareat.
897 2883 1094 2918 Confirmat
1129 2882 1284 2926 denique
1317 2881 1533 2925 scripturam
1567 2879 1730 2915 Vaticani

226 2942 417 2975 intestatus
443 2953 507 2986 pro
534 2944 709 2976 intestato,
