1915 3235
158 238 262 271 lonioe
287 238 439 270 Latmoe.
492 236 569 269 Non
605 236 790 270 habebant
815 236 852 269 li-

157 296 285 328 berum
312 295 451 328 aditum
477 294 522 328 ad
544 294 727 328 civitatem
747 295 852 328 Rom.

157 353 236 394 272,
263 354 325 387 sed
353 353 458 387 certis
484 353 622 396 legibus
648 352 717 387 273
741 353 851 395 (conf.

157 411 257 453 280),
295 423 361 446 nec
400 412 623 446 connubium
662 412 748 453 274,
787 424 854 447 nec

157 471 416 505 commercium
454 470 522 503 279
549 482 626 515 sqq.
682 472 724 505 In
761 472 852 506 colo-

155 529 234 564 nias
259 529 392 563 civium
419 529 523 563 Rom.
557 530 679 563 venire
712 533 854 564 tentant

156 588 235 623 251.
284 588 424 622 Nomen
449 588 620 622 Latinum
657 588 728 622 fere
761 589 852 623 colo-

156 647 224 682 niis
250 647 440 682 constabat
465 646 543 684 262,
570 646 640 680 270
664 658 741 691 sqq.

107 706 226 740 Latini
243 706 491 750 Transpadani
511 705 579 738 276
595 716 687 749 sqq.;
710 706 852 749 provin—

155 765 263 799 ciales
288 765 377 805 ibd.;
405 764 590 798 coloniarii
615 763 695 798 277.

108 825 303 867 Latinitas,
330 825 479 858 Latium
504 822 582 857 276.

107 884 224 917 Latus
249 888 393 927 tangere
419 882 461 923 ΙΙ,
490 881 557 915 180
583 885 655 915 Ποῖ.

107 942 261 984 Leyatos
286 942 403 984 legare
429 940 508 974 457.

108 1001 213 1034 Levis
237 1000 280 1040 ΙΙ,
307 999 362 1033 20.

109 1059 182 1092 Lex
201 1058 300 1092 Livia
318 1058 425 1092 Drusi
450 1058 493 1092 de
519 1058 668 1092 coloniis
685 1057 753 1091 289
772 1070 849 1103 sqq.

156 1118 229 1153 Lex
243 1117 394 1151 Servilia
408 1117 476 1150 273
491 1121 564 1151 not.
594 1117 668 1151 Lex
683 1118 724 1151 de
741 1118 850 1161 magi-

155 1177 237 1211 stris
257 1188 436 1221 aquarum
450 1177 493 1217 II,
513 1176 556 1209 69
577 1180 650 1210 not.
690 1176 763 1210 Lex
779 1177 849 1210 Au-

155 1235 243 1270 relia
262 1236 305 1276 ΙΙ,
332 1235 411 1269 243.
450 1235 523 1269 Lex
543 1235 706 1279 Pompeii
729 1236 849 1269 iudici-

155 1294 231 1328 aria
256 1295 298 1336 ΙΙ,
325 1293 410 1335 244;
444 1294 606 1328 eiusdem
641 1295 684 1328 de
711 1295 851 1329 ambitu

155 1356 191 1387 et
224 1353 268 1387 de
300 1353 336 1387 vi
367 1353 404 1386 in
442 1353 547 1387 tertio
583 1354 773 1387 consulatu
806 1354 849 1395 ΙΙ,

155 1411 224 1446 246
241 1423 330 1456 sqq.‚
357 1413 400 1446 de
419 1412 559 1446 ambitu
579 1412 789 1456 singulatim
806 1413 849 1454 ΙΙ,

155 1470 224 1504 246
249 1474 322 1505 not.
373 1471 447 1505 Lex
472 1471 573 1505 Fufia
598 1471 641 1512 ΙΙ,
668 1470 747 1505 263.

108 1531 206 1563 Licet
230 1531 320 1563 mihi
344 1541 416 1563 esse
445 1531 668 1563 Gaditanum
691 1529 769 1574 (pro
796 1541 849 1572 eo,

155 1588 251 1636 quod
292 1591 344 1622 est
385 1588 581 1629 Gaditano)
625 1590 851 1624 rarissimum

155 1647 198 1688 ΙΙ,
224 1646 268 1680 29
294 1650 368 1681 not.

108 1705 252 1740 Licinus
278 1717 325 1740 an
350 1706 519 1747 Licinius,
553 1707 761 1741 divitiarum
793 1719 850 1741 ex-

156 1765 317 1808 emplum
344 1766 438 1809 apud
465 1769 591 1809 poetas
618 1767 659 1807 ΙΙ,
686 1765 754 1799 203
772 1778 849 1810 sqq.

107 1823 229 1857 Livius
271 1824 512 1868 reprehensus
559 1825 595 1858 in
643 1825 851 1859 notionibus

155 1882 242 1916 iuris
277 1882 412 1926 publici
445 1882 512 1916 233
547 1887 620 1918 not.
653 1883 748 1925 (0011.
782 1884 850 1917 222
903 1874 906 1935 ᾗ

904 1945 906 1978 l
961 1945 1136 1978 Nauct'tor
1162 1944 1204 1984 ΙΙ,
1231 1943 1286 1977 81.

155 1941 261 1983 not.);
289 1942 326 1976 in
352 1942 503 1976 historia
529 1942 597 1975 242
624 1947 697 1977 not.
725 1943 756 1977 3.

108 2002 235 2044 Locus,
262 2013 335 2035 meo
361 2002 433 2035 loco
466 2000 538 2035 122.

107 2060 272 2103 Lonqum
299 2061 476 2093 attendere
501 2060 547 2093 48
573 2064 645 2094 not.

108 2117 265 2152 Lucretii
291 2129 436 2152 carmen
472 2120 565 2153 male
600 2131 620 2153 a
652 2120 851 2154 recentissi-

154 2177 222 2210 mis
243 2177 440 2211 editoribus
461 2181 652 2212 tractatum
674 2178 743 2211 305
761 2190 850 2223 sqq.9

154 2234 224 2268 315
249 2239 322 2269 not.
374 2236 547 2270 Codicum
585 2237 747 2271 condicio
782 2237 851 2271 308

155 2305 231 2338 sqq.
290 2294 445 2328 Lacunae
482 2294 552 2328 310
589 2307 666 2339 sqq.
717 2297 851 2330 Poema

155 2364 228 2387 non
253 2353 308 2387 his
334 2354 553 2388 recensitum
579 2354 648 2388 320
673 2366 750 2399 sqq.

108 2413 199 2446 Ludi
230 2413 362 2447 scenici
393 2413 500 2457 primi
526 2413 653 2447 Romae
680 2413 746 2446 102
773 2425 849 2458 sqq.

155 2471 261 2505 Error
286 2472 323 2506 in
355 2473 423 2506 hac
455 2483 493 2506 re
526 2473 623 2506 unde
656 2476 756 2506 ortus
783 2472 850 2506 103

155 2534 229 2564 not.
268 2531 467 2564 Iuventatis
507 2530 584 2564 102.
644 2533 742 2565 Ludi
779 2542 850 2565 sce-

155 2589 242 2630 nici,
281 2600 353 2623 non
392 2591 498 2623 ludus
536 2590 578 2629 ΙΙ,
621 2588 701 2629 184;
744 2590 851 2624 ludus

155 2648 389 2691 gladiatorius
416 2648 486 2682 ibd.

108 2707 250 2740 Ludius
276 2718 349 2741 non
375 2712 429 2741 est
453 2707 629 2750 gladiator
655 2707 696 2747 ΙΙ,
725 2706 803 2740 187.

108 2764 211 2798 Luna
237 2766 378 2800 colonia
403 2765 471 2798 287
498 2769 570 2799 not.

108 2823 232 2867 Lupus
256 2828 364 2868 poeta
381 2836 470 2858 num
495 2824 646 2863 Siculus
672 2825 850 2858 incertum

155 2880 210 2916 20.

108 2940 232 2984 Lupus
257 2941 399 2976 Anilius
424 2944 530 2985 poeta
556 2941 659 2975 fietus
685 2940 740 2975 20.

865 107 950 148 765

904 1803 906 1819 Ι
962 1769 1054 1801 Nam
1093 1777 1201 1811 neque
1240 1785 1281 1789 —-
1320 1777 1428 1811 neque
1461 1767 1539 1801 440.

962 355 1136 389 Maecenas
1167 355 1234 389 sub
1272 355 1440 389 Malchini
1478 355 1625 390 nomine
1657 356 1702 390 ab

1008 414 1157 448 Horatio
1183 424 1256 448 non
1281 417 1428 448 notatus
1454 414 1498 448 64
1524 426 1600 459 sqq.

962 474 1136 515 Malchus,
1162 474 1328 516 Malchio,
1355 474 1560 507 Malchinus
1585 473 1640 507 65.

961 533 1165 566 Mamercus
1190 543 1399 576 praenomen
1426 531 1504 566 123.

962 591 1066 624 Mars
1092 593 1288 625 communis
1314 592 1394 624 belli
1423 602 1456 625 v.
1487 591 1702 625 Communis.

961 649 1094 683 Militiae
1125 649 1257 692 gradus
1289 650 1386 694 apud
1421 650 1605 684 Romanos
1639 650 1704 683 im-

1008 711 1215 752 peratorum
1243 711 1406 752 tempore
1431 708 1477 741 38
1503 719 1578 752 sqq.

962 770 1084 802 Minor
1109 767 1316 801 terminatio
1334 767 1539 811 imperativi
1556 767 1641 802 ficta
1660 768 1703 809 11,

1008 826 1088 867 240,
1120 846 1162 850 —
1189 829 1284 860 mino
1310 827 1352 867 Π,
1379 825 1448 859 240
1474 830 1510 860 et
1535 829 1608 861 not.

961 885 1189 919 Miscellanea
1213 885 1256 923 ΙΙ,
1284 884 1362 919 187.

961 945 1066 978 Modo
1106 944 1303 988 temporale
1341 955 1423 978 cum
1458 944 1626 988 praesenti
1659 944 1702 985 ΙΙ,

1007 1001 1086 1036 226.

960 1061 1199 1103 Municipium
1248 1072 1337 1096 num
1388 1062 1587 1106 antiquitus
1636 1062 1703 1093 ἶσο-

1007 1118 1161 1150 πολιτεία
1187 1119 1306 1161 fuerit,
1345 1123 1380 1155 et
1413 1132 1502 1155 num
1537 1132 1580 1155 ea
1610 1121 1704 1155 inter

1007 1178 1192 1212 Romanos
1225 1182 1261 1212 et
1292 1179 1381 1213 alios
1413 1179 1610 1213 obtinuerit
1634 1178 1703 1213 236

1007 1248 1083 1280 sqq.
1152 1237 1345 1281 Municipia
1381 1238 1518 1272 fiebant
1555 1239 1703 1273 coloniae

1008 1295 1144 1329 Latinae
1170 1296 1206 1329 in
1238 1296 1422 1331 civitatem
1456 1300 1610 1341 receptae
1634 1296 1702 1330 269

1008 1358 1080 1388 not.

960 1414 1104 1446 Munire
1131 1415 1174 1447 ab
1200 1415 1320 1457 aliquo
1344 1414 1410 1447 311
1439 1418 1512 1448 not.

1309 1568 1359 1608 N.

962 1650 1026 1682 Nae
1051 1649 1087 1682 in
1114 1649 1292 1683 hortando
1319 1660 1392 1683 non
1418 1649 1565 1694 ponitur
1589 1649 1668 1684 361.

960 1708 1079 1742 Naevio
1107 1720 1230 1742 versus
1257 1708 1405 1752 quidam
1432 1708 1573 1742 affictus
1600 1708 1654 1743 14.

1597 1769 1701 1810 Nam,

1006 1829 1099 1859 enim
1125 1826 1237 1860 relata
1263 1826 1309 1859 ad
1335 1837 1535 1866 pronomen
1557 1827 1702 1860 demon-

1007 1885 1200 1918 strativum
1224 1885 1266 1925 ΙΙ,
1294 1884 1372 1918 286.

961 2004 1011 2036 Nc
1047 2004 1190 2046 feceris,
1229 2014 1270 2036 ne
1305 2004 1382 2045 fae,
1429 2014 1470 2036 ne
1505 2004 1622 2045 facias
1659 2003 1701 2043 ΙΙ,

1009 2061 1076 2093 105
1103 2065 1175 2095 not.

961 2122 1011 2154 Ne
1037 2126 1227 2154 commotus
1252 2122 1302 2154 sis
1328 2120 1370 2161 ΙΙ,
1399 2119 1467 2153 106
1492 2131 1568 2163 sqq.

961 2180 1012 2213 Ne
1037 2181 1154 2212 dicam
1180 2190 1323 2222 semper
1355 2189 1438 2212 cum
1471 2179 1608 2220 eodem,
1641 2179 1704 2223 qui

1006 2237 1198 2281 praecessit,
1234 2248 1320 2271 casu
1357 2238 1400 2278 ΙΙ,
1439 2236 1518 2270 308.
1570 2238 1621 2272 Ne
1651 2239 1702 2272 di-

1007 2308 1095 2338 cam,
1135 2308 1204 2330 nou
1230 2298 1318 2340 dico,
1351 2308 1421 2330 non
1452 2297 1578 2335 diccwn,
1617 2307 1703 2340 quo-

1007 2355 1114 2388 modo
1142 2358 1324 2398 ponantur
1352 2353 1453 2388 749³.

962 2414 1012 2446 Ne
1039 2432 1081 2437 —
1109 2415 1248 2457 quidem
1283 2413 1320 2447 in
1352 2414 1633 2457 interrogatione
1659 2414 1701 2455 ΙΙ,

1009 2472 1086 2505 163.

961 2532 1147 2573 Nefandus
1173 2531 1391 2564 vocabulum
1411 2542 1432 2564 a
1450 2531 1620 2565 Cicerone
1642 2543 1702 2575 po·

1006 2590 1117 2624 situm
1143 2590 1185 2629 ΙΙ,
1211 2588 1290 2622 348.

959 2648 1106 2692 Negatio
1133 2648 1266 2692 duplex
1291 2659 1356 2692 pro
1382 2648 1536 2692 simplici
1553 2649 1598 2682 ob
1619 2660 1701 2682 ana-

1007 2707 1179 2740 coluthon
1198 2706 1275 2740 508.
1313 2707 1460 2750 Negatio
1486 2707 1572 2740 locis
1595 2707 1702 2751 scrip-

1007 2769 1127 2799 torum
1163 2766 1285 2799 addita
1323 2769 1385 2799 aut
1424 2766 1584 2799 detracta
1624 2764 1700 2807 124,

1008 2823 1085 2864 127,
1113 2823 1180 2857 143
1204 2827 1289 2864 not„
1316 2823 1394 2863 202,
1421 2823 1500 2865 326,
1527 2823 1596 2857 378
1615 2828 1699 2864 not„

1007 2881 1074 2916 384
1101 2885 1174 2916 not.
1213 2882 1360 2926 Negatio
1387 2882 1520 2925 duplex
1546 2893 1610 2926 pro
1629 2893 1702 2917 una

1007 2951 1116 2984 prave
1142 2944 1290 2984 accepta
1316 2941 1358 2981 ΙΙ,
1388 2940 1467 2975 32].
