1915 3235
782 122 865 164 467

148 250 312 291 Deinde
345 252 505 300 autem,
540 263 672 302 quum
705 264 821 304 saepe
855 252 950 292 duae
985 250 1174 293 actiones
1207 251 1364 294 futurae
1388 253 1447 294 sic
1472 254 1615 295 animo

32 321 338 374 concipiantur,
372 322 419 361 ut
450 320 576 361 simul
609 321 786 362 ulterius
818 322 1024 374 temporis
1056 324 1324 364 momentum
1350 323 1614 375 obversetur,
1636 335 1669 360 84

31 404 215 444 quocum
261 391 297 432 si
345 393 666 443 comparentur,
715 393 1032 444 praeteritarum
1080 393 1267 444 speciem
1315 394 1525 445 habeant,
1573 395 1616 436 in

30 464 212 514 utraque
260 461 426 502 actione
473 461 666 502 notanda
713 463 852 503 Latini
900 462 1043 503 futuro
1092 464 1243 504 exacto
1290 465 1481 505 utuntur.
1551 464 1617 505 Fit

29 535 175 573 autem
207 532 251 573 id
281 534 387 581 tum,
437 545 568 584 quum
607 532 668 572 rei
708 532 863 574 futurae
903 534 1300 575 commemorationi
1344 534 1616 587 adiungimus

29 603 203 643 alterius
235 602 589 655 significationem
622 603 666 643 in
698 616 749 644 ea
781 603 840 644 sic
871 604 1059 654 inclusae,
1097 606 1144 645 ut
1176 605 1303 646 simul
1336 617 1431 645 cum
1466 617 1517 646 ea
1548 605 1614 655 sit,

29 675 104 715 aut
134 672 386 723 iudicantes,
427 673 565 726 qualis
598 673 714 726 prior
744 673 829 723 illa,
871 687 1003 726 quum
1037 675 1228 728 perfecta
1261 675 1400 725 fuerit,
1442 677 1614 728 appari-

27 746 125 784 tura
157 744 223 793 sit,
257 743 413 796 quidve
447 757 498 785 ea
531 744 732 785 effectum
766 744 921 785 datura
952 745 1018 795 sit,
1068 748 1142 786 aut
1174 746 1463 796 ostendentes,
1513 747 1614 798 quid

28 827 79 855 ex
112 827 162 855 ea
194 814 254 855 ita
285 817 505 867 sequatur,
555 816 603 855 ut
640 814 726 856 iam
766 815 892 856 simul
933 829 1030 857 cum
1069 815 1163 868 ipsa
1196 817 1530 858 existimandum
1562 817 1616 858 sit

26 884 280 937 perfectum.
343 883 408 937 (Si
439 884 485 925 id
514 884 678 937 feceris,
713 891 816 926 reete
845 886 996 938 feceris
1003 902 1020 938 ;
1060 887 1098 927 si
1131 887 1236 927 illud
1268 886 1449 940 effecero,
1489 888 1614 928 simul

26 955 99 996 hoc
144 956 276 996 vicero
284 970 302 1007 7·
347 957 384 996 εἰ
431 969 567 996 arcem
614 958 815 1010 ceperitis,
864 962 990 997 totam
1027 957 1167 998 urbem
1208 956 1427 1011 ceperitis)
1490 958 1615 998 Hunc

25 1039 152 1066 usum
184 1025 316 1067 futuri
341 1026 492 1075 exacti,
526 1026 714 1078 positum
740 1028 783 1067 in
807 1027 1007 1068 notandis
1033 1028 1274 1069 actionibus
1299 1028 1465 1078 futuris,
1501 1029 1614 1081 quod

26 1096 81 1137 ad
112 1096 243 1138 finem
275 1096 441 1146 attinet,
490 1100 685 1149 tempore
717 1098 908 1150 paribus,
958 1099 1029 1151 qui
1063 1112 1114 1139 ex
1145 1100 1286 1151 prima
1317 1099 1491 1140 notione
1524 1099 1613 1140 eius

25 1167 174 1208 formae
207 1167 407 1208 facillime
439 1168 574 1208 oritur
614 1170 655 1208 et
688 1169 757 1208 vix
790 1169 845 1210 ab
879 1182 930 1210 ea
964 1169 1155 1219 discedit,
1198 1183 1331 1222 quum
1371 1170 1613 1222 superiores

24 1238 165 1279 minus
197 1238 310 1279 bene
341 1239 658 1288 tractavissent,
691 1239 801 1292 Aug.
835 1240 1079 1280 Matthieeus
1102 1239 1170 1292 (eo
1194 1240 1298 1290 loco,
1333 1253 1461 1293 quem
1484 1240 1613 1293 paulo

24 1311 125 1350 ante
156 1309 200 1349 in
231 1310 424 1361 margine
463 1308 699 1361 nominavi)
743 1312 782 1351 et
827 1311 1033 1363 exemplis
1078 1311 1325 1361 declaravit,
1375 1311 1505 1352 etiam
1549 1311 1611 1361 iis,

24 1379 67 1420 in
99 1379 254 1432 quibus
287 1379 398 1421 actio
429 1380 634 1432 primaria
666 1381 920 1433 imperativo
954 1386 1027 1422 aut
1059 1382 1259 1422 ablativis
1291 1381 1612 1434 participiorum

25 1449 161 1491 aliove
194 1451 323 1492 modo
355 1451 591 1504 significata
625 1454 751 1502 esset,
801 1454 848 1492 ut
890 1453 1089 1504 putidum
1129 1452 1183 1493 sit
1222 1452 1346 1505 plura
1379 1453 1611 1501 cumulare,

25 1533 120 1572 quae
151 1523 353 1573 poterant
386 1535 478 1563 esse
510 1523 688 1573 infinita,
729 1524 857 1564 etiam
893 1536 914 1563 e
948 1521 1134 1572 comicis,
1183 1523 1226 1562 et
1258 1524 1362 1563 satis
1395 1523 1506 1564 bene
1539 1537 1612 1564 ex-

23 1591 197 1643 pedivit,
245 1593 373 1634 modo
416 1594 545 1646 paulo
587 1594 779 1646 pressius
821 1594 1067 1635 universam
1110 1594 1321 1635 rationem
1366 1593 1612 1646 complexus

24 1663 150 1703 esset.
164 1658 197 1714 1)
245 1662 330 1703 Sed
363 1666 428 1705 est
459 1665 502 1705 in
534 1665 616 1705 hac
647 1677 693 1704 re
727 1677 843 1705 error
877 1664 1043 1717 aliquis,
1078 1666 1149 1717 qui
1182 1678 1236 1706 ne
1262 1665 1427 1717 longius
1452 1669 1610 1718 serpat,

117 1826 217 1871 Capt.
244 1827 286 1868 ΙΙ,
319 1826 351 1869 2,
391 1828 438 1861 60
472 1828 509 1862 in
547 1828 631 1862 edit.
670 1828 780 1862 trium
819 1829 981 1869 comoed.,
1020 1829 1172 1862 Ellendt.
1201 1829 1245 1862 ad
1279 1829 1348 1863 Cic.
1382 1829 1482 1863 Brut.
1510 1829 1530 1871 ξ
1555 1830 1611 1871 21,

117 1885 299 1920 Heinrich.
327 1886 371 1920 ad
398 1886 468 1920 Cic.
496 1887 539 1920 de
566 1898 603 1921 re
629 1898 662 1930 p.
686 1888 700 1920 I
726 1898 759 1931 p.
786 1886 854 1920 206
881 1891 917 1921 et
942 1886 1021 1928 207,
1049 1888 1110 1931 qui
1136 1888 1256 1921 nescio
1283 1889 1464 1931 quomodo
1491 1899 1611 1922 recon-

116 1944 191 1978 dita
217 1948 252 1979 et
277 1945 416 1979 inclusa
441 1949 560 1979 servat
586 1949 766 1989 praecepta
792 1944 882 1988 sua.)
933 1946 1024 1980 Illud
1058 1957 1130 1980 non
1165 1946 1316 1980 dubium
1349 1951 1413 1988 est,
1448 1947 1535 1991 quin
1561 1948 1611 1981 in-

115 2004 258 2037 terdum
286 2004 361 2038 haec
388 2004 584 2038 similitudo
612 2005 762 2038 actionis
787 2005 1022 2049 praecedentis
1057 2005 1146 2039 adeo
1172 2006 1361 2049 perspicue
1387 2006 1610 2047 excludatur,

115 2065 156 2096 ut
181 2062 303 2096 futuro
329 2067 455 2097 exacto
481 2064 602 2097 nullus
629 2064 674 2097 sit
698 2064 808 2097 locus.
859 2064 930 2098 Nec
961 2067 1002 2097 ut
1027 2066 1060 2097 si
1078 2070 1240 2107 potuero,
1274 2064 1324 2098 sic
1350 2070 1524 2108 quantum
1543 2077 1610 2108 po-

115 2127 214 2155 tuero
239 2132 326 2155 usus
352 2122 496 2166 recepit.
547 2122 615 2156 Sed
643 2122 722 2156 ideo
749 2123 825 2156 haec
851 2122 933 2164 dixi,
968 2134 1013 2156 ne
1040 2123 1130 2166 quis,
1157 2127 1196 2157 ut
1221 2123 1493 2157 Lindemannus
1519 2124 1540 2157 1.
1568 2135 1608 2165 c.,

114 2181 211 2214 hunc
236 2192 343 2214 usum
369 2184 550 2215 certorum
576 2181 771 2215 verborum
797 2182 833 2215 in
859 2181 1039 2216 sententia
1064 2182 1279 2215 secundaria
1300 2193 1343 2215 ex
1364 2182 1505 2216 duabus
1526 2193 1610 2216 con-

114 2240 244 2284 iugatis
276 2240 513 2274 confunderet
539 2251 621 2274 cum
647 2251 715 2274 usu
742 2240 903 2274 eiusdem
930 2240 1055 2274 formae
1081 2242 1126 2274 ad
1148 2241 1312 2274 futurum
1341 2241 1494 2285 simplex
1514 2252 1610 2276 acce-

116 2299 223 2333 dente
248 2299 284 2333 in
310 2300 498 2333 sententiis
524 2299 704 2343 primariis
730 2299 786 2332 vel
813 2299 1046 2341 secundariis,
1079 2303 1317 2344 narraretque
1342 2300 1485 2341 iterum,
1512 2311 1607 2344 saepe

115 2357 164 2391 sic
201 2357 286 2402 poni
324 2360 458 2401 dixero,
488 2360 616 2392 videro
655 2358 751 2401 apud
789 2358 1009 2392 Ciceronem.
1060 2360 1195 2393 Dixero
1233 2370 1278 2393 ne
1317 2359 1429 2392 altero
1462 2359 1609 2402 quidem

114 2416 232 2450 modo.
271 2416 362 2450 Nam
389 2417 614 2451 Goerenzium
647 2417 733 2460 quid
766 2428 1048 2451 commemorem
1075 2417 1135 2459 (ad
1161 2417 1230 2451 Cic.
1258 2418 1302 2451 de
1327 2417 1387 2451 fin.
1415 2418 1440 2459 I,
1467 2417 1523 2459 20,
1551 2417 1609 2461 69)

114 2475 150 2508 in
177 2475 327 2519 optativi
352 2476 498 2510 nomine
524 2476 710 2510 ludentem
737 2480 782 2517 et,
821 2479 861 2509 ut
887 2476 987 2517 solet,
1026 2487 1138 2520 quum
1171 2477 1362 2510 modorum
1389 2480 1609 2520 temporum-

115 2544 185 2577 que
210 2534 378 2568 Latinam
404 2535 582 2569 rationem
609 2535 776 2579 expedire
802 2534 938 2578 nequit,
966 2535 1011 2568 ad
1037 2534 1149 2568 Graeci
1175 2535 1362 2577 sermonis,
1390 2536 1492 2569 cuius
1518 2535 1608 2569 mire

114 2592 303 2636 imperitus
329 2597 392 2635 est,
426 2594 575 2627 nomina
600 2593 892 2637 confugientem?
931 2593 992 2637 qui
1018 2593 1075 2627 hic
1101 2594 1212 2627 semel
1238 2594 1447 2628 nominatus
1473 2594 1529 2635 sit,
1563 2605 1607 2628 ne

113 2663 260 2695 prorsus
285 2653 556 2695 praetermisisse
582 2664 663 2686 eum
692 2653 825 2694 videar,
854 2652 915 2696 qui
934 2652 1043 2686 etiam
1061 2652 1280 2696 singularem
1300 2653 1343 2686 de
1362 2653 1473 2687 futuri
1493 2653 1607 2686 exacti

114 2711 150 2744 vi
175 2710 337 2754 optativa
363 2710 653 2745 dissertationem
680 2711 872 2754 scripserit.

58 2766 87 2811 ¹)
113 2769 160 2803 Iis
186 2769 369 2813 exemplis,
397 2781 475 2813 quae
496 2770 699 2804 Matthiaeus
725 2770 844 2814 posuit
870 2769 1051 2804 coniuncti
1077 2770 1188 2803 futuri
1215 2770 1331 2804 exacti
1356 2769 1416 2812 (de
1442 2782 1480 2805 re
1500 2771 1607 2804 simul

115 2839 197 2861 cum
223 2828 336 2862 altera
360 2828 470 2862 finem
504 2827 685 2870 habitura)
726 2832 760 2862 et
793 2828 964 2872 simplicis
1001 2827 1058 2870 (de
1091 2839 1130 2862 re
1161 2832 1243 2872 post
1275 2832 1512 2863 consecutura
1544 2833 1605 2863 aut

115 2886 312 2929 duratura),
351 2886 434 2920 addi
466 2887 542 2921 haec
574 2890 742 2930 possunt:
782 2886 851 2921 Cic.
878 2888 922 2920 ad
948 2887 1046 2921 Fam.
1074 2888 1167 2929 XIII,
1201 2887 1255 2929 65,
1291 2888 1365 2922 Liv.
1392 2888 1514 2925 XXVI,
1549 2887 1605 2928 43,

116 2945 183 2979 Cic.
210 2957 274 2989 pro
301 2945 390 2979 Rab.
417 2945 511 2979 Post.
540 2945 595 2986 16,
627 2945 690 2979 44:
723 2947 990 2980 Amicissimum
1015 2947 1188 2980 hominem
1215 2949 1248 2980 si
1271 2948 1449 2981 honestate
1474 2948 1605 2990 spolia-

1254 3004 1318 3038 30*

1633 1330 1667 1355 85
