<?xml version="1.0" encoding="UTF-8"?>
<!DOCTYPE html PUBLIC "-//W3C//DTD XHTML 1.0 Transitional//EN"
    "http://www.w3.org/TR/xhtml1/DTD/xhtml1-transitional.dtd">
<html xmlns="http://www.w3.org/1999/xhtml" xml:lang="en" lang="en">
 <head>
  <title>
</title>
<meta http-equiv="Content-Type" content="text/html;charset=utf-8" />
  <meta name='ocr-system' content='tesseract 3.04.00' />
  <meta name='ocr-capabilities' content='ocr_page ocr_carea ocr_par ocr_line ocrx_word'/>
</head>
<body>
  <div class='ocr_page' id='page_1' title='image "./ionicolaimadvigi00madvuoft_0203.png"; bbox 0 0 1915 3235; ppageno 0'>
   <div class='ocr_carea' id='block_1_1' title="bbox 827 143 904 183">
    <p class='ocr_par' dir='ltr' id='par_1_1' title="bbox 827 143 904 183">
     <span class='ocr_line' id='line_1_1' title="bbox 827 143 904 183; baseline 0.026 -2"><span class='ocrx_word' id='word_1_1' title='bbox 827 143 904 183; x_wconf 58' lang='lat'>1251</span> 
     </span>
    </p>
   </div>
   <div class='ocr_carea' id='block_1_2' title="bbox 36 269 1666 817">
    <p class='ocr_par' dir='ltr' id='par_1_2' title="bbox 74 269 1664 464">
     <span class='ocr_line' id='line_1_2' title="bbox 75 269 1662 324; baseline 0 -13"><span class='ocrx_word' id='word_1_2' title='bbox 75 269 212 311; x_wconf 91' lang='lat' dir='ltr'>ductis</span> <span class='ocrx_word' id='word_1_3' title='bbox 244 269 413 323; x_wconf 87' lang='lat' dir='ltr'>scripsit</span> <span class='ocrx_word' id='word_1_4' title='bbox 445 272 487 311; x_wconf 90' lang='lat' dir='ltr'>et</span> <span class='ocrx_word' id='word_1_5' title='bbox 517 283 672 323; x_wconf 86' lang='lat' dir='ltr'>parum</span> <span class='ocrx_word' id='word_1_6' title='bbox 705 270 830 323; x_wconf 88' lang='lat' dir='ltr'>plene</span> <span class='ocrx_word' id='word_1_7' title='bbox 864 273 906 312; x_wconf 89' lang='lat' dir='ltr'>et</span> <span class='ocrx_word' id='word_1_8' title='bbox 937 271 1192 324; x_wconf 83' lang='lat' dir='ltr'>perturbata</span> <span class='ocrx_word' id='word_1_9' title='bbox 1226 273 1471 323; x_wconf 85' lang='lat' dir='ltr'>temporum</span> <span class='ocrx_word' id='word_1_10' title='bbox 1496 271 1662 312; x_wconf 89' lang='lat' dir='ltr'>ratione</span> 
     </span>
     <span class='ocr_line' id='line_1_3' title="bbox 76 339 1664 393; baseline 0 -12"><span class='ocrx_word' id='word_1_11' title='bbox 76 342 118 382; x_wconf 88' lang='lat' dir='ltr'>et</span> <span class='ocrx_word' id='word_1_12' title='bbox 150 339 335 382; x_wconf 87' lang='lat' dir='ltr'>confusis</span> <span class='ocrx_word' id='word_1_13' title='bbox 378 353 523 382; x_wconf 85' lang='lat' dir='ltr'>rerum</span> <span class='ocrx_word' id='word_1_14' title='bbox 564 340 816 393; x_wconf 85' lang='lat' dir='ltr'>generibus3</span> <span class='ocrx_word' id='word_1_15' title='bbox 863 354 967 382; x_wconf 88' lang='lat' dir='ltr'>nam</span> <span class='ocrx_word' id='word_1_16' title='bbox 1009 354 1063 382; x_wconf 88' lang='lat' dir='ltr'>ne</span> <span class='ocrx_word' id='word_1_17' title='bbox 1106 341 1163 382; x_wconf 84' lang='lat' dir='ltr'>ad</span> <span class='ocrx_word' id='word_1_18' title='bbox 1206 340 1361 382; x_wconf 70' lang='lat' dir='ltr'>civium</span> <span class='ocrx_word' id='word_1_19' title='bbox 1404 340 1578 393; x_wconf 85' lang='lat' dir='ltr'>quidem</span> <span class='ocrx_word' id='word_1_20' title='bbox 1601 339 1664 381; x_wconf 80' lang='lat' dir='ltr'>&#39;et</span> 
     </span>
     <span class='ocr_line' id='line_1_4' title="bbox 74 408 1162 464; baseline 0.001 -13"><span class='ocrx_word' id='word_1_21' title='bbox 74 411 325 452; x_wconf 88' lang='lat' dir='ltr'>Latinarum</span> <span class='ocrx_word' id='word_1_22' title='bbox 359 411 621 452; x_wconf 89' lang='lat' dir='ltr'>coloniarum</span> <span class='ocrx_word' id='word_1_23' title='bbox 656 410 885 453; x_wconf 83' lang='lat' dir='ltr'>discrimen</span> <span class='ocrx_word' id='word_1_24' title='bbox 918 411 1114 453; x_wconf 90' lang='lat' dir='ltr'>attendit.</span> <span class='ocrx_word' id='word_1_25' title='bbox 1129 408 1162 464; x_wconf 85' lang='lat'>1)</span> 
     </span>
    </p>

    <p class='ocr_par' dir='ltr' id='par_1_3' title="bbox 36 481 1666 817">
     <span class='ocr_line' id='line_1_5' title="bbox 191 481 1661 535; baseline 0 -13"><span class='ocrx_word' id='word_1_26' title='bbox 191 481 364 533; x_wconf 89' lang='lat' dir='ltr'>Populis</span> <span class='ocrx_word' id='word_1_27' title='bbox 411 481 546 531; x_wconf 83' lang='lat' dir='ltr'>victis,</span> <span class='ocrx_word' id='word_1_28' title='bbox 595 495 682 522; x_wconf 85' lang='lat' dir='ltr'>non</span> <span class='ocrx_word' id='word_1_29' title='bbox 729 482 870 523; x_wconf 90' lang='lat' dir='ltr'>solum</span> <span class='ocrx_word' id='word_1_30' title='bbox 917 482 989 535; x_wconf 87' lang='lat' dir='ltr'>qui</span> <span class='ocrx_word' id='word_1_31' title='bbox 1031 496 1131 523; x_wconf 82' lang='lat' dir='ltr'>suas</span> <span class='ocrx_word' id='word_1_32' title='bbox 1171 482 1365 523; x_wconf 84' lang='lat' dir='ltr'>civitates</span> <span class='ocrx_word' id='word_1_33' title='bbox 1403 482 1661 532; x_wconf 79' lang='lat' dir='ltr'>retinebant,</span> 
     </span>
     <span class='ocr_line' id='line_1_6' title="bbox 74 551 1663 606; baseline 0.001 -14"><span class='ocrx_word' id='word_1_34' title='bbox 74 564 224 592; x_wconf 82' lang='lat' dir='ltr'>verum</span> <span class='ocrx_word' id='word_1_35' title='bbox 257 551 400 601; x_wconf 87' lang='lat' dir='ltr'>etiam,</span> <span class='ocrx_word' id='word_1_36' title='bbox 435 552 506 604; x_wconf 89' lang='lat' dir='ltr'>qui</span> <span class='ocrx_word' id='word_1_37' title='bbox 538 552 666 605; x_wconf 92' lang='lat' dir='ltr'>plane</span> <span class='ocrx_word' id='word_1_38' title='bbox 698 552 881 594; x_wconf 87' lang='lat' dir='ltr'>subiecti</span> <span class='ocrx_word' id='word_1_39' title='bbox 912 553 1092 606; x_wconf 85' lang='lat' dir='ltr'>imperio</span> <span class='ocrx_word' id='word_1_40' title='bbox 1124 553 1324 594; x_wconf 87' lang='lat' dir='ltr'>Romano</span> <span class='ocrx_word' id='word_1_41' title='bbox 1349 551 1663 602; x_wconf 78' lang='lat' dir='ltr'>subdebantur,</span> 
     </span>
     <span class='ocr_line' id='line_1_7' title="bbox 74 621 1664 676; baseline 0.001 -14"><span class='ocrx_word' id='word_1_42' title='bbox 74 621 308 674; x_wconf 86' lang='lat' dir='ltr'>antiquitus</span> <span class='ocrx_word' id='word_1_43' title='bbox 341 635 367 663; x_wconf 91' lang='lat' dir='ltr'>a</span> <span class='ocrx_word' id='word_1_44' title='bbox 397 622 606 664; x_wconf 87' lang='lat' dir='ltr'>Romanis</span> <span class='ocrx_word' id='word_1_45' title='bbox 639 635 740 675; x_wconf 85' lang='lat' dir='ltr'>pars</span> <span class='ocrx_word' id='word_1_46' title='bbox 773 623 876 676; x_wconf 87' lang='lat' dir='ltr'>agri,</span> <span class='ocrx_word' id='word_1_47' title='bbox 912 623 1101 676; x_wconf 79' lang='lat' dir='ltr'>depulsis</span> <span class='ocrx_word' id='word_1_48' title='bbox 1126 623 1463 676; x_wconf 79' lang='lat' dir='ltr'>possessoribus,</span> <span class='ocrx_word' id='word_1_49' title='bbox 1498 622 1664 664; x_wconf 89' lang='lat' dir='ltr'>adime-</span> 
     </span>
     <span class='ocr_line' id='line_1_8' title="bbox 36 691 1666 746; baseline 0.001 -14"><span class='ocrx_word' id='word_1_50' title='bbox 36 700 45 711; x_wconf 78' lang='lat'><strong>·</strong></span> <span class='ocrx_word' id='word_1_51' title='bbox 72 691 215 733; x_wconf 86' lang='lat' dir='ltr'>batur.</span> <span class='ocrx_word' id='word_1_52' title='bbox 264 692 302 732; x_wconf 91' lang='lat' dir='ltr'>Is</span> <span class='ocrx_word' id='word_1_53' title='bbox 336 705 437 744; x_wconf 84' lang='lat' dir='ltr'>ager</span> <span class='ocrx_word' id='word_1_54' title='bbox 469 696 543 734; x_wconf 85' lang='lat' dir='ltr'>aut</span> <span class='ocrx_word' id='word_1_55' title='bbox 574 693 772 746; x_wconf 89' lang='lat' dir='ltr'>publicus</span> <span class='ocrx_word' id='word_1_56' title='bbox 805 694 952 746; x_wconf 91' lang='lat' dir='ltr'>populi</span> <span class='ocrx_word' id='word_1_57' title='bbox 984 693 1193 735; x_wconf 88' lang='lat' dir='ltr'>manebat</span> <span class='ocrx_word' id='word_1_58' title='bbox 1224 696 1300 734; x_wconf 90' lang='lat' dir='ltr'>aut</span> <span class='ocrx_word' id='word_1_59' title='bbox 1331 693 1666 734; x_wconf 75' lang='lat' dir='ltr'>venundabatur</span> 
     </span>
     <span class='ocr_line' id='line_1_9' title="bbox 74 761 1663 817; baseline 0.002 -15"><span class='ocrx_word' id='word_1_60' title='bbox 74 764 149 803; x_wconf 85' lang='lat' dir='ltr'>aut</span> <span class='ocrx_word' id='word_1_61' title='bbox 194 761 351 803; x_wconf 83' lang='lat' dir='ltr'>viritim</span> <span class='ocrx_word' id='word_1_62' title='bbox 399 763 562 805; x_wconf 82' lang='lat' dir='ltr'>civibus</span> <span class='ocrx_word' id='word_1_63' title='bbox 610 764 925 817; x_wconf 85' lang='lat' dir='ltr'>assignabatur.</span> <span class='ocrx_word' id='word_1_64' title='bbox 992 764 1139 805; x_wconf 86' lang='lat' dir='ltr'>Tertia</span> <span class='ocrx_word' id='word_1_65' title='bbox 1187 763 1276 805; x_wconf 90' lang='lat' dir='ltr'>fere</span> <span class='ocrx_word' id='word_1_66' title='bbox 1323 777 1424 817; x_wconf 86' lang='lat' dir='ltr'>pars</span> <span class='ocrx_word' id='word_1_67' title='bbox 1471 765 1663 805; x_wconf 86' lang='lat' dir='ltr'>subactis</span> 
     </span>
    </p>
   </div>
   <div class='ocr_carea' id='block_1_3' title="bbox 110 959 1673 3009">
    <p class='ocr_par' dir='ltr' id='par_1_4' title="bbox 110 959 1673 3009">
     <span class='ocr_line' id='line_1_10' title="bbox 110 959 1667 1005; baseline 0.001 -9"><span class='ocrx_word' id='word_1_68' title='bbox 110 959 139 1004; x_wconf 89' lang='lat'>¹)</span> <span class='ocrx_word' id='word_1_69' title='bbox 164 962 240 996; x_wconf 89' lang='lat' dir='ltr'>Lib.</span> <span class='ocrx_word' id='word_1_70' title='bbox 267 963 292 1003; x_wconf 90' lang='lat' dir='ltr'>I,</span> <span class='ocrx_word' id='word_1_71' title='bbox 331 962 371 995; x_wconf 81' lang='lat'>14</span> <span class='ocrx_word' id='word_1_72' title='bbox 398 966 433 996; x_wconf 86' lang='lat' dir='ltr'>et</span> <span class='ocrx_word' id='word_1_73' title='bbox 460 962 514 996; x_wconf 83' lang='lat'>15.</span> <span class='ocrx_word' id='word_1_74' title='bbox 559 962 636 996; x_wconf 88' lang='lat' dir='ltr'>Non</span> <span class='ocrx_word' id='word_1_75' title='bbox 663 966 760 997; x_wconf 88' lang='lat' dir='ltr'>recte</span> <span class='ocrx_word' id='word_1_76' title='bbox 785 963 1003 997; x_wconf 78' lang='lat' dir='ltr'>Niebuhrius</span> <span class='ocrx_word' id='word_1_77' title='bbox 1029 963 1087 1005; x_wconf 89' lang='lat' dir='ltr'>(II,</span> <span class='ocrx_word' id='word_1_78' title='bbox 1122 963 1189 996; x_wconf 80' lang='lat'>689</span> <span class='ocrx_word' id='word_1_79' title='bbox 1217 963 1306 1005; x_wconf 82' lang='lat' dir='ltr'>not.)</span> <span class='ocrx_word' id='word_1_80' title='bbox 1333 964 1511 998; x_wconf 90' lang='lat' dir='ltr'>Velleium</span> <span class='ocrx_word' id='word_1_81' title='bbox 1537 967 1667 998; x_wconf 73' lang='lat' dir='ltr'>civium</span> 
     </span>
     <span class='ocr_line' id='line_1_11' title="bbox 169 1021 1666 1062; baseline 0.001 -7"><span class='ocrx_word' id='word_1_82' title='bbox 169 1021 326 1055; x_wconf 88' lang='lat' dir='ltr'>colonias</span> <span class='ocrx_word' id='word_1_83' title='bbox 352 1021 499 1056; x_wconf 87' lang='lat' dir='ltr'>omnino</span> <span class='ocrx_word' id='word_1_84' title='bbox 526 1021 721 1055; x_wconf 81' lang='lat' dir='ltr'>exclusisse</span> <span class='ocrx_word' id='word_1_85' title='bbox 748 1022 850 1062; x_wconf 88' lang='lat' dir='ltr'>dicit;</span> <span class='ocrx_word' id='word_1_86' title='bbox 889 1023 1023 1056; x_wconf 88' lang='lat' dir='ltr'>multas</span> <span class='ocrx_word' id='word_1_87' title='bbox 1056 1023 1153 1056; x_wconf 89' lang='lat' dir='ltr'>enim</span> <span class='ocrx_word' id='word_1_88' title='bbox 1188 1023 1322 1057; x_wconf 86' lang='lat' dir='ltr'>civium</span> <span class='ocrx_word' id='word_1_89' title='bbox 1355 1023 1666 1058; x_wconf 84' lang='lat' dir='ltr'>commemoravit.</span> 
     </span>
     <span class='ocr_line' id='line_1_12' title="bbox 167 1080 1667 1125; baseline 0.002 -12"><span class='ocrx_word' id='word_1_90' title='bbox 167 1080 380 1124; x_wconf 85' lang='lat' dir='ltr'>Dionysium</span> <span class='ocrx_word' id='word_1_91' title='bbox 411 1081 619 1120; x_wconf 81' lang='lat' dir='ltr'>Niebuhrio,</span> <span class='ocrx_word' id='word_1_92' title='bbox 658 1092 771 1124; x_wconf 86' lang='lat' dir='ltr'>quum</span> <span class='ocrx_word' id='word_1_93' title='bbox 804 1081 890 1115; x_wconf 89' lang='lat' dir='ltr'>alibi</span> <span class='ocrx_word' id='word_1_94' title='bbox 923 1092 1017 1125; x_wconf 85' lang='lat' dir='ltr'>saepe</span> <span class='ocrx_word' id='word_1_95' title='bbox 1051 1082 1235 1116; x_wconf 85' lang='lat' dir='ltr'>rhetorem</span> <span class='ocrx_word' id='word_1_96' title='bbox 1269 1082 1473 1116; x_wconf 63' lang='lat' dir='ltr'>Graeculum</span> <span class='ocrx_word' id='word_1_97' title='bbox 1506 1082 1584 1116; x_wconf 90' lang='lat' dir='ltr'>iure</span> <span class='ocrx_word' id='word_1_98' title='bbox 1616 1093 1667 1116; x_wconf 93' lang='lat' dir='ltr'>re-</span> 
     </span>
     <span class='ocr_line' id='line_1_13' title="bbox 167 1139 1665 1185; baseline 0 -12"><span class='ocrx_word' id='word_1_99' title='bbox 167 1139 384 1183; x_wconf 88' lang='lat' dir='ltr'>prehendat,</span> <span class='ocrx_word' id='word_1_100' title='bbox 421 1139 457 1173; x_wconf 89' lang='lat' dir='ltr'>in</span> <span class='ocrx_word' id='word_1_101' title='bbox 490 1140 557 1173; x_wconf 90' lang='lat' dir='ltr'>hac</span> <span class='ocrx_word' id='word_1_102' title='bbox 590 1151 629 1173; x_wconf 90' lang='lat' dir='ltr'>re</span> <span class='ocrx_word' id='word_1_103' title='bbox 663 1143 698 1173; x_wconf 86' lang='lat' dir='ltr'>et</span> <span class='ocrx_word' id='word_1_104' title='bbox 730 1144 877 1174; x_wconf 86' lang='lat' dir='ltr'>cautum</span> <span class='ocrx_word' id='word_1_105' title='bbox 911 1141 1094 1184; x_wconf 87' lang='lat' dir='ltr'>appellare</span> <span class='ocrx_word' id='word_1_106' title='bbox 1127 1141 1263 1185; x_wconf 82' lang='lat' dir='ltr'>placuit</span> <span class='ocrx_word' id='word_1_107' title='bbox 1296 1141 1340 1181; x_wconf 86' lang='lat' dir='ltr'>(II</span> <span class='ocrx_word' id='word_1_108' title='bbox 1367 1153 1400 1185; x_wconf 90' lang='lat' dir='ltr'>p.</span> <span class='ocrx_word' id='word_1_109' title='bbox 1429 1141 1472 1173; x_wconf 73' lang='lat'>57</span> <span class='ocrx_word' id='word_1_110' title='bbox 1506 1142 1560 1174; x_wconf 75' lang='lat' dir='ltr'>bei</span> <span class='ocrx_word' id='word_1_111' title='bbox 1591 1143 1665 1174; x_wconf 80' lang='lat' dir='ltr'>dem</span> 
     </span>
     <span class='ocr_line' id='line_1_14' title="bbox 171 1197 1668 1243; baseline 0.001 -12"><span class='ocrx_word' id='word_1_112' title='bbox 171 1199 401 1242; x_wconf 65' lang='lat' dir='ltr'>emesichtiqen</span> <span class='ocrx_word' id='word_1_113' title='bbox 435 1197 702 1241; x_wconf 67' lang='lat' dir='ltr'>Schriftsteller)</span> <span class='ocrx_word' id='word_1_114' title='bbox 736 1203 771 1232; x_wconf 87' lang='lat' dir='ltr'>et</span> <span class='ocrx_word' id='word_1_115' title='bbox 803 1199 1010 1242; x_wconf 79' lang='lat' dir='ltr'>religiosum</span> <span class='ocrx_word' id='word_1_116' title='bbox 1042 1199 1128 1242; x_wconf 89' lang='lat' dir='ltr'>(ibd.</span> <span class='ocrx_word' id='word_1_117' title='bbox 1159 1199 1422 1243; x_wconf 69' lang='lat' dir='ltr'>yewz&#39;ssenhaft&#39;)</span> <span class='ocrx_word' id='word_1_118' title='bbox 1456 1204 1491 1234; x_wconf 89' lang='lat' dir='ltr'>et</span> <span class='ocrx_word' id='word_1_119' title='bbox 1524 1200 1560 1233; x_wconf 90' lang='lat' dir='ltr'>in</span> <span class='ocrx_word' id='word_1_120' title='bbox 1592 1211 1668 1233; x_wconf 82' lang='lat' dir='ltr'>ver-</span> 
     </span>
     <span class='ocr_line' id='line_1_15' title="bbox 167 1256 1669 1302; baseline 0.001 -12"><span class='ocrx_word' id='word_1_121' title='bbox 167 1256 296 1290; x_wconf 86' lang='lat' dir='ltr'>borum</span> <span class='ocrx_word' id='word_1_122' title='bbox 324 1257 369 1291; x_wconf 86' lang='lat' dir='ltr'>ad</span> <span class='ocrx_word' id='word_1_123' title='bbox 394 1269 450 1292; x_wconf 88' lang='lat' dir='ltr'>res</span> <span class='ocrx_word' id='word_1_124' title='bbox 477 1262 644 1292; x_wconf 83' lang='lat' dir='ltr'>accurate</span> <span class='ocrx_word' id='word_1_125' title='bbox 670 1258 923 1302; x_wconf 85' lang='lat' dir='ltr'>significandas</span> <span class='ocrx_word' id='word_1_126' title='bbox 950 1258 1092 1292; x_wconf 90' lang='lat' dir='ltr'>delectu</span> <span class='ocrx_word' id='word_1_127' title='bbox 1125 1258 1334 1302; x_wconf 81' lang='lat' dir='ltr'>diligentem</span> <span class='ocrx_word' id='word_1_128' title='bbox 1367 1258 1454 1299; x_wconf 84' lang='lat' dir='ltr'>(ibd.</span> <span class='ocrx_word' id='word_1_129' title='bbox 1488 1261 1551 1292; x_wconf 80' lang='lat' dir='ltr'>der</span> <span class='ocrx_word' id='word_1_130' title='bbox 1577 1260 1669 1293; x_wconf 66' lang='lat' dir='ltr'>auch</span> 
     </span>
     <span class='ocr_line' id='line_1_16' title="bbox 170 1316 1668 1361; baseline 0.001 -12"><span class='ocrx_word' id='word_1_131' title='bbox 170 1318 206 1350; x_wconf 79' lang='lat' dir='ltr'>in</span> <span class='ocrx_word' id='word_1_132' title='bbox 231 1318 360 1350; x_wconf 78' lang='lat' dir='ltr'>seinem</span> <span class='ocrx_word' id='word_1_133' title='bbox 386 1318 581 1350; x_wconf 51' lang='lat' dir='ltr'>Ausdriiclx·</span> <span class='ocrx_word' id='word_1_134' title='bbox 606 1318 725 1350; x_wconf 58' lang='lat' dir='ltr'>huelzst</span> <span class='ocrx_word' id='word_1_135' title='bbox 751 1318 961 1360; x_wconf 66' lang='lat' dir='ltr'>sot-yfdltz&#39;qe</span> <span class='ocrx_word' id='word_1_136' title='bbox 990 1316 1174 1359; x_wconf 76' lang='lat' dir='ltr'>Gelehrte).</span> <span class='ocrx_word' id='word_1_137' title='bbox 1224 1318 1304 1361; x_wconf 82' lang='lat' dir='ltr'>Ipse</span> <span class='ocrx_word' id='word_1_138' title='bbox 1331 1317 1376 1351; x_wconf 81' lang='lat' dir='ltr'>ad</span> <span class='ocrx_word' id='word_1_139' title='bbox 1403 1318 1496 1351; x_wconf 86' lang='lat' dir='ltr'>hanc</span> <span class='ocrx_word' id='word_1_140' title='bbox 1522 1318 1668 1352; x_wconf 87' lang='lat' dir='ltr'>laudem</span> 
     </span>
     <span class='ocr_line' id='line_1_17' title="bbox 167 1375 1669 1421; baseline 0.002 -13"><span class='ocrx_word' id='word_1_141' title='bbox 167 1375 352 1411; x_wconf 85' lang='lat' dir='ltr'>tuendam.</span> <span class='ocrx_word' id='word_1_142' title='bbox 386 1387 498 1419; x_wconf 87' lang='lat' dir='ltr'>quum</span> <span class='ocrx_word' id='word_1_143' title='bbox 524 1375 718 1420; x_wconf 84' lang='lat' dir='ltr'>Dionysius</span> <span class='ocrx_word' id='word_1_144' title='bbox 744 1376 972 1419; x_wconf 80' lang='lat' dir='ltr'>apertissime</span> <span class='ocrx_word' id='word_1_145' title='bbox 999 1376 1066 1409; x_wconf 88' lang='lat' dir='ltr'>sibi</span> <span class='ocrx_word' id='word_1_146' title='bbox 1093 1376 1328 1416; x_wconf 77' lang='lat' dir='ltr'>contradicat,</span> <span class='ocrx_word' id='word_1_147' title='bbox 1362 1377 1492 1410; x_wconf 87' lang='lat' dir='ltr'>miram</span> <span class='ocrx_word' id='word_1_148' title='bbox 1520 1377 1565 1410; x_wconf 90' lang='lat' dir='ltr'>ab</span> <span class='ocrx_word' id='word_1_149' title='bbox 1591 1377 1669 1421; x_wconf 88' lang='lat' dir='ltr'>ipso</span> 
     </span>
     <span class='ocr_line' id='line_1_18' title="bbox 167 1433 1669 1479; baseline 0.001 -12"><span class='ocrx_word' id='word_1_150' title='bbox 167 1433 338 1478; x_wconf 89' lang='lat' dir='ltr'>Dionysio</span> <span class='ocrx_word' id='word_1_151' title='bbox 366 1434 499 1468; x_wconf 83' lang='lat' dir='ltr'>factam</span> <span class='ocrx_word' id='word_1_152' title='bbox 525 1434 684 1468; x_wconf 85' lang='lat' dir='ltr'>historiae</span> <span class='ocrx_word' id='word_1_153' title='bbox 712 1434 783 1468; x_wconf 83' lang='lat' dir='ltr'>iam</span> <span class='ocrx_word' id='word_1_154' title='bbox 812 1435 1007 1468; x_wconf 80' lang='lat' dir='ltr'>elaboratae</span> <span class='ocrx_word' id='word_1_155' title='bbox 1033 1435 1350 1479; x_wconf 85' lang='lat' dir='ltr'>interpolationem</span> <span class='ocrx_word' id='word_1_156' title='bbox 1372 1435 1561 1479; x_wconf 82' lang='lat' dir='ltr'>excogitat,</span> <span class='ocrx_word' id='word_1_157' title='bbox 1589 1446 1669 1479; x_wconf 85' lang='lat' dir='ltr'>quae</span> 
     </span>
     <span class='ocr_line' id='line_1_19' title="bbox 169 1493 1669 1538; baseline 0.001 -12"><span class='ocrx_word' id='word_1_158' title='bbox 169 1493 197 1526; x_wconf 91' lang='lat' dir='ltr'>si</span> <span class='ocrx_word' id='word_1_159' title='bbox 237 1497 330 1527; x_wconf 83' lang='lat' dir='ltr'>esset</span> <span class='ocrx_word' id='word_1_160' title='bbox 367 1493 477 1535; x_wconf 85' lang='lat' dir='ltr'>facta,</span> <span class='ocrx_word' id='word_1_161' title='bbox 516 1494 645 1527; x_wconf 85' lang='lat' dir='ltr'>saltem</span> <span class='ocrx_word' id='word_1_162' title='bbox 685 1494 793 1527; x_wconf 87' lang='lat' dir='ltr'>simul</span> <span class='ocrx_word' id='word_1_163' title='bbox 832 1493 922 1527; x_wconf 82' lang='lat' dir='ltr'>falso</span> <span class='ocrx_word' id='word_1_164' title='bbox 960 1498 1107 1527; x_wconf 85' lang='lat' dir='ltr'>narrata</span> <span class='ocrx_word' id='word_1_165' title='bbox 1146 1494 1296 1538; x_wconf 83' lang='lat' dir='ltr'>diligens</span> <span class='ocrx_word' id='word_1_166' title='bbox 1334 1494 1443 1528; x_wconf 87' lang='lat' dir='ltr'>homo</span> <span class='ocrx_word' id='word_1_167' title='bbox 1481 1498 1669 1528; x_wconf 81' lang='lat' dir='ltr'>mutasset.</span> 
     </span>
     <span class='ocr_line' id='line_1_20' title="bbox 168 1551 1668 1597; baseline 0 -11"><span class='ocrx_word' id='word_1_168' title='bbox 168 1551 325 1586; x_wconf 86' lang='lat' dir='ltr'>Omnino</span> <span class='ocrx_word' id='word_1_169' title='bbox 351 1552 554 1596; x_wconf 88' lang='lat' dir='ltr'>Dionysius,</span> <span class='ocrx_word' id='word_1_170' title='bbox 594 1563 706 1596; x_wconf 86' lang='lat' dir='ltr'>quum</span> <span class='ocrx_word' id='word_1_171' title='bbox 741 1552 998 1596; x_wconf 84' lang='lat' dir='ltr'>loquacissimo</span> <span class='ocrx_word' id='word_1_172' title='bbox 1031 1564 1161 1597; x_wconf 79' lang='lat' dir='ltr'>genere</span> <span class='ocrx_word' id='word_1_173' title='bbox 1194 1553 1383 1586; x_wconf 86' lang='lat' dir='ltr'>historiam</span> <span class='ocrx_word' id='word_1_174' title='bbox 1410 1553 1459 1586; x_wconf 90' lang='lat' dir='ltr'>ita</span> <span class='ocrx_word' id='word_1_175' title='bbox 1486 1553 1668 1593; x_wconf 82' lang='lat' dir='ltr'>scriberet,</span> 
     </span>
     <span class='ocr_line' id='line_1_21' title="bbox 169 1611 1670 1656; baseline 0.001 -12"><span class='ocrx_word' id='word_1_176' title='bbox 169 1614 209 1644; x_wconf 89' lang='lat' dir='ltr'>ut</span> <span class='ocrx_word' id='word_1_177' title='bbox 235 1611 342 1644; x_wconf 91' lang='lat' dir='ltr'>simul</span> <span class='ocrx_word' id='word_1_178' title='bbox 368 1623 471 1645; x_wconf 88' lang='lat' dir='ltr'>suam</span> <span class='ocrx_word' id='word_1_179' title='bbox 503 1611 735 1656; x_wconf 80' lang='lat' dir='ltr'>prudentiam</span> <span class='ocrx_word' id='word_1_180' title='bbox 771 1612 910 1645; x_wconf 84' lang='lat' dir='ltr'>civilem</span> <span class='ocrx_word' id='word_1_181' title='bbox 947 1615 1146 1646; x_wconf 82' lang='lat' dir='ltr'>ostentaret</span> <span class='ocrx_word' id='word_1_182' title='bbox 1180 1615 1215 1645; x_wconf 89' lang='lat' dir='ltr'>et</span> <span class='ocrx_word' id='word_1_183' title='bbox 1246 1612 1431 1645; x_wconf 85' lang='lat' dir='ltr'>Romanos</span> <span class='ocrx_word' id='word_1_184' title='bbox 1464 1612 1670 1646; x_wconf 79' lang='lat' dir='ltr'>extollendo</span> 
     </span>
     <span class='ocr_line' id='line_1_22' title="bbox 169 1670 1671 1714; baseline -0.001 -10"><span class='ocrx_word' id='word_1_185' title='bbox 169 1670 309 1704; x_wconf 81' lang='lat' dir='ltr'>Graecos</span> <span class='ocrx_word' id='word_1_186' title='bbox 337 1671 490 1707; x_wconf 81' lang='lat' dir='ltr'>doceret.</span> <span class='ocrx_word' id='word_1_187' title='bbox 531 1682 573 1704; x_wconf 81' lang='lat' dir='ltr'>ex</span> <span class='ocrx_word' id='word_1_188' title='bbox 605 1671 718 1704; x_wconf 84' lang='lat' dir='ltr'>altera</span> <span class='ocrx_word' id='word_1_189' title='bbox 752 1674 875 1704; x_wconf 82' lang='lat' dir='ltr'>autem</span> <span class='ocrx_word' id='word_1_190' title='bbox 908 1674 1011 1714; x_wconf 87' lang='lat' dir='ltr'>parte</span> <span class='ocrx_word' id='word_1_191' title='bbox 1045 1670 1176 1714; x_wconf 78' lang='lat' dir='ltr'>(neque</span> <span class='ocrx_word' id='word_1_192' title='bbox 1211 1671 1307 1704; x_wconf 90' lang='lat' dir='ltr'>enim</span> <span class='ocrx_word' id='word_1_193' title='bbox 1335 1671 1480 1704; x_wconf 79' lang='lat' dir='ltr'>carebat</span> <span class='ocrx_word' id='word_1_194' title='bbox 1508 1670 1671 1704; x_wconf 84' lang='lat' dir='ltr'>Graecula</span> 
     </span>
     <span class='ocr_line' id='line_1_23' title="bbox 168 1728 1670 1771; baseline -0.001 -8"><span class='ocrx_word' id='word_1_195' title='bbox 168 1728 342 1771; x_wconf 82' lang='lat' dir='ltr'>vanitate)</span> <span class='ocrx_word' id='word_1_196' title='bbox 368 1730 491 1764; x_wconf 90' lang='lat' dir='ltr'>omnia</span> <span class='ocrx_word' id='word_1_197' title='bbox 515 1730 701 1763; x_wconf 85' lang='lat' dir='ltr'>Romanos</span> <span class='ocrx_word' id='word_1_198' title='bbox 727 1741 749 1763; x_wconf 87' lang='lat' dir='ltr'>a</span> <span class='ocrx_word' id='word_1_199' title='bbox 770 1729 901 1763; x_wconf 78' lang='lat' dir='ltr'>Graecis</span> <span class='ocrx_word' id='word_1_200' title='bbox 929 1729 1099 1762; x_wconf 83' lang='lat' dir='ltr'>habuisse</span> <span class='ocrx_word' id='word_1_201' title='bbox 1126 1730 1402 1769; x_wconf 81' lang='lat' dir='ltr'>demonstraret,</span> <span class='ocrx_word' id='word_1_202' title='bbox 1430 1729 1517 1762; x_wconf 85' lang='lat' dir='ltr'>iuris</span> <span class='ocrx_word' id='word_1_203' title='bbox 1539 1729 1670 1762; x_wconf 86' lang='lat' dir='ltr'>veteris</span> 
     </span>
     <span class='ocr_line' id='line_1_24' title="bbox 169 1788 1670 1832; baseline -0.001 -10"><span class='ocrx_word' id='word_1_204' title='bbox 169 1792 203 1822; x_wconf 88' lang='lat' dir='ltr'>et</span> <span class='ocrx_word' id='word_1_205' title='bbox 228 1789 477 1823; x_wconf 89' lang='lat' dir='ltr'>institutorum</span> <span class='ocrx_word' id='word_1_206' title='bbox 504 1789 659 1822; x_wconf 81' lang='lat' dir='ltr'>incertas</span> <span class='ocrx_word' id='word_1_207' title='bbox 686 1793 721 1822; x_wconf 90' lang='lat' dir='ltr'>et</span> <span class='ocrx_word' id='word_1_208' title='bbox 747 1799 877 1832; x_wconf 88' lang='lat' dir='ltr'>parum</span> <span class='ocrx_word' id='word_1_209' title='bbox 912 1792 1099 1822; x_wconf 83' lang='lat' dir='ltr'>accuratas</span> <span class='ocrx_word' id='word_1_210' title='bbox 1133 1788 1300 1821; x_wconf 88' lang='lat' dir='ltr'>notiones</span> <span class='ocrx_word' id='word_1_211' title='bbox 1333 1788 1610 1831; x_wconf 87' lang='lat' dir='ltr'>comprehendit</span> <span class='ocrx_word' id='word_1_212' title='bbox 1636 1792 1670 1822; x_wconf 86' lang='lat' dir='ltr'>et</span> 
     </span>
     <span class='ocr_line' id='line_1_25' title="bbox 169 1846 1671 1891; baseline -0.002 -10"><span class='ocrx_word' id='word_1_213' title='bbox 169 1851 231 1881; x_wconf 81' lang='lat' dir='ltr'>aut</span> <span class='ocrx_word' id='word_1_214' title='bbox 270 1848 343 1881; x_wconf 88' lang='lat' dir='ltr'>fere</span> <span class='ocrx_word' id='word_1_215' title='bbox 380 1848 609 1891; x_wconf 83' lang='lat' dir='ltr'>generalibus</span> <span class='ocrx_word' id='word_1_216' title='bbox 647 1852 791 1881; x_wconf 82' lang='lat' dir='ltr'>tantum</span> <span class='ocrx_word' id='word_1_217' title='bbox 835 1847 1045 1880; x_wconf 86' lang='lat' dir='ltr'>nominibus</span> <span class='ocrx_word' id='word_1_218' title='bbox 1089 1846 1299 1890; x_wconf 75' lang='lat' dir='ltr'>significavit</span> <span class='ocrx_word' id='word_1_219' title='bbox 1346 1846 1470 1890; x_wconf 85' lang='lat' dir='ltr'>(quale</span> <span class='ocrx_word' id='word_1_220' title='bbox 1508 1851 1562 1880; x_wconf 90' lang='lat' dir='ltr'>est</span> <span class='ocrx_word' id='word_1_221' title='bbox 1600 1848 1671 1877; x_wconf 72' lang='grc' dir='ltr'>τῶν</span> 
     </span>
     <span class='ocr_line' id='line_1_26' title="bbox 171 1903 1671 1949; baseline 0.001 -12"><span class='ocrx_word' id='word_1_222' title='bbox 171 1903 348 1949; x_wconf 72' lang='grc' dir='ltr'>ὖῑιηκόων)</span> <span class='ocrx_word' id='word_1_223' title='bbox 382 1910 445 1940; x_wconf 86' lang='lat' dir='ltr'>aut</span> <span class='ocrx_word' id='word_1_224' title='bbox 480 1907 524 1940; x_wconf 88' lang='lat' dir='ltr'>ad</span> <span class='ocrx_word' id='word_1_225' title='bbox 558 1907 623 1940; x_wconf 81' lang='lat' dir='ltr'>lias</span> <span class='ocrx_word' id='word_1_226' title='bbox 650 1918 706 1940; x_wconf 88' lang='lat' dir='ltr'>res</span> <span class='ocrx_word' id='word_1_227' title='bbox 732 1906 986 1949; x_wconf 80' lang='lat' dir='ltr'>significandas</span> <span class='ocrx_word' id='word_1_228' title='bbox 1014 1905 1145 1939; x_wconf 74' lang='lat' dir='ltr'>Graecis</span> <span class='ocrx_word' id='word_1_229' title='bbox 1171 1905 1476 1949; x_wconf 71' lang='lat' dir='ltr'>appellationibus</span> <span class='ocrx_word' id='word_1_230' title='bbox 1503 1916 1590 1939; x_wconf 80' lang='lat' dir='ltr'>usus</span> <span class='ocrx_word' id='word_1_231' title='bbox 1617 1909 1671 1938; x_wconf 89' lang='lat' dir='ltr'>est</span> 
     </span>
     <span class='ocr_line' id='line_1_27' title="bbox 174 1964 1671 2009; baseline -0.001 -10"><span class='ocrx_word' id='word_1_232' title='bbox 174 1976 293 2009; x_wconf 85' lang='lat' dir='ltr'>neque</span> <span class='ocrx_word' id='word_1_233' title='bbox 331 1965 602 2009; x_wconf 76' lang='lat' dir='ltr'>diligentissime</span> <span class='ocrx_word' id='word_1_234' title='bbox 641 1965 787 1999; x_wconf 88' lang='lat' dir='ltr'>delectis</span> <span class='ocrx_word' id='word_1_235' title='bbox 826 1975 944 2008; x_wconf 88' lang='lat' dir='ltr'>neque</span> <span class='ocrx_word' id='word_1_236' title='bbox 989 1967 1197 1997; x_wconf 70' lang='lat' dir='ltr'>constanter</span> <span class='ocrx_word' id='word_1_237' title='bbox 1242 1964 1411 2005; x_wconf 81' lang='lat' dir='ltr'>servatis,</span> <span class='ocrx_word' id='word_1_238' title='bbox 1457 1964 1573 2007; x_wconf 75' lang='lat' dir='ltr'>qualis</span> <span class='ocrx_word' id='word_1_239' title='bbox 1618 1968 1671 1998; x_wconf 86' lang='lat' dir='ltr'>est</span> 
     </span>
     <span class='ocr_line' id='line_1_28' title="bbox 172 2022 1671 2067; baseline -0.001 -13"><span class='ocrx_word' id='word_1_240' title='bbox 172 2022 400 2061; x_wconf 64' lang='grc' dir='ltr'>ἰσοπολιτείας</span> <span class='ocrx_word' id='word_1_241' title='bbox 440 2035 522 2058; x_wconf 85' lang='lat' dir='ltr'>nam</span> <span class='ocrx_word' id='word_1_242' title='bbox 551 2035 624 2057; x_wconf 90' lang='lat' dir='ltr'>non</span> <span class='ocrx_word' id='word_1_243' title='bbox 651 2024 780 2059; x_wconf 77' lang='lat' dir='ltr'>solum,</span> <span class='ocrx_word' id='word_1_244' title='bbox 814 2034 904 2067; x_wconf 86' lang='lat' dir='ltr'>quos</span> <span class='ocrx_word' id='word_1_245' title='bbox 938 2023 1124 2066; x_wconf 79' lang='lat' dir='ltr'>isopolitas</span> <span class='ocrx_word' id='word_1_246' title='bbox 1151 2023 1319 2066; x_wconf 81' lang='lat' dir='ltr'>appellat,</span> <span class='ocrx_word' id='word_1_247' title='bbox 1354 2023 1500 2056; x_wconf 87' lang='lat' dir='ltr'>eosdem</span> <span class='ocrx_word' id='word_1_248' title='bbox 1526 2022 1671 2058; x_wconf 68' lang='grc' dir='ltr'><em>πολίτας</em></span> 
     </span>
     <span class='ocr_line' id='line_1_29' title="bbox 172 2081 1669 2126; baseline -0.001 -10"><span class='ocrx_word' id='word_1_249' title='bbox 172 2082 257 2116; x_wconf 79' lang='lat' dir='ltr'>dicit</span> <span class='ocrx_word' id='word_1_250' title='bbox 283 2083 362 2116; x_wconf 81' lang='lat' dir='ltr'>VIII</span> <span class='ocrx_word' id='word_1_251' title='bbox 389 2094 416 2116; x_wconf 89' lang='lat' dir='ltr'>c.</span> <span class='ocrx_word' id='word_1_252' title='bbox 447 2083 499 2118; x_wconf 70' lang='lat'>77.</span> <span class='ocrx_word' id='word_1_253' title='bbox 539 2083 600 2116; x_wconf 84' lang='lat' dir='ltr'>sed</span> <span class='ocrx_word' id='word_1_254' title='bbox 637 2083 790 2117; x_wconf 86' lang='lat' dir='ltr'>eandem</span> <span class='ocrx_word' id='word_1_255' title='bbox 824 2082 1042 2126; x_wconf 88' lang='lat' dir='ltr'>isopolitiam</span> <span class='ocrx_word' id='word_1_256' title='bbox 1070 2082 1127 2119; x_wconf 86' lang='lat' dir='ltr'>IV,</span> <span class='ocrx_word' id='word_1_257' title='bbox 1161 2081 1204 2113; x_wconf 74' lang='lat'>58</span> <span class='ocrx_word' id='word_1_258' title='bbox 1238 2081 1361 2114; x_wconf 87' lang='lat' dir='ltr'>datam</span> <span class='ocrx_word' id='word_1_259' title='bbox 1394 2082 1479 2115; x_wconf 90' lang='lat' dir='ltr'>dicit</span> <span class='ocrx_word' id='word_1_260' title='bbox 1511 2081 1669 2121; x_wconf 81' lang='lat' dir='ltr'>Gabinis,</span> 
     </span>
     <span class='ocr_line' id='line_1_30' title="bbox 172 2141 1671 2185; baseline -0.001 -10"><span class='ocrx_word' id='word_1_261' title='bbox 172 2141 303 2185; x_wconf 87' lang='lat' dir='ltr'>quibus</span> <span class='ocrx_word' id='word_1_262' title='bbox 329 2152 451 2185; x_wconf 86' lang='lat' dir='ltr'>regem</span> <span class='ocrx_word' id='word_1_263' title='bbox 477 2154 499 2175; x_wconf 86' lang='lat' dir='ltr'>a</span> <span class='ocrx_word' id='word_1_264' title='bbox 523 2142 720 2185; x_wconf 84' lang='lat' dir='ltr'>Tarquinio</span> <span class='ocrx_word' id='word_1_265' title='bbox 746 2142 959 2185; x_wconf 90' lang='lat' dir='ltr'>impositum</span> <span class='ocrx_word' id='word_1_266' title='bbox 986 2145 1119 2174; x_wconf 82' lang='lat' dir='ltr'>narrat.</span> <span class='ocrx_word' id='word_1_267' title='bbox 1159 2141 1286 2183; x_wconf 88' lang='lat' dir='ltr'>Itaque</span> <span class='ocrx_word' id='word_1_268' title='bbox 1304 2151 1348 2173; x_wconf 76' lang='lat' dir='ltr'>ex</span> <span class='ocrx_word' id='word_1_269' title='bbox 1366 2141 1671 2184; x_wconf 77' lang='lat' dir='ltr'>appellationibus</span> 
     </span>
     <span class='ocr_line' id='line_1_31' title="bbox 171 2198 1672 2244; baseline -0.001 -10"><span class='ocrx_word' id='word_1_270' title='bbox 171 2211 293 2234; x_wconf 88' lang='lat' dir='ltr'>rerum</span> <span class='ocrx_word' id='word_1_271' title='bbox 319 2204 354 2234; x_wconf 86' lang='lat' dir='ltr'>et</span> <span class='ocrx_word' id='word_1_272' title='bbox 380 2201 491 2244; x_wconf 86' lang='lat' dir='ltr'>ipsius</span> <span class='ocrx_word' id='word_1_273' title='bbox 517 2201 636 2235; x_wconf 86' lang='lat' dir='ltr'>Verbis</span> <span class='ocrx_word' id='word_1_274' title='bbox 663 2206 698 2234; x_wconf 88' lang='lat' dir='ltr'>et</span> <span class='ocrx_word' id='word_1_275' title='bbox 724 2212 767 2235; x_wconf 85' lang='lat' dir='ltr'>ex</span> <span class='ocrx_word' id='word_1_276' title='bbox 793 2201 835 2234; x_wconf 87' lang='lat' dir='ltr'>iis</span> <span class='ocrx_word' id='word_1_277' title='bbox 862 2199 1053 2239; x_wconf 82' lang='lat' dir='ltr'>coloribus,</span> <span class='ocrx_word' id='word_1_278' title='bbox 1088 2199 1218 2242; x_wconf 82' lang='lat' dir='ltr'>quibus</span> <span class='ocrx_word' id='word_1_279' title='bbox 1251 2198 1338 2242; x_wconf 89' lang='lat' dir='ltr'>ipse,</span> <span class='ocrx_word' id='word_1_280' title='bbox 1372 2210 1456 2233; x_wconf 85' lang='lat' dir='ltr'>suas</span> <span class='ocrx_word' id='word_1_281' title='bbox 1484 2199 1672 2243; x_wconf 81' lang='lat' dir='ltr'>opiniones</span> 
     </span>
     <span class='ocr_line' id='line_1_32' title="bbox 171 2257 1671 2304; baseline 0 -12"><span class='ocrx_word' id='word_1_282' title='bbox 171 2262 332 2300; x_wconf 78' lang='lat' dir='ltr'>secutus,</span> <span class='ocrx_word' id='word_1_283' title='bbox 371 2270 427 2293; x_wconf 89' lang='lat' dir='ltr'>res</span> <span class='ocrx_word' id='word_1_284' title='bbox 459 2259 579 2294; x_wconf 87' lang='lat' dir='ltr'>ieiune</span> <span class='ocrx_word' id='word_1_285' title='bbox 611 2271 633 2293; x_wconf 89' lang='lat' dir='ltr'>a</span> <span class='ocrx_word' id='word_1_286' title='bbox 665 2260 843 2304; x_wconf 86' lang='lat' dir='ltr'>prioribus</span> <span class='ocrx_word' id='word_1_287' title='bbox 876 2259 1026 2293; x_wconf 78' lang='lat' dir='ltr'>traditas</span> <span class='ocrx_word' id='word_1_288' title='bbox 1060 2257 1174 2302; x_wconf 84' lang='lat' dir='ltr'>pingit</span> <span class='ocrx_word' id='word_1_289' title='bbox 1207 2262 1243 2291; x_wconf 86' lang='lat' dir='ltr'>et</span> <span class='ocrx_word' id='word_1_290' title='bbox 1275 2258 1452 2298; x_wconf 75' lang='lat' dir='ltr'>extendit,</span> <span class='ocrx_word' id='word_1_291' title='bbox 1492 2259 1581 2292; x_wconf 84' lang='lat' dir='ltr'>nihil</span> <span class='ocrx_word' id='word_1_292' title='bbox 1608 2270 1671 2292; x_wconf 87' lang='lat' dir='ltr'>un-</span> 
     </span>
     <span class='ocr_line' id='line_1_33' title="bbox 171 2317 1673 2362; baseline -0.001 -11"><span class='ocrx_word' id='word_1_293' title='bbox 171 2329 281 2361; x_wconf 85' lang='lat' dir='ltr'>quam</span> <span class='ocrx_word' id='word_1_294' title='bbox 308 2318 473 2352; x_wconf 88' lang='lat' dir='ltr'>concludi</span> <span class='ocrx_word' id='word_1_295' title='bbox 498 2322 634 2362; x_wconf 88' lang='lat' dir='ltr'>potest;</span> <span class='ocrx_word' id='word_1_296' title='bbox 674 2329 717 2351; x_wconf 85' lang='lat' dir='ltr'>ex</span> <span class='ocrx_word' id='word_1_297' title='bbox 751 2319 836 2362; x_wconf 87' lang='lat' dir='ltr'>ipsis</span> <span class='ocrx_word' id='word_1_298' title='bbox 870 2322 1055 2362; x_wconf 77' lang='lat' dir='ltr'>gestarum</span> <span class='ocrx_word' id='word_1_299' title='bbox 1082 2328 1204 2351; x_wconf 83' lang='lat' dir='ltr'>rerum</span> <span class='ocrx_word' id='word_1_300' title='bbox 1232 2317 1382 2358; x_wconf 84' lang='lat' dir='ltr'>indiciis,</span> <span class='ocrx_word' id='word_1_301' title='bbox 1422 2321 1603 2360; x_wconf 85' lang='lat' dir='ltr'>quatenus</span> <span class='ocrx_word' id='word_1_302' title='bbox 1629 2328 1673 2350; x_wconf 88' lang='lat' dir='ltr'>ea</span> 
     </span>
     <span class='ocr_line' id='line_1_34' title="bbox 170 2376 1671 2419; baseline -0.001 -9"><span class='ocrx_word' id='word_1_303' title='bbox 170 2387 244 2410; x_wconf 91' lang='lat' dir='ltr'>non</span> <span class='ocrx_word' id='word_1_304' title='bbox 270 2377 486 2419; x_wconf 85' lang='lat' dir='ltr'>obscuravit,</span> <span class='ocrx_word' id='word_1_305' title='bbox 513 2378 637 2412; x_wconf 85' lang='lat' dir='ltr'>omnia</span> <span class='ocrx_word' id='word_1_306' title='bbox 663 2377 853 2411; x_wconf 89' lang='lat' dir='ltr'>efficienda</span> <span class='ocrx_word' id='word_1_307' title='bbox 879 2380 973 2411; x_wconf 86' lang='lat' dir='ltr'>sunt.</span> <span class='ocrx_word' id='word_1_308' title='bbox 1012 2376 1134 2410; x_wconf 83' lang='lat' dir='ltr'>Livius</span> <span class='ocrx_word' id='word_1_309' title='bbox 1161 2376 1290 2410; x_wconf 84' lang='lat' dir='ltr'>saltem</span> <span class='ocrx_word' id='word_1_310' title='bbox 1310 2379 1407 2410; x_wconf 89' lang='lat' dir='ltr'>certo</span> <span class='ocrx_word' id='word_1_311' title='bbox 1427 2376 1571 2410; x_wconf 89' lang='lat' dir='ltr'>cuidam</span> <span class='ocrx_word' id='word_1_312' title='bbox 1590 2376 1671 2410; x_wconf 88' lang='lat' dir='ltr'>u&#39;sui</span> 
     </span>
     <span class='ocr_line' id='line_1_35' title="bbox 170 2436 1672 2480; baseline -0.001 -11"><span class='ocrx_word' id='word_1_313' title='bbox 170 2436 365 2470; x_wconf 83' lang='lat' dir='ltr'>verborum</span> <span class='ocrx_word' id='word_1_314' title='bbox 392 2436 505 2480; x_wconf 87' lang='lat' dir='ltr'>magis</span> <span class='ocrx_word' id='word_1_315' title='bbox 531 2440 618 2477; x_wconf 90' lang='lat' dir='ltr'>erat,</span> <span class='ocrx_word' id='word_1_316' title='bbox 646 2440 686 2470; x_wconf 91' lang='lat' dir='ltr'>ut</span> <span class='ocrx_word' id='word_1_317' title='bbox 712 2436 910 2476; x_wconf 85' lang='lat' dir='ltr'>Romanus,</span> <span class='ocrx_word' id='word_1_318' title='bbox 939 2438 1116 2475; x_wconf 82' lang='lat' dir='ltr'>assuetus,</span> <span class='ocrx_word' id='word_1_319' title='bbox 1144 2438 1179 2469; x_wconf 87' lang='lat' dir='ltr'>et</span> <span class='ocrx_word' id='word_1_320' title='bbox 1205 2446 1321 2478; x_wconf 87' lang='lat' dir='ltr'>quum</span> <span class='ocrx_word' id='word_1_321' title='bbox 1347 2438 1501 2478; x_wconf 89' lang='lat' dir='ltr'>uterque</span> <span class='ocrx_word' id='word_1_322' title='bbox 1527 2446 1571 2468; x_wconf 82' lang='lat' dir='ltr'>ex</span> <span class='ocrx_word' id='word_1_323' title='bbox 1597 2445 1672 2468; x_wconf 83' lang='lat' dir='ltr'>suae</span> 
     </span>
     <span class='ocr_line' id='line_1_36' title="bbox 170 2493 1672 2538; baseline -0.002 -9"><span class='ocrx_word' id='word_1_324' title='bbox 170 2495 285 2528; x_wconf 80' lang='lat' dir='ltr'>aetatis</span> <span class='ocrx_word' id='word_1_325' title='bbox 311 2495 518 2529; x_wconf 86' lang='lat' dir='ltr'>notionibus</span> <span class='ocrx_word' id='word_1_326' title='bbox 545 2495 590 2529; x_wconf 91' lang='lat' dir='ltr'>ad</span> <span class='ocrx_word' id='word_1_327' title='bbox 617 2495 872 2538; x_wconf 82' lang='lat' dir='ltr'>antiquitatem</span> <span class='ocrx_word' id='word_1_328' title='bbox 900 2495 1017 2528; x_wconf 85' lang='lat' dir='ltr'>multa</span> <span class='ocrx_word' id='word_1_329' title='bbox 1051 2494 1275 2535; x_wconf 83' lang='lat' dir='ltr'>transferret,</span> <span class='ocrx_word' id='word_1_330' title='bbox 1314 2493 1486 2537; x_wconf 85' lang='lat' dir='ltr'>Dionysio</span> <span class='ocrx_word' id='word_1_331' title='bbox 1519 2493 1672 2527; x_wconf 84' lang='lat' dir='ltr'>accessit</span> 
     </span>
     <span class='ocr_line' id='line_1_37' title="bbox 170 2551 1669 2598; baseline -0.003 -10"><span class='ocrx_word' id='word_1_332' title='bbox 170 2564 265 2587; x_wconf 79' lang='lat' dir='ltr'>nova</span> <span class='ocrx_word' id='word_1_333' title='bbox 289 2554 513 2598; x_wconf 88' lang='lat' dir='ltr'>perturbatio</span> <span class='ocrx_word' id='word_1_334' title='bbox 540 2565 584 2588; x_wconf 83' lang='lat' dir='ltr'>ex</span> <span class='ocrx_word' id='word_1_335' title='bbox 609 2554 816 2588; x_wconf 80' lang='lat' dir='ltr'>Graecarum</span> <span class='ocrx_word' id='word_1_336' title='bbox 843 2564 966 2586; x_wconf 87' lang='lat' dir='ltr'>rerum</span> <span class='ocrx_word' id='word_1_337' title='bbox 994 2552 1210 2596; x_wconf 86' lang='lat' dir='ltr'>imaginibus</span> <span class='ocrx_word' id='word_1_338' title='bbox 1244 2553 1280 2586; x_wconf 91' lang='lat' dir='ltr'>in</span> <span class='ocrx_word' id='word_1_339' title='bbox 1317 2553 1438 2586; x_wconf 87' lang='lat' dir='ltr'>animo</span> <span class='ocrx_word' id='word_1_340' title='bbox 1465 2551 1669 2585; x_wconf 83' lang='lat' dir='ltr'>inhaerenti-</span> 
     </span>
     <span class='ocr_line' id='line_1_38' title="bbox 170 2611 1668 2657; baseline -0.002 -10"><span class='ocrx_word' id='word_1_341' title='bbox 170 2613 247 2654; x_wconf 86' lang='lat' dir='ltr'>bus,</span> <span class='ocrx_word' id='word_1_342' title='bbox 281 2613 325 2647; x_wconf 92' lang='lat' dir='ltr'>ob</span> <span class='ocrx_word' id='word_1_343' title='bbox 352 2624 442 2656; x_wconf 87' lang='lat' dir='ltr'>quas</span> <span class='ocrx_word' id='word_1_344' title='bbox 468 2624 679 2657; x_wconf 86' lang='lat' dir='ltr'>compagem</span> <span class='ocrx_word' id='word_1_345' title='bbox 712 2611 868 2645; x_wconf 84' lang='lat' dir='ltr'>Romani</span> <span class='ocrx_word' id='word_1_346' title='bbox 903 2611 1044 2655; x_wconf 82' lang='lat' dir='ltr'>imperii</span> <span class='ocrx_word' id='word_1_347' title='bbox 1071 2623 1115 2646; x_wconf 84' lang='lat' dir='ltr'>ex</span> <span class='ocrx_word' id='word_1_348' title='bbox 1141 2613 1249 2646; x_wconf 86' lang='lat' dir='ltr'>variis</span> <span class='ocrx_word' id='word_1_349' title='bbox 1276 2611 1448 2646; x_wconf 90' lang='lat' dir='ltr'>membris</span> <span class='ocrx_word' id='word_1_350' title='bbox 1475 2611 1668 2651; x_wconf 85' lang='lat' dir='ltr'>coniuncti,</span> 
     </span>
     <span class='ocr_line' id='line_1_39' title="bbox 171 2670 1668 2715; baseline -0.002 -10"><span class='ocrx_word' id='word_1_351' title='bbox 171 2671 272 2705; x_wconf 86' lang='lat' dir='ltr'>cuius</span> <span class='ocrx_word' id='word_1_352' title='bbox 298 2671 388 2705; x_wconf 89' lang='lat' dir='ltr'>nihil</span> <span class='ocrx_word' id='word_1_353' title='bbox 415 2675 491 2705; x_wconf 85' lang='lat' dir='ltr'>erat</span> <span class='ocrx_word' id='word_1_354' title='bbox 517 2671 553 2705; x_wconf 89' lang='lat' dir='ltr'>in</span> <span class='ocrx_word' id='word_1_355' title='bbox 581 2671 716 2705; x_wconf 74' lang='lat' dir='ltr'>Graeeia</span> <span class='ocrx_word' id='word_1_356' title='bbox 742 2670 869 2711; x_wconf 89' lang='lat' dir='ltr'>simile,</span> <span class='ocrx_word' id='word_1_357' title='bbox 902 2671 1010 2714; x_wconf 86' lang='lat' dir='ltr'>plane</span> <span class='ocrx_word' id='word_1_358' title='bbox 1044 2671 1166 2705; x_wconf 89' lang='lat' dir='ltr'>animo</span> <span class='ocrx_word' id='word_1_359' title='bbox 1199 2671 1390 2715; x_wconf 85' lang='lat' dir='ltr'>complecti</span> <span class='ocrx_word' id='word_1_360' title='bbox 1418 2681 1490 2704; x_wconf 89' lang='lat' dir='ltr'>non</span> <span class='ocrx_word' id='word_1_361' title='bbox 1516 2673 1668 2714; x_wconf 85' lang='lat' dir='ltr'>poterat.</span> 
     </span>
     <span class='ocr_line' id='line_1_40' title="bbox 168 2728 1669 2774; baseline -0.002 -10"><span class='ocrx_word' id='word_1_362' title='bbox 168 2730 295 2774; x_wconf 85' lang='lat' dir='ltr'>Itaque</span> <span class='ocrx_word' id='word_1_363' title='bbox 321 2731 364 2764; x_wconf 91' lang='lat' dir='ltr'>de</span> <span class='ocrx_word' id='word_1_364' title='bbox 397 2730 450 2771; x_wconf 91' lang='lat' dir='ltr'>iis,</span> <span class='ocrx_word' id='word_1_365' title='bbox 489 2730 550 2774; x_wconf 85' lang='lat' dir='ltr'>qui</span> <span class='ocrx_word' id='word_1_366' title='bbox 583 2733 684 2764; x_wconf 84' lang='lat' dir='ltr'>extra</span> <span class='ocrx_word' id='word_1_367' title='bbox 716 2729 831 2772; x_wconf 87' lang='lat' dir='ltr'>ipsam</span> <span class='ocrx_word' id='word_1_368' title='bbox 864 2729 992 2763; x_wconf 85' lang='lat' dir='ltr'>urbem</span> <span class='ocrx_word' id='word_1_369' title='bbox 1025 2734 1138 2771; x_wconf 85' lang='lat' dir='ltr'>erant,</span> <span class='ocrx_word' id='word_1_370' title='bbox 1180 2730 1510 2764; x_wconf 89' lang='lat' dir='ltr'>inconstantissime</span> <span class='ocrx_word' id='word_1_371' title='bbox 1536 2728 1669 2769; x_wconf 88' lang='lat' dir='ltr'>scribit,</span> 
     </span>
     <span class='ocr_line' id='line_1_41' title="bbox 170 2788 1668 2833; baseline 0.001 -10"><span class='ocrx_word' id='word_1_372' title='bbox 170 2792 210 2823; x_wconf 90' lang='lat' dir='ltr'>ut</span> <span class='ocrx_word' id='word_1_373' title='bbox 248 2800 291 2823; x_wconf 83' lang='lat' dir='ltr'>ex</span> <span class='ocrx_word' id='word_1_374' title='bbox 329 2789 452 2823; x_wconf 89' lang='lat' dir='ltr'>multis</span> <span class='ocrx_word' id='word_1_375' title='bbox 490 2789 664 2833; x_wconf 86' lang='lat' dir='ltr'>exemplis</span> <span class='ocrx_word' id='word_1_376' title='bbox 703 2788 840 2833; x_wconf 86' lang='lat' dir='ltr'>patebit</span> <span class='ocrx_word' id='word_1_377' title='bbox 878 2789 935 2822; x_wconf 79' lang='lat' dir='ltr'>vel</span> <span class='ocrx_word' id='word_1_378' title='bbox 973 2789 1009 2822; x_wconf 90' lang='lat' dir='ltr'>in</span> <span class='ocrx_word' id='word_1_379' title='bbox 1047 2789 1115 2822; x_wconf 90' lang='lat' dir='ltr'>hoc</span> <span class='ocrx_word' id='word_1_380' title='bbox 1158 2800 1231 2823; x_wconf 86' lang='lat' dir='ltr'>uno</span> <span class='ocrx_word' id='word_1_381' title='bbox 1275 2800 1406 2833; x_wconf 88' lang='lat' dir='ltr'>genere</span> <span class='ocrx_word' id='word_1_382' title='bbox 1444 2789 1668 2824; x_wconf 88' lang='lat' dir='ltr'>colonorum.</span> 
     </span>
     <span class='ocr_line' id='line_1_42' title="bbox 171 2845 1671 2892; baseline -0.001 -11"><span class='ocrx_word' id='word_1_383' title='bbox 171 2845 303 2889; x_wconf 77' lang='lat' dir='ltr'>[Simili</span> <span class='ocrx_word' id='word_1_384' title='bbox 330 2859 451 2882; x_wconf 86' lang='lat' dir='ltr'>errore</span> <span class='ocrx_word' id='word_1_385' title='bbox 475 2847 652 2882; x_wconf 85' lang='lat' dir='ltr'>Hernicos</span> <span class='ocrx_word' id='word_1_386' title='bbox 679 2848 774 2881; x_wconf 85' lang='lat' dir='ltr'>cives</span> <span class='ocrx_word' id='word_1_387' title='bbox 801 2847 914 2881; x_wconf 81' lang='lat' dir='ltr'>factos</span> <span class='ocrx_word' id='word_1_388' title='bbox 940 2851 1063 2882; x_wconf 88' lang='lat' dir='ltr'>narrat</span> <span class='ocrx_word' id='word_1_389' title='bbox 1090 2860 1111 2882; x_wconf 84' lang='lat' dir='ltr'>a</span> <span class='ocrx_word' id='word_1_390' title='bbox 1128 2848 1187 2892; x_wconf 89' lang='lat' dir='ltr'>Sp.</span> <span class='ocrx_word' id='word_1_391' title='bbox 1208 2848 1329 2882; x_wconf 87' lang='lat' dir='ltr'>Cassio</span> <span class='ocrx_word' id='word_1_392' title='bbox 1355 2848 1504 2882; x_wconf 89' lang='lat' dir='ltr'>tertium</span> <span class='ocrx_word' id='word_1_393' title='bbox 1522 2847 1671 2881; x_wconf 91' lang='lat' dir='ltr'>consule</span> 
     </span>
     <span class='ocr_line' id='line_1_43' title="bbox 169 2903 1671 2951; baseline -0.002 -13"><span class='ocrx_word' id='word_1_394' title='bbox 169 2906 257 2947; x_wconf 87' lang='lat' dir='ltr'>VIII,</span> <span class='ocrx_word' id='word_1_395' title='bbox 285 2906 328 2939; x_wconf 81' lang='lat'>69</span> <span class='ocrx_word' id='word_1_396' title='bbox 356 2905 406 2948; x_wconf 87' lang='lat' dir='ltr'>(et</span> <span class='ocrx_word' id='word_1_397' title='bbox 423 2907 481 2948; x_wconf 89' lang='lat' dir='ltr'>XI,</span> <span class='ocrx_word' id='word_1_398' title='bbox 508 2905 556 2948; x_wconf 81' lang='grc'>2),</span> <span class='ocrx_word' id='word_1_399' title='bbox 583 2910 709 2951; x_wconf 88' lang='lat' dir='ltr'>postea</span> <span class='ocrx_word' id='word_1_400' title='bbox 734 2903 945 2950; x_wconf 79' lang='grc' dir='ltr'><em>συμμάχους</em></span> <span class='ocrx_word' id='word_1_401' title='bbox 962 2907 1121 2951; x_wconf 87' lang='lat' dir='ltr'>appellat</span> <span class='ocrx_word' id='word_1_402' title='bbox 1137 2907 1196 2948; x_wconf 92' lang='lat' dir='ltr'>IX,</span> <span class='ocrx_word' id='word_1_403' title='bbox 1224 2906 1255 2947; x_wconf 84' lang='lat'>5,</span> <span class='ocrx_word' id='word_1_404' title='bbox 1282 2906 1338 2948; x_wconf 84' lang='lat'>35,</span> <span class='ocrx_word' id='word_1_405' title='bbox 1366 2907 1421 2941; x_wconf 79' lang='lat'>67.</span> <span class='ocrx_word' id='word_1_406' title='bbox 1460 2907 1500 2940; x_wconf 91' lang='lat' dir='ltr'>In</span> <span class='ocrx_word' id='word_1_407' title='bbox 1518 2905 1671 2937; x_wconf 72' lang='grc' dir='ltr'>ἰσοπολι-</span> 
     </span>
     <span class='ocr_line' id='line_1_44' title="bbox 171 2963 1505 3009; baseline -0.001 -10"><span class='ocrx_word' id='word_1_408' title='bbox 171 2967 262 3000; x_wconf 71' lang='grc' dir='ltr'><em>τείας</em></span> <span class='ocrx_word' id='word_1_409' title='bbox 295 2965 442 2999; x_wconf 90' lang='lat' dir='ltr'>nomine</span> <span class='ocrx_word' id='word_1_410' title='bbox 469 2966 596 2999; x_wconf 85' lang='lat' dir='ltr'>eadem</span> <span class='ocrx_word' id='word_1_411' title='bbox 624 2969 677 2999; x_wconf 89' lang='lat' dir='ltr'>est</span> <span class='ocrx_word' id='word_1_412' title='bbox 703 2965 865 2999; x_wconf 82' lang='lat' dir='ltr'>confusio</span> <span class='ocrx_word' id='word_1_413' title='bbox 891 2966 988 3009; x_wconf 90' lang='lat' dir='ltr'>apud</span> <span class='ocrx_word' id='word_1_414' title='bbox 1014 2966 1251 3000; x_wconf 87' lang='lat' dir='ltr'>Plutarchum</span> <span class='ocrx_word' id='word_1_415' title='bbox 1277 2966 1406 3000; x_wconf 89' lang='lat' dir='ltr'>Coriol.</span> <span class='ocrx_word' id='word_1_416' title='bbox 1433 2963 1505 3007; x_wconf 87' lang='lat'>30.]</span> 
     </span>
    </p>
   </div>
   <div class='ocr_carea' id='block_1_4' title="bbox 1683 493 1736 518">
    <p class='ocr_par' dir='ltr' id='par_1_5' title="bbox 1683 493 1736 518">
     <span class='ocr_line' id='line_1_45' title="bbox 1683 493 1736 518; baseline 0 0"><span class='ocrx_word' id='word_1_417' title='bbox 1683 493 1736 518; x_wconf 80' lang='lat'>223</span> 
     </span>
    </p>
   </div>
   <div class='ocr_carea' id='block_1_5' title="bbox 1685 775 1736 799">
    <p class='ocr_par' dir='ltr' id='par_1_6' title="bbox 1685 775 1736 799">
     <span class='ocr_line' id='line_1_46' title="bbox 1685 775 1736 799; baseline 0 0"><span class='ocrx_word' id='word_1_418' title='bbox 1685 775 1736 799; x_wconf 77' lang='lat'>224</span> 
     </span>
    </p>
   </div>
  </div>
 </body>
</html>
