1866 3216
490 939 765 998 Praefatio
803 955 977 998 novae
1016 939 1310 999 editionis

230 1133 371 1214 Quod
403 1171 531 1210 antea
563 1169 719 1222 saepius
753 1172 794 1210 et
826 1183 851 1210 a
890 1170 1161 1222 redemptore
1204 1173 1377 1223 rogatus
1419 1173 1459 1211 et
1499 1171 1554 1211 ab
1595 1171 1688 1211 aliis

109 1253 353 1294 admonitus
396 1252 537 1292 facere
580 1265 900 1298 recusaveram,
949 1256 995 1293 ut
1037 1253 1241 1305 opuscula
1286 1253 1545 1303 academica,
1595 1266 1690 1306 quae

108 1337 272 1377 iuvenis
305 1335 490 1387 primum
519 1335 699 1387 sparsim
731 1335 999 1387 scripseram,
1034 1335 1187 1376 deinde
1211 1336 1379 1377 duobus
1402 1335 1690 1376 voluminibus

110 1418 420 1471 comprehensa
464 1416 695 1466 edideram,
745 1417 950 1470 exemplis
997 1419 1196 1459 omnibus
1244 1420 1343 1459 ante
1391 1430 1526 1458 annos
1573 1418 1690 1458 haud

109 1513 268 1553 paucos
312 1499 551 1547 divenditis,
592 1500 746 1540 iterum
789 1499 973 1549 ederem,
1023 1500 1137 1552 quod
1183 1503 1223 1541 et
1265 1501 1306 1541 in
1353 1500 1444 1541 aliis
1487 1501 1689 1553 operibus

111 1581 381 1624 conficiendis
414 1582 581 1622 animus
614 1584 656 1622 et
687 1584 858 1635 tempus
881 1582 1175 1635 occupabatur
1207 1586 1248 1623 et
1269 1583 1531 1624 retractandi
1556 1583 1691 1624 mole-

110 1666 235 1706 stiam
279 1664 509 1717 fugiebam.
551 1663 593 1704 id
635 1677 748 1705 nunc
792 1667 958 1706 mutato
1000 1665 1172 1706 consilio
1213 1678 1435 1718 exsequor.
1498 1665 1608 1706 Nam
1649 1670 1687 1706 et

110 1761 257 1789 eorum
290 1746 501 1787 desiderio
533 1746 729 1787 satisfieri
762 1760 932 1798 aequum
964 1747 1202 1796 Videbatur,
1237 1748 1307 1800 qui
1341 1748 1689 1789 emendationum

109 1834 350 1871 nostrarum
387 1829 780 1879 sententiarumque
822 1828 874 1868 de
912 1829 1040 1869 rebus
1073 1829 1128 1869 ad
1162 1830 1334 1869 Latinas
1366 1829 1530 1871 litteras
1563 1831 1688 1883 perti-

111 1912 311 1953 nentibus
343 1911 530 1951 breviter
562 1924 587 1951 a
619 1924 687 1951 me
718 1910 810 1963 ipso
851 1911 949 1951 alibi
991 1914 1033 1952 et
1071 1912 1113 1952 in
1153 1911 1331 1952 aliorum
1372 1912 1488 1952 libris
1528 1913 1689 1954 indica—

112 1999 251 2035 tarum
286 1996 359 2034 aut
391 1993 722 2046 significatarum
758 2006 909 2034 causas
943 1996 985 2034 et
1017 1995 1202 2034 rationes
1234 1994 1302 2034 hic
1344 1995 1558 2047 expositas
1592 2009 1688 2048 cog-

111 2089 287 2118 noscere
319 2077 536 2128 cuperent,
579 2077 618 2115 et
653 2075 851 2127 quaedam
886 2076 1013 2116 etiam
1047 2088 1159 2116 nunc
1196 2075 1238 2116 in
1271 2076 1336 2116 his
1370 2076 1522 2117 libellis
1557 2078 1689 2119 latere

112 2159 349 2212 cognitione
388 2158 695 2211 philologorum
738 2170 823 2198 non
863 2157 1032 2210 indigna
1076 2158 1281 2210 putabam
1324 2160 1366 2198 et
1404 2159 1556 2211 ipsam,
1605 2173 1689 2212 qua

112 2254 214 2281 usus
257 2253 409 2289 essem,
459 2243 582 2281 caute
625 2240 843 2292 quaerendi
887 2242 927 2280 et
970 2240 1183 2280 iudicandi
1227 2240 1409 2281 formam
1453 2241 1688 2283 iunioribus

112 2324 270 2364 utiliter
313 2322 603 2364 commendari
647 2335 794 2375 posse3
843 2335 1059 2375 quumque
1106 2324 1233 2362 aetate
1280 2322 1600 2374 ingravescente
1648 2327 1689 2365 et

113 2406 244 2446 oculis
285 2403 565 2457 caligantibus
608 2404 797 2445 animum
839 2418 1038 2457 magnam
1081 2406 1245 2457 partem
1293 2417 1317 2444 a
1361 2404 1590 2458 philologia
1634 2407 1689 2447 ad

114 2487 218 2528 alias
250 2486 550 2527 meditationes
585 2489 626 2527 et
659 2487 935 2539 cogitationes
968 2486 1268 2535 traduxissem,
1318 2487 1551 2528 iucundum
1597 2491 1689 2529 erat

113 2569 294 2610 subinde
315 2571 461 2610 vetera
483 2568 624 2610 studia
648 2582 743 2609 cum
767 2569 1011 2610 iuvenilium
1035 2569 1229 2609 laborum
1254 2569 1460 2609 memoria
1479 2572 1685 2622 repetere.

113 2651 391 2693 Retractandi
434 2654 578 2692 autem
621 2665 797 2704 operam
840 2651 951 2692 intra
991 2665 1062 2692 eos
1094 2651 1199 2691 fines
1233 2650 1535 2691 continendam
1569 2651 1688 2691 intel-

113 2733 310 2785 ligebam,
343 2735 389 2774 ut
421 2747 506 2774 non
538 2735 660 2786 quasi
693 2734 745 2774 de
777 2734 940 2786 integro
973 2733 1135 2774 eaedem
1168 2745 1235 2773 res
1262 2732 1604 2785 quaestionesque
1639 2746 1687 2773 ea

114 2816 182 2856 via
221 2828 271 2855 ac
308 2816 473 2857 ratione
520 2816 845 2869 explicarentur,
894 2829 988 2869 quae
1036 2815 1215 2856 fortasse
1264 2827 1375 2854 nunc
1426 2815 1689 2856 commodior

115 2898 218 2938 mihi
251 2897 384 2938 videri
417 2900 572 2950 posset,
616 2898 690 2938 sed
730 2900 777 2938 ut
818 2897 928 2938 illius
960 2898 1177 2950 temporis,
1219 2909 1304 2948 quo
1337 2897 1521 2948 primum
1555 2898 1686 2949 scrip-
