1915 3235
830 121 886 162 65

67 252 292 292 nuerintne
325 263 483 303 equum
515 252 558 291 et
588 251 632 290 in
664 250 864 291 centuriis
890 251 1082 303 equitum
1107 252 1420 302 consenuerint,
1454 265 1510 294 an
1535 266 1644 306 equo

65 320 233 361 reddito
265 320 306 361 in
338 320 388 361 iis
422 333 513 361 esse
547 320 762 370 desierint,
795 321 1160 374 quemadmodum
1193 322 1359 375 pedites
1392 336 1505 364 anno
1537 337 1644 376 qua-

66 390 306 443 dragesimo
345 394 466 432 sexto
497 391 540 431 in
573 391 786 432 centurias
819 392 1036 433 seniorum
1067 393 1481 434 transcribebantur.
1542 394 1645 435 Mihi

65 461 302 502 reddidisse
349 461 438 502 veri
484 461 620 502 simile
658 461 827 502 videtur
864 475 996 514 quum
1036 476 1087 503 ex
1132 463 1193 504 rei
1229 465 1385 504 natura
1424 463 1645 516 (inutiliter

65 531 177 572 enim
211 544 345 584 equus
378 532 565 572 aleretur
590 531 707 584 apud
739 545 850 581 eum,
899 532 971 584 qui
1003 533 1216 586 stipendia
1254 546 1341 575 non
1381 533 1554 584 faceret,
1603 538 1645 575 et

64 605 212 643 contra
244 602 373 643 totius
411 602 593 643 instituti
626 602 860 652 consilium,
909 605 1086 655 eratque
1124 603 1266 655 potius
1298 604 1643 645 transferendum

63 672 119 713 ad
150 672 282 713 alium
313 672 357 713 id
388 686 446 713 aes
480 671 708 725 equestre),
755 675 848 714 tum
887 675 1062 726 propter
1099 673 1240 714 locum
1273 673 1323 724 Q.
1356 674 1570 716 Ciceronis
1602 676 1645 716 in

64 746 292 784 comment.
332 743 385 784 de
423 743 544 796 petit.
584 756 698 784 cons.
743 756 777 784 c.
811 744 835 784 8
869 747 989 794 extr„
1038 745 1112 784 ubi
1158 747 1306 796 aperte
1353 744 1396 785 in
1443 746 1644 786 centuriis

63 814 254 865 equitum
287 812 460 867 (quibus
493 813 687 854 ordinem
720 817 964 866 equestrem
996 817 1135 855 totum
1159 827 1238 855 sua
1262 817 1390 856 aetate
1414 828 1501 856 non
1527 829 1643 857 com-

61 884 270 937 prehendi
309 885 413 925 satis
453 883 661 937 declarat)
709 884 1002 925 adolescentes
1039 887 1209 925 tantum
1247 883 1525 938 ponuntur.¹)
1588 886 1645 926 Ut

62 957 207 995 autem
240 954 310 996 illo
341 957 549 1007 tempore,
589 945 757 996 mutata
780 955 866 996 iam
891 955 1091 996 universa
1114 955 1279 996 ratione
1303 955 1478 1007 militiae,
1513 956 1643 997 etiam
1663 971 1695 997 81

62 1025 290 1077 equestris,
344 1027 460 1066 totus
506 1025 576 1066 ille
623 1038 754 1077 equos
801 1025 995 1078 publicos
1042 1025 1288 1078 assignandi
1335 1040 1427 1067 mos
1474 1029 1640 1068 tantum

60 1095 284 1136 vetustatis
318 1108 450 1136 causa
481 1096 760 1144 retinebatur,
801 1096 861 1136 ita
892 1096 1070 1148 antiqua
1102 1109 1272 1148 quoque
1305 1097 1443 1138 forma
1475 1100 1644 1139 retenta

58 1166 239 1207 videtur.
286 1166 505 1219 Augustus
529 1168 676 1206 tamen
707 1166 751 1207 in
781 1166 1095 1207 transvectione
1129 1166 1319 1219 equitum
1351 1170 1447 1220 post
1472 1168 1643 1221 longam

58 1236 423 1289 intercapedinem
454 1239 655 1277 revocata
689 1235 757 1289 (ea
790 1240 855 1278 est
887 1239 1032 1278 autem
1065 1250 1226 1287 eorum,
1268 1238 1339 1289 qui
1372 1251 1531 1290 equum
1562 1252 1642 1291 pu-

58 1306 218 1347 blicum
248 1305 442 1359 habent),
490 1308 601 1347 senio
640 1308 707 1348 vel
749 1307 893 1360 aliqua
926 1308 1114 1360 corporis
1146 1307 1244 1348 labe
1275 1307 1512 1360 insignibus
1544 1322 1642 1361 per-

58 1376 225 1418 misisse
272 1377 433 1429 aliquid
480 1377 633 1418 dicitur
673 1376 866 1430 (Sueton.
900 1377 1048 1419 Octav.
1082 1376 1169 1430 38).
1232 1378 1317 1419 Sed
1358 1379 1483 1419 huius
1521 1379 1642 1420 testi-

57 1447 201 1497 monii,
247 1448 487 1500 praesertim
526 1448 579 1489 de
617 1460 664 1489 re
702 1451 800 1501 post
839 1449 1010 1502 longam
1049 1448 1418 1501 perturbationem
1450 1449 1640 1498 reducta,

55 1517 195 1558 minor
226 1518 289 1559 vis
322 1531 415 1559 esse
447 1519 634 1567 videtum
683 1517 746 1571 [et
777 1521 936 1560 senium
975 1522 1285 1572 praematurum
1325 1519 1368 1560 in
1400 1519 1449 1560 iis
1482 1520 1640 1573 signifi-

57 1590 195 1638 catur,
245 1588 335 1641 qui,
385 1590 419 1631 si
466 1590 544 1631 soli
591 1590 691 1631 anni
739 1593 1088 1639 numerarentur,
1136 1589 1327 1631 nondum
1375 1591 1640 1632 iuventutem

56 1660 216 1711 egressi
248 1662 390 1710 erant;
423 1661 611 1714 alioquin
643 1661 756 1702 enim
788 1675 875 1702 non
907 1661 949 1702 in
980 1674 1067 1702 uno
1100 1663 1141 1702 et
1174 1661 1307 1702 altero
1339 1662 1421 1702 hoc
1452 1662 1641 1703 notabile

55 1729 239 1782 fuisset}
301 1730 459 1781 Unum,
508 1732 623 1784 quod
669 1732 793 1773 video
841 1732 923 1773 dici
969 1745 1111 1785 posse,
1160 1745 1246 1773 non
1293 1732 1503 1781 omittam,
1550 1732 1641 1773 fieri

54 1813 194 1853 posse,
228 1804 275 1842 ut
306 1802 350 1842 id
380 1802 666 1855 plebiscitum,
701 1803 815 1855 quod
847 1803 890 1843 in
922 1803 1162 1855 fragmento
1194 1802 1291 1842 libri
1323 1802 1463 1855 quarti
1496 1802 1548 1843 de
1575 1803 1641 1843 Re

54 1871 233 1913 Publica
265 1873 539 1925 significatur.
573 1873 891 1915 reddendorum
925 1887 1132 1926 equorum
1162 1874 1331 1914 Veniam
1362 1873 1491 1926 paulo
1514 1874 1642 1915 latius

55 1941 232 1992 dederit,
280 1957 366 1985 non
413 1944 551 1985 solum
598 1944 882 1994 senatoribus,
931 1945 1008 1985 sed
1055 1944 1126 1997 qui
1166 1944 1369 1985 confectis
1417 1944 1640 1996 stipendiis

55 2016 209 2063 essent,
250 2014 309 2055 ita
348 2017 396 2055 ut
434 2027 485 2055 ex
518 2014 567 2064 Q.
601 2015 815 2056 Ciceronis
849 2015 940 2056 loco
973 2015 1167 2056 concludi
1198 2028 1283 2055 non
1316 2014 1463 2066 possit,
1512 2017 1640 2056 antea

53 2086 132 2126 hos
164 2098 251 2126 non
287 2086 513 2126 retinuisse
553 2099 699 2138 equos.
762 2086 850 2127 Nec
889 2086 1062 2127 omnino
1102 2085 1234 2126 verba
1273 2086 1354 2126 hoc
1394 2085 1638 2134 excludunt,

55 2155 133 2196 etsi
180 2155 321 2209 Scipio
369 2156 422 2197 de
469 2157 741 2197 senatoribus
789 2156 989 2208 loquitur.
1066 2156 1161 2197 Non
1207 2155 1446 2196 reddidisse
1493 2158 1639 2196 autem

55 2239 199 2279 equos,
248 2227 319 2279 qui
361 2228 584 2280 stipendiis
617 2227 776 2268 exactis
811 2229 954 2268 essent
986 2229 1028 2267 et
1059 2227 1170 2267 ultra
1202 2225 1431 2267 militarem
1465 2229 1639 2267 aetatem

53 2296 255 2348 provecti,
300 2297 352 2338 de
385 2298 682 2351 antiquissimo
714 2300 909 2350 tempore
942 2297 1214 2346 contendent,
1264 2296 1335 2348 qui
1367 2297 1638 2338 hereditariae

54 2366 271 2419 dignitatis
318 2368 457 2409 inesse
505 2369 547 2409 in
594 2370 676 2409 hac
724 2381 768 2409 re
816 2367 977 2420 aliquid
1022 2368 1183 2417 volunt,
1236 2367 1391 2419 quibus
1437 2381 1507 2408 me
1552 2381 1638 2408 non

90 2529 118 2573 ¹)
143 2532 325 2566 Admonet
350 2543 408 2566 me
433 2533 491 2566 hic
516 2533 626 2578 locus,
660 2536 700 2566 ut
726 2543 924 2573 occurram,
958 2531 987 2565 si
1020 2532 1099 2575 quis
1131 2531 1167 2565 in
1200 2535 1275 2565 tota
1301 2532 1368 2564 hac
1395 2530 1637 2574 disputatione

147 2591 347 2634 neglectam
373 2591 542 2625 obiecerit
568 2592 890 2625 commutationem
909 2590 1137 2624 comitiorum
1157 2590 1440 2623 centuriatorum
1459 2589 1637 2623 incertum

148 2661 218 2694 quo
251 2654 414 2694 tempore
445 2651 588 2684 factam.
640 2651 709 2684 Sed
741 2650 879 2693 equites
917 2660 1009 2692 equo
1047 2649 1190 2692 publico
1227 2653 1353 2692 postea
1392 2659 1534 2691 quoque
1572 2658 1638 2681 sua

147 2720 310 2743 seorsum
335 2709 504 2752 suffragia
529 2709 565 2742 in
592 2709 665 2743 suis
692 2708 861 2742 centuriis
887 2708 1022 2748 tulisse,
1061 2711 1191 2741 nostrae
1225 2707 1460 2751 disputationi
1493 2706 1635 2740 sufficit.

147 2768 187 2801 Id
213 2772 335 2801 autem
361 2771 510 2808 constat,
544 2771 621 2801 tum
654 2779 697 2802 ex
729 2767 806 2811 ipso
832 2767 909 2800 loco
936 2767 979 2800 de
1005 2778 1042 2800 re
1068 2766 1212 2809 publica
1237 2764 1434 2809 (antiquior
1460 2769 1514 2799 est
1539 2765 1635 2798 enim

147 2826 208 2860 illa
233 2827 461 2860 comitiorum
487 2825 665 2869 mutatio),
692 2837 805 2870 quum
832 2836 875 2859 ex
900 2826 968 2859 hoc
994 2825 1034 2867 Q.
1061 2824 1256 2861 Ciceronis;
1284 2824 1346 2859 cfr.
1371 2825 1439 2859 Cic.
1465 2836 1528 2868 pro
1546 2825 1634 2858 Mur.

147 2884 202 2926 26,
229 2885 272 2917 54
300 2889 335 2919 et
359 2884 414 2925 35,
444 2885 486 2918 73
513 2889 547 2919 et
573 2885 618 2919 ad
644 2885 741 2918 Fam.
769 2884 827 2925 XI,
855 2883 908 2917 16.
959 2884 1162 2927 Descriptas
1197 2883 1301 2916 aliter
1332 2883 1485 2917 fortasse
1512 2886 1546 2916 et
1572 2893 1635 2915 nu—

148 2948 303 2978 meratas
330 2948 364 2978 et
390 2944 517 2978 ceteris
543 2944 731 2978 adiunctas
758 2943 867 2977 fuisse
893 2943 958 2976 has
984 2943 1173 2983 centurias,
1201 2953 1273 2975 non
1300 2953 1401 2985 nego.

1330 3010 1351 3033 o
