1915 3235
93 1670 144 1696 272

925 114 1010 154 ‘220

169 247 279 300 erat)
312 246 430 288 4000
462 245 647 286 deducta
673 243 817 285 Livius
843 243 990 284 scribit
1023 242 1110 295 (IX,
1145 241 1231 295 28),
1265 243 1424 285 Albam
1449 244 1578 294 6000,
1613 245 1765 286 Soram

168 318 284 360 4000
317 316 385 369 (X,
423 314 477 368 1),
513 315 737 356 Carseolos
769 314 886 355 4000
919 312 987 366 (X,
1022 312 1079 365 3)⁷
1114 314 1270 365 quibus
1303 314 1494 356 numeris
1527 315 1562 356 si
1598 315 1766 356 addun-

167 392 237 430 tur
270 387 441 429 feminae
476 388 517 427 et
556 385 692 426 liberi.
742 385 847 426 satis
887 383 1031 425 valida
1070 384 1230 437 oppida
1270 385 1526 427 efficiuntur.
1600 386 1662 427 Ex
1700 387 1766 428 his

169 460 328 502 colonis
362 456 705 500 constituebatur
738 455 888 496 civitas
922 454 1050 503 socia,
1099 454 1262 496 foedere
1296 456 1364 496 vel
1396 456 1540 509 potius
1578 456 1767 510 formula

168 531 359 579 coloniae‚
394 542 492 581 qua.
528 527 632 580 quid
663 528 906 580 praestaret,
940 525 1243 579 praescriptum
1277 531 1381 576 erat,
1425 540 1524 568 cum
1557 527 1766 569 Romanis

169 602 409 648 coniuncta,
458 598 643 640 nominis
677 597 830 638 Latini.
881 597 1000 638 cuius
1033 599 1181 637 tamen
1212 597 1378 638 nullum
1412 600 1506 639 erat
1539 611 1766 640 commune

170 671 408 719 concilium,
442 683 543 723 pars
569 668 676 722 (Liv.
694 669 862 718 XXVII,
898 668 954 721 9)‚
989 681 1067 709 nec
1092 668 1266 721 publica
1289 668 1538 710 condicione
1563 682 1589 710 a
1610 669 1767 710 veteri-

168 744 249 784 bus
283 742 392 783 Latii
427 740 672 782 civitatibus
705 740 887 792 imperio
920 740 1120 781 Romano
1153 740 1407 792 parentibus
1441 739 1626 781 diversa.
1681 740 1767 781 Ita-

168 827 252 867 que
283 813 513 854 indiscrete
545 811 693 864 populi
718 811 858 852 Latini
882 811 1042 863 ubique
1069 807 1535 862 commelnorantur¹);
1568 823 1660 860 nec,
1693 810 1768 852 ubi

169 884 222 925 de
256 896 405 925 eorum
437 883 567 924 rebus
601 883 754 935 agitur.
795 881 881 922 ulla
915 882 1025 923 ratio
1057 881 1207 923 habita
1239 895 1431 935 unquam
1464 882 1661 933 traditur,
1696 883 1768 936 qui

168 958 338 996 veteres
372 954 581 1003 civitates,
630 953 703 1006 qui
749 951 937 994 colonias
979 954 1190 1002 tenerent,
1239 953 1357 994 velut
1396 954 1439 994 111
1470 953 1534 1002 iis,
1585 967 1682 1006 quae
1714 953 1767 995 de

166 1028 329 1068 Latinis
377 1027 420 1067 111
469 1025 687 1066 civitatem
733 1024 980 1064 Romanam
1035 1021 1188 1064 fraude
1236 1024 1527 1077 irrepentibus
1576 1037 1598 1065 a
1648 1025 1767 1066 Livio

166 1098 357 1146 XXXIX,
392 1097 431 1147 3,
465 1096 571 1138 XLI.
615 1096 668 1135 12
702 1099 743 1135 et
779 1094 831 1135 13
863 1095 1110 1135 narrantur.
1173 1095 1261 1135 Nec
1294 1097 1368 1136 aut
1400 1096 1443 1136 in
1475 1095 1589 1137 bello
1622 1095 1769 1136 sociali

166 1171 239 1210 aut
288 1169 332 1209 in
379 1168 482 1220 legis
530 1167 647 1207 Iuliae
696 1165 906 1206 beneficio
945 1165 1080 1205 ullum
1122 1164 1382 1206 diversitatis
1421 1166 1648 1219 vestigium
1689 1168 1766 1207 est.

166 1240 375 1291 Quocirca
409 1251 539 1292 quum
577 1237 630 1278 de
670 1237 845 1290 proprio
886 1236 1152 1277 coloniarum
1190 1236 1282 1276 iure
1320 1236 1401 1277 1100
1440 1236 1532 1278 1000
1575 1236 1766 1289 dispute-

166 1324 274 1359 mus,
324 1310 428 1351 nihil
476 1309 532 1350 ad
578 1321 656 1349 nos
704 1308 906 1348 universa
955 1307 1008 1347 de
1047 1307 1139 1347 iure
1179 1306 1289 1348 Latii
1331 1308 1512 1360 quaestio
1551 1308 1767 1360 pertinere

166 1382 348 1422 videtur.
414 1380 499 1421 Sed
531 1382 679 1421 tamen
722 1383 767 1419 ut
812 1391 909 1419 eam
950 1377 1095 1431 aliqua
1136 1391 1188 1418 ex
1226 1380 1349 1430 parte
1390 1379 1614 1431 attingam,
1665 1378 1767 1420 facit

166 1453 227 1494 rei
261 1453 516 1494 obscuritas.

284 1522 545 1564 Niebuhrius
594 1535 658 1570 03,
708 1534 804 1573 quae
854 1520 906 1561 de
954 1519 1169 1572 isopolitia
1216 1519 1468 1560 Latinorum
1519 1519 1766 1572 antiquissi-

166 1607 336 1635 morum
370 1606 494 1646 eequo
528 1592 690 1633 foedere
725 1604 822 1632 cum
855 1590 1066 1631 Romanis
1101 1591 1428 1632 coniunctorum
1462 1590 1705 1643 disputarat
1717 1587 1764 1643 2)‚

166 1665 221 1706 ad
253 1666 428 1706 Latinos
463 1677 632 1717 quoque
666 1663 779 1704 bello
812 1663 946 1704 victos
973 1664 1013 1703 et
1039 1662 1094 1702 acl
1119 1661 1307 1703 colonias
1330 1661 1507 1702 Latinas
1532 1661 1764 1703 transtulit.

165 1736 315 1788 Itaque
355 1736 404 1776 iis
444 1740 485 1776 et
529 1734 712 1776 civitatis
754 1734 967 1776 Romanae
1000 1746 1140 1782 usum,
1190 1732 1224 1773 si
1263 1732 1451 1773 Romam
1493 1732 1764 1785 migrassent,

165 1807 328 1857 tribuit,
379 1808 493 1848 certe
536 1806 694 1859 privati
727 1805 883 1846 civium
917 1805 1032 1853 iuris,
1083 1806 1125 1845 et
1157 1803 1421 1844 connubium
1455 1815 1553 1844 011111
1587 1803 1764 1853 civibus,

167 1879 336 1920 etiamsi
367 1878 555 1919 Romam
588 1890 677 1918 non
708 1877 968 1929 migrassent
1001 1874 1130 1927 (Hist.
1163 1874 1291 1916 Rom.
1325 1874 1373 1922 H,
1408 1875 1462 1916 88
1497 1871 1672 1928 sqq.).³)
1718 1875 1766 1916 In

166 1962 250 2002 quo
282 1949 440 1990 mirum
475 1952 552 1998 estq
586 1948 726 1988 virum
759 1951 851 1988 tam
885 1948 1060 1988 acutum
1093 1958 1180 1987 11011
1213 1945 1585 1995 animadvertisse,
1625 1947 1764 1987 totum

165 2019 271 2060 illud
319 2020 371 2060 de
419 2019 675 2072 migratione
725 2017 1037 2059 alienissimum
1086 2029 1180 2057 esse
1228 2030 1254 2058 a
1293 2016 1504 2058 Romanis
1545 2016 1763 2058 institutis.

205 2181 235 2225 ¹)
261 2184 331 2218 Cic.
351 2184 394 2218 de
414 2183 511 2218 Orat.
530 2184 589 2225 ΙΙΙ,
619 2183 678 2217 11;
707 2184 834 2218 Nostri
858 2184 978 2216 minus
1003 2182 1145 2215 student
1170 2182 1298 2215 litteris
1324 2192 1433 2224 quam
1450 2181 1587 2214 Latini.
1627 2180 1764 2214 Deinde

260 2243 445 2277 Valerium
484 2242 665 2277 Soranum
703 2254 747 2277 ex
781 2241 922 2276 colonia
954 2243 1226 2275 commemorat.
1285 2240 1385 2273 Idem
1417 2239 1517 2273 Brut.
1553 2238 1616 2273 46:
1655 2240 1766 2283 Apud

261 2304 416 2336 maiores
453 2307 595 2337 nostros
633 2304 731 2336 video
769 2303 1046 2336 diserti-§simma
1083 2300 1244 2333 habitum
1282 2310 1324 2332 ex
1359 2299 1465 2332 Latio
1500 2299 1543 2332 L.
1571 2299 1762 2342 Papirium

260 2362 525 2404 Freqellanum,
558 2362 608 2395 Ti.
638 2362 802 2404 Gracchi,
839 2362 879 2395 P.
906 2361 961 2403 F„
985 2361 1061 2403 fere
1086 2363 1206 2399 (παῖε,-
1237 2359 1313 2392 eius
1338 2363 1456 2392 autem
1481 2359 1598 2392 oratio
1624 2362 1674 2391 est
1692 2368 1764 2401 pro

262 2421 486 2463 Freyellanis
513 2421 727 2464 coloniisque
753 2421 899 2454 Latinis
924 2420 1047 2453 habita
1072 2420 1111 2452 in
1136 2422 1274 2451 senatu.

205 2476 235 2520 ²)
260 2479 330 2513 Cfr.
357 2490 467 2523 supra
493 2489 526 2522 p.
554 2477 622 2512 ‘236
648 2490 726 2522 sqq.

206 2534 232 2581 ³)
259 2537 376 2572 Minus
402 2537 600 2582 peritorum
627 2549 737 2572 causa
762 2537 915 2572 fortasse
941 2547 1014 2571 non
1040 2535 1216 2570 inutiliter
1249 2534 1461 2575 addiderim,
1497 2537 1542 2575 et,
1577 2533 1638 2578 qui
1670 2544 1764 2568 com-

263 2596 438 2631 mercium
477 2596 554 2630 iure
593 2596 790 2639 Quiritium
827 2607 901 2630 non
939 2595 1106 2633 haberet,
1151 2598 1275 2628 tamen
1313 2596 1349 2627 et
1385 2593 1501 2627 multa
1538 2592 1632 2626 inter
1669 2591 1764 2626 cives

262 2655 445 2699 possidere
482 2654 644 2699 potuisse
682 2658 717 2689 et
755 2655 899 2699 negotia
936 2654 1054 2689 omnis
1092 2653 1233 2698 generis
1259 2663 1341 2686 cum
1380 2651 1423 2685 iis
1461 2651 1686 2692 contrahere,
1724 2654 1764 2685 ut

262 2717 389 2758 postea
413 2713 592 2758 peregrini
618 2713 856 2758 provinciales
882 2713 1075 2754 faciebant,
1114 2715 1160 2752 et,
1198 2711 1293 2746 inter
1325 2722 1415 2755 quos
1442 2710 1665 2745 connubium
1691 2720 1763 2744 non

262 2775 373 2814 esset,
411 2783 538 2807 eorum
576 2772 722 2816 nuptias
759 2775 883 2806 tamen
922 2783 1000 2807 esse
1037 2771 1214 2816 potuisse,
1253 2769 1320 2804 etsi
1357 2769 1435 2804 iure
1472 2780 1546 2804 non
1584 2768 1763 2809 valerent3

264 2843 315 2866 eae
352 2834 476 2866 tamen
514 2830 706 2866 rarissimae
744 2831 946 2865 necessario
985 2833 1088 2865 erant
1132 2840 1205 2864 non
1251 2829 1370 2863 solum
1413 2828 1460 2862 ob
1498 2828 1586 2862 alias
1625 2837 1762 2869 causas,

262 2890 326 2924 sed
352 2891 397 2925 ob
424 2890 511 2925 iuris
544 2889 651 2935 patrii
685 2893 720 2924 et
752 2889 962 2924 hereditatis
994 2893 1029 2923 et
1062 2888 1221 2924 universi
1253 2887 1399 2922 familiae
1431 2889 1547 2922 status
1578 2885 1764 2931 perturba-

263 2948 411 2983 tionem.
