1915 3235
805 103 887 144 331

48 235 130 275 hoc
171 236 281 284 utar,
330 234 405 274 aut
449 233 516 273 cui
557 244 644 273 non
685 232 791 273 reali
833 232 1076 273 contraria?
1139 232 1248 273 Nam
1289 231 1415 272 nimis
1457 231 1642 272 fortasse

49 304 237 345 ferocem
270 307 312 345 et
343 302 578 354 superbum
613 301 790 343 Caelium
823 302 955 343 fuisse
987 304 1132 343 orator
1165 302 1278 351 dicit,
1319 315 1434 351 vera,
1476 302 1640 354 opinor,
1661 313 1713 337 409

49 372 93 412 in
140 385 285 413 rerum
332 374 501 423 natura,
549 385 635 414 non
684 377 805 414 extra
853 385 950 414 eam
996 385 1075 413 nec
1123 372 1393 413 somniando.
1457 371 1642 413 Omnino

48 442 131 483 hoc
161 444 299 484 totum
331 456 411 484 nec
450 444 494 484 in
533 444 666 485 verbo
707 446 773 485 est
810 456 890 484 nec
929 443 986 484 ad
1024 442 1105 484 loci
1144 443 1402 483 sententiam
1442 443 1640 495 pertinet,

49 514 97 553 ut
127 513 198 553 vix
229 527 336 566 opus
377 514 432 555 sit
471 514 643 563 addere,
693 513 1017 567 perversissime
1059 514 1141 554 hoc
1183 515 1273 554 tam
1317 513 1535 554 diversum
1576 513 1641 553 in-

49 583 219 636 terponi
250 584 471 626 vocabulis
505 584 686 625 eandem
721 597 812 626 rem
852 584 1063 625 rhetorice
1105 582 1469 636 amplificantibus
1509 581 1641 636 (oetas,

49 667 127 706 res,
161 652 280 707 dies).
343 655 391 695 In
424 655 619 696 codicum
652 656 864 707 scriptura
904 668 1038 695 unum
1078 653 1307 704 redundat,
1355 654 1507 695 vitiose
1547 654 1642 701 ista,

50 724 166 776 quod
213 724 411 777 equidem
460 726 703 778 putaverim
754 725 998 774 delendum,
1044 725 1275 777 repetitum
1325 737 1376 765 ex
1423 725 1643 777 superiore

48 794 137 834 iam
168 795 251 835 ista
282 795 551 848 deferverint.
615 796 765 849 Itaque
798 796 916 837 locus
948 797 1065 836 recte
1105 808 1130 836 a
1163 795 1208 836 C.
1243 795 1464 848 Stephano
1505 795 1643 836 editus

49 865 231 907 videtur.

167 936 303 978 Paulo
350 939 448 989 post
488 950 522 978 e.
557 937 626 987 352,
676 937 729 978 78
771 950 797 978 a
836 937 959 978 codd.
992 936 1284 977 Bernensibus
1333 938 1375 977 et
1421 936 1522 986 Erf.,
1572 936 1644 988 qui

49 1020 147 1059 pro:
180 1021 308 1062 neque
341 1008 448 1048 enim
472 1013 607 1062 potest
637 1007 821 1049 habent:
862 1021 944 1047 non
984 1007 1091 1047 enim«
1123 1011 1269 1060 potest,
1310 1019 1397 1048 non
1429 1006 1645 1059 discrepat

50 1077 322 1128 Parisiensis,
372 1080 419 1118 ut
463 1077 646 1119 Orellius
694 1080 871 1131 propter
919 1077 1133 1119 collatoris
1182 1077 1399 1118 silentium
1446 1078 1643 1129 putabat,

49 1150 97 1188 ut
142 1149 228 1189 iam
279 1148 347 1189 edi
393 1149 475 1190 hoc
523 1149 694 1190 debeat.
765 1148 947 1190 Gravius
996 1150 1061 1188 est
1106 1149 1189 1188 hoc
1235 1147 1365 1200 paulo
1413 1149 1455 1187 et
1502 1147 1644 1200 aptius

50 1218 198 1271 figurae
230 1212 475 1268 rhetoricae3
523 1220 717 1273 sequitur
758 1219 872 1260 enim
904 1232 987 1259 mm
1010 1223 1156 1272 potest.
1220 1217 1424 1259 Librariis
1458 1217 1646 1258 insolens

50 1289 190 1330 visum
223 1292 300 1330 est.
364 1290 410 1330 In
444 1290 597 1331 eadem
631 1289 857 1338 sententia,
908 1291 954 1329 ut
997 1292 1111 1329 recte
1145 1301 1197 1329 ex
1228 1288 1427 1329 Lambini
1461 1288 1646 1329 editione

51 1359 263 1401 adscitum
296 1360 351 1401 sit
383 1374 466 1401 esse
499 1359 625 1416 (quod
657 1360 708 1401 ab
741 1374 784 1401 6ο
816 1374 904 1400 rem
928 1359 1145 1413 publicam
1180 1359 1372 1399 violatam
1414 1372 1498 1399 6336
1536 1358 1646 1398 diee-

50 1428 142 1483 ret),
185 1431 303 1472 nulla
337 1434 430 1472 erat
463 1445 606 1481 causa,
657 1444 731 1472 cur
764 1430 947 1472 Orellius
980 1430 1147 1470 duceret
1179 1442 1201 1470 e
1235 1429 1476 1470 coniectura
1513 1441 1647 1481 pone-

50 1503 116 1542 ret
154 1515 232 1554 pro
272 1501 438 1551 diceret,
487 1502 658 1552 oblitus,
708 1501 1055 1554 frequentissime
1104 1499 1422 1541 coniunctivum
1471 1500 1648 1540 modum

50 1572 283 1614 verborum
338 1572 507 1614 dicendi
560 1572 783 1625 particulae
839 1572 948 1627 quod
1002 1570 1174 1619 subiici,
1230 1583 1317 1611 non
1370 1573 1418 1611 ut
1471 1583 1649 1611 causam

51 1643 206 1695 agendi
238 1643 280 1683 in
314 1643 495 1684 dicendo
528 1643 662 1684 fuisse
695 1642 969 1696 significetur,
1020 1642 1096 1683 sed
1137 1641 1323 1694 aliquem
1364 1654 1454 1693 prae
1495 1654 1541 1682 se
1580 1643 1649 1681 tu-

50 1713 168 1763 lisse,
216 1713 343 1754 hanc
374 1714 442 1755 vel
484 1714 601 1755 illam
651 1727 828 1755 causam
871 1726 917 1755 se
959 1712 1123 1753 habere
1167 1710 1258 1764 [Gr.
1303 1712 1395 1752 Lat.
1441 1710 1463 1763 ξ
1497 1711 1579 1752 357
1625 1724 1650 1752 3

51 1786 140 1825 not.
174 1784 200 1824 2
241 1784 307 1824 ed.
342 1783 402 1837 3].
474 1785 684 1837 Equidem
732 1797 787 1825 ne
836 1783 988 1825 Latine
1036 1783 1211 1836 quidem
1260 1782 1341 1823 dici
1388 1785 1514 1835 puto:
1562 1795 1647 1822 rem

45 1854 260 1908 publicam
292 1855 491 1896 violatam
525 1869 607 1896 esse
640 1855 755 1905 duco,
798 1868 884 1896 non
923 1857 1100 1907 propter
1134 1868 1228 1903 6336,
1269 1853 1345 1893 sed
1384 1853 1498 1905 quod
1538 1852 1651 1893 hanc

52 1925 197 1967 iudicii
245 1926 297 1967 de
346 1939 392 1967 re
445 1927 666 1979 praeterita
719 1924 1021 1978 interponendi
1074 1923 1430 1977 significationem
1484 1924 1527 1964 in
1581 1922 1651 1964 1110

52 1996 186 2038 verbo
234 1997 375 2038 inesse
422 2010 506 2038 non
557 1996 699 2038 credo.
769 1996 919 2046 Nemo,
970 1995 1135 2047 opinor,
1185 1994 1476 2047 antiquiorum
1525 1993 1650 2034 dixit:

52 2068 146 2108 iure
177 2081 328 2108 caesum
362 2067 597 2108 Gracchum
632 2067 748 2107 duco.
799 2065 905 2119 [Cfr.
931 2068 1081 2107 tamen
1114 2064 1200 2106 Cic.
1226 2077 1304 2117 pro
1337 2064 1474 2105 Deiot.
1501 2064 1539 2113 5,
1578 2063 1650 2104 13:

52 2140 114 2180 vel
139 2138 280 2193 officio
315 2171 323 2179 .
360 2172 368 2180 .
404 2171 413 2179 .
447 2139 508 2179 vel
533 2139 703 2179 errori.
740 2171 747 2178 .
785 2137 1081 2190 ..satisfactum
1117 2149 1200 2176 6336
1232 2135 1366 2184 duxit,
1399 2134 1556 2176 Parad.
1582 2134 1651 2183 28,

54 2210 154 2252 Ter.
188 2210 348 2251 Heaut.
381 2209 448 2259 IV,
484 2209 522 2258 7,
565 2209 590 2249 8
624 2207 758 2261 (836),
800 2208 889 2248 Liv.
922 2206 1112 2256 XXXIV,
1153 2207 1192 2255 2,
1233 2206 1272 2256 3,
1315 2205 1540 2255 XXXVIII,
1581 2204 1651 2255 43,

57 2282 93 2331 1,
128 2294 235 2334 quos
267 2281 383 2322 locos
417 2279 648 2333 Siesbyeus
682 2277 940 2330 annotavit]

171 2351 320 2392 Finem
366 2350 745 2403 disputatiunculae
788 2350 981 2401 imponet
1031 2347 1178 2389 mendi
1226 2360 1314 2389 non
1363 2346 1655 2388 animadversi

56 2424 98 2463 et
128 2424 277 2463 tamen
310 2423 351 2462 et
373 2434 449 2474 per
472 2433 517 2461 se
542 2422 585 2461 et
607 2420 803 2461 codicum
826 2420 1083 2461 testimoniis
1107 2418 1448 2460 manifestissimi
1472 2417 1652 2458 notatio.

54 2492 167 2533 Nam
199 2493 346 2533 statim
378 2493 476 2544 post
507 2491 592 2540 illa,
642 2490 695 2531 de
736 2491 892 2544 quibus
933 2490 1032 2539 dixi,
1081 2489 1216 2531 Verba
1247 2489 1422 2542 legitur:
1471 2501 1554 2528 mm
1579 2500 1654 2540 po-

55 2567 142 2615 test,
191 2563 262 2617 qui
305 2562 464 2603 ambitu
506 2576 556 2603 ne
599 2562 831 2603 absolutum
871 2561 1035 2616 qzcc‘dem
1070 2561 1240 2614 patitur
1282 2572 1365 2600 6336
1409 2557 1654 2609 absolutum,

56 2633 143 2687 ipse
174 2634 342 2686 impune
372 2647 557 2688 unquam
592 2647 674 2674 esse
707 2633 899 2687 {amiton
941 2645 1037 2684 quae
1077 2630 1290 2684 scriptura
1323 2630 1358 2670 si
1391 2641 1495 2669 vera
1528 2632 1653 2677 esset,

56 2703 100 2744 in
131 2704 329 2744 membro
361 2704 625 2756 praecedenti
657 2703 932 2744 scribendum
967 2704 1099 2743 esset:
1133 2715 1215 2742 non
1238 2705 1385 2755 potest,
1420 2700 1491 2752 qua·
1523 2721 1579 2726 —
1611 2699 1655 2738 in
1676 2715 1727 2739 410

58 2774 262 2815 iudicium
296 2776 467 2827 vocavit,
515 2776 602 2828 ipse
640 2788 723 2814 6336
762 2774 807 2813 in
838 2787 884 2813 re
908 2772 1082 2826 publica
1114 2773 1216 2813 civis
1248 2770 1521 2818 turbulentus,
1570 2782 1657 2810 non

59 2847 237 2895 vocarit;
276 2846 394 2887 nulla
435 2847 549 2886 enim
582 2845 698 2886 modi
732 2843 887 2885 variati
920 2856 1052 2884 causa
1086 2842 1317 2894 excogitari
1350 2842 1506 2893 potest.
1571 2839 1657 2880 Sed
