1915 3235
182 378 233 403 327

172 2432 222 2456 328

1006 98 1091 140 662

253 225 364 267 vobis
394 227 530 281 mayis
562 229 655 278 cet.,
698 227 884 281 reliquos
925 230 967 270 et
1005 241 1051 270 se
1084 241 1255 282 quoque
1288 229 1440 270 eodem
1472 230 1840 283 comprehendens

252 293 469 350 ffenerest)

369 367 464 409 Non
506 370 610 421 puto
652 369 812 422 peritos
855 372 914 419 et,
964 369 1078 422 quod
1121 381 1340 411 summum
1385 372 1467 419 est,
1517 370 1621 412 recti
1664 376 1705 413 et
1747 371 1841 413 sani

251 438 395 480 iudicii
427 439 623 481 homines
655 439 780 492 plura
813 440 1013 494 exempla
1044 440 1171 481 huius
1204 441 1371 494 generis
1404 441 1684 494 requisituros
1709 442 1841 495 grati—

251 523 409 563 amque
443 523 515 551 eos
547 511 652 551 mihi
685 510 874 553 facturos
914 525 1040 565 spero
1080 511 1431 553 emendationum
1473 512 1562 553 sive
1602 512 1840 554 alienarum

250 581 339 623 sive
386 594 596 631 mearum,
646 594 743 634 quae
790 582 890 624 olim
939 596 964 623 a
1012 595 1080 623 me
1129 582 1354 635 explicata-:-
1397 582 1685 637 stabilitaeque
1726 586 1839 634 sunt,

250 654 400 694 contra
445 652 691 694 huiusmodi
739 653 933 694 codicum
981 654 1203 706 scripturae
1246 653 1517 695 defensiones
1565 655 1839 696 tuendarum.

248 723 472 765 Nonnullis
517 724 660 773 etiam,
709 737 816 776 quas
859 726 988 765 antea
1030 725 1073 765 in
1115 725 1308 778 margine
1350 738 1594 778 posueram,
1642 738 1756 766 nunc
1797 725 1840 766 in

249 796 449 836 contexta
481 793 673 836 oratione
706 795 847 836 locum
880 795 992 845 dedi,
1033 809 1167 848 quum
1198 796 1439 848 praesertim
1471 796 1742 837 incommode
1775 796 1840 837 di-

248 865 400 918 scipuli
433 865 489 906 ad
530 866 769 919 marginem
810 866 1075 919 ablegentur,
1125 868 1172 907 ut
1213 867 1272 907 ibi
1314 867 1517 917 habeant,
1569 867 1685 920 quod
1725 869 1841 908 recte

248 937 482 990 intelligere
530 937 708 989 possint.
778 937 932 978 Paucis
985 937 1247 990 quibusdam
1296 937 1398 979 locis
1445 938 1488 979 in
1534 938 1616 980 hac
1664 938 1839 980 demum

248 1008 434 1050 editione
477 1009 683 1049 correctio
732 1008 989 1049 coniecturae
1037 1021 1118 1061 ope
1167 1008 1363 1050 adhibita
1411 1010 1487 1059 est,
1537 1022 1722 1062 quorum
1768 1010 1840 1062 qui

246 1079 411 1133 primus
444 1081 520 1128 est,
554 1092 632 1131 pro
665 1079 793 1120 Rosc.
826 1079 924 1120 Am.
958 1078 980 1132 ξ
1017 1080 1083 1129 11,
1125 1080 1215 1120 eius
1255 1079 1347 1132 ipse
1380 1080 1727 1122 emendationem
1760 1080 1839 1121 du-

245 1149 363 1191 biam
396 1149 529 1190 videri
561 1150 749 1202 intelligo
783 1152 823 1191 et
856 1152 1003 1191 tamen
1036 1151 1090 1192 ob
1125 1163 1235 1201 eam,
1269 1164 1400 1204 quam
1432 1151 1561 1192 modo
1595 1151 1693 1201 dixi,
1736 1164 1839 1192 cau-

245 1233 338 1263 sam
377 1220 420 1261 in
466 1221 560 1273 ipsa
607 1221 800 1262 oratione
848 1222 985 1274 posui.
1049 1222 1159 1262 Nam
1208 1222 1286 1262 etsi
1334 1221 1548 1263 sententia
1594 1224 1713 1263 recta
1761 1226 1837 1271 est,

245 1291 527 1345 quaestionem
560 1291 755 1332 homines
788 1305 963 1344 sperare
996 1305 1047 1333 ea
1087 1293 1316 1334 severitate
1356 1292 1590 1334 exercitum
1629 1292 1692 1343 iri,
1741 1305 1838 1345 quae

245 1362 373 1416 digna
406 1362 459 1403 sit
491 1362 726 1411 maleficiis,
774 1365 922 1404 tamen
963 1366 1005 1404 et
1044 1364 1333 1417 superlativus
1368 1363 1552 1405 fortasse
1584 1376 1670 1404 non
1703 1364 1837 1416 aptis-

244 1434 376 1475 simus
409 1433 452 1474 in
483 1433 559 1474 tali
591 1433 805 1474 sententia
845 1434 980 1475 videri
1022 1436 1165 1487 potest
1205 1437 1246 1475 et
1288 1434 1490 1483 dubitari,
1540 1434 1611 1486 qui
1650 1434 1838 1487 potuerit

243 1507 333 1546 tam
365 1506 516 1545 notum
548 1504 808 1545 vocabulum
841 1504 902 1545 sic
935 1502 1224 1558 deprava1²i.‘²)
1287 1505 1455 1547 Certius
1495 1507 1560 1546 est
1605 1507 1647 1546 et
1686 1518 1836 1546 neces-

243 1576 418 1624 sarium,
468 1575 583 1627 quod
621 1576 664 1616 in
704 1575 896 1616 eiusdem
930 1576 1135 1617 orationis
1170 1574 1193 1628 §
1227 1576 1282 1617 38
1315 1588 1553 1628 pronomen
1586 1580 1623 1616 te
1656 1578 1756 1617 ante
1792 1576 1835 1616 G.

244 1646 376 1688 Eruci
406 1646 572 1687 sustuli.
634 1646 784 1699 Neque
818 1646 931 1686 enim
964 1647 1112 1688 Cicero
1152 1659 1204 1687 ex
1244 1647 1409 1695 Erucio,
1460 1647 1578 1687 cuius
1620 1648 1836 1688 accusatio

242 1718 329 1759 iam
360 1719 536 1770 peracta
569 1718 647 1766 est,
690 1716 856 1769 quaerit,
898 1717 1115 1769 quomodo
1148 1716 1268 1757 illum
1301 1716 1443 1769 ipsum
1477 1730 1681 1758 accusare
1713 1731 1836 1771 opor-

242 1791 343 1838 teat,
393 1788 469 1829 sed
500 1787 713 1837 universe,
762 1787 918 1840 quibus
961 1787 1225 1840 argumentis
1257 1787 1385 1829 huius
1417 1788 1586 1841 generis
1619 1783 1835 1829 accusatio

242 1860 319 1900 niti
352 1859 522 1908 debeat,
572 1859 759 1900 ostendit
806 1861 848 1899 et
887 1859 1028 1911 ipsum
1069 1858 1271 1899 Erucium
1305 1858 1497 1899 confiteri
1529 1859 1835 1912 interrogando

243 1931 373 1983 cogit;
421 1929 576 1970 deinde
618 1930 770 1970 horum
814 1929 918 1970 nihil
963 1929 1018 1970 ab
1062 1928 1215 1970 Erucio
1258 1930 1300 1969 in
1339 1929 1420 1970 hac
1453 1942 1586 1970 causa
1618 1930 1834 1982 prolatum

243 2014 337 2043 esse
369 2000 482 2041 dicit.
537 2000 599 2041 De
633 2000 785 2041 Erucio
817 1999 911 2052 ipso
945 2000 1006 2041 sic
1039 1999 1268 2041 dicendum
1304 2003 1414 2040 erat:
1457 2013 1594 2041 censes
1625 2001 1688 2041 uti
1718 2014 1834 2054 opor-

242 2071 394 2113 tuisse?
441 2070 587 2112 Nonne
626 2075 661 2111 et
705 2070 931 2111 audaciam
965 2072 1065 2123 eius,
1113 2071 1185 2126 qui
1221 2071 1270 2110 iu
1307 2071 1464 2110 crimen
1504 2075 1722 2112 vocaretur
1754 2072 1833 2112 cet.

243 2143 328 2184 Sed
360 2142 533 2183 omnino
565 2146 656 2182 tuni
689 2141 782 2182 haec
815 2155 913 2182 cum
947 2141 1100 2183 Erucio
1138 2142 1260 2194 quasi
1293 2141 1545 2182 deliberatio
1577 2142 1723 2194 inepta
1756 2144 1832 2182 est.

241 2213 403 2253 Vellem
444 2214 487 2254 in
526 2212 679 2253 eadem
719 2212 912 2254 oratione
952 2211 974 2264 ξ
1010 2212 1092 2253 149
1132 2212 1414 2265 scripsissem,
1464 2212 1579 2264 quod
1622 2212 1835 2254 sententia

242 2284 451 2336 postulat:
499 2283 585 2324 lzoec
618 2288 712 2324 acta
744 2297 810 2324 res
841 2288 910 2333 est,
951 2288 996 2323 ut
1026 2284 1061 2323 iz·
1092 2282 1187 2336 (pro
1220 2282 1300 2336 uti)
1332 2283 1487 2324 nobiles
1520 2283 1835 2324 restituerentur

241 2355 288 2395 iu
328 2355 546 2404 civitatem,
594 2355 666 2408 qui
707 2354 780 2394 hoc
820 2353 1010 2407 facerent
1052 2356 1131 2395 cet.
1195 2354 1241 2394 In
1291 2354 1591 2407 antiquissima
1639 2353 1832 2395 codicum

242 2425 452 2478 scriptura
500 2426 591 2466 haec
638 2424 742 2465 nihil
790 2424 1070 2473 differebant;
1119 2424 1265 2478 itaque
1305 2425 1359 2465 IV
1400 2425 1444 2466 in
1488 2424 1611 2466 Catil.
1646 2423 1668 2476 g
1713 2425 1740 2465 5
1790 2424 1833 2464 in

242 2494 386 2536 Orellii
429 2495 645 2537 codicibus
688 2508 765 2548 pro
808 2500 852 2536 ut
893 2495 939 2547 ii,
988 2496 1059 2550 qui
1101 2495 1302 2537 scribitur
1347 2496 1408 2536 uti
1450 2496 1533 2550 qui.
1597 2494 1660 2548 (In
1692 2493 1715 2547 ἓ
1750 2494 1831 2536 106

280 2691 308 2736 ¹)
334 2693 490 2727 Klotzius
516 2693 565 2727 sic
591 2693 747 2738 scripsit:
787 2706 845 2737 au,
882 2699 922 2728 ut
950 2696 989 2737 fit
1022 2696 1060 2728 in
1092 2696 1255 2728 civilibus
1287 2696 1394 2735 bellis,
1433 2706 1493 2728 nec
1519 2695 1557 2728 in
1584 2695 1681 2728 vobis
1705 2696 1830 2738 magyz's,

337 2764 445 2796 quam
470 2754 508 2785 iu
532 2753 698 2796 reliquis:
729 2764 847 2786 omues
878 2755 971 2787 enim
1001 2755 1164 2787 vincendi
1187 2755 1307 2788 studio
1333 2754 1563 2787 tenebamur?
1597 2752 1668 2787 Nec
1694 2752 1831 2794 dubito,

338 2810 425 2854 quin
451 2811 544 2844 hanc
569 2810 888 2855 interrogationem
915 2812 1098 2846 declarare
1123 2812 1246 2856 possit,
1274 2823 1339 2846 suo
1366 2812 1513 2856 quidem
1541 2822 1651 2846 more.

283 2867 310 2911 ²)
339 2868 593 2912 [Conferantur
611 2869 655 2904 de
674 2870 847 2911 hocloco,
875 2881 956 2914 quae
974 2881 1017 2904 ex
1043 2870 1254 2914 praefatione
1281 2872 1336 2905 ed„
1362 2870 1383 2904 3
1409 2871 1476 2905 sub
1501 2869 1615 2905 finem
1639 2869 1747 2904 huius
1772 2880 1830 2903 vo-

338 2928 485 2962 luminis
512 2931 680 2972 excerpta
705 2927 913 2972 ponentur]

1908 2778 1915 2795 Ι

1884 3034 1915 3235 Q*
1892 2807 1915 3024 x-‹zss-Tss‘t-w-v-b-
1912 2762 1915 2766 .
1907 2698 1910 2702 -
1906 2662 1910 2672 —
