1915 3235
974 114 1001 154 2

156 265 171 289 ει
192 249 300 290 tueri
332 261 458 301 posse
491 246 659 286 videtur
691 244 758 285 vel
790 244 963 285 aliunde
996 246 1220 296 sumptum
1252 239 1579 296 argumentum
1613 245 1782 297 deinde,

191 321 225 362 si
280 319 373 372 quis
436 329 662 358 munerum
735 315 1056 356 offerendorum
1117 301 1442 356 similitudinem
1496 315 1684 368 aliquam
1740 316 1784 358 in

189 391 270 432 hoc
319 402 438 430 more
491 388 630 428 inesse
683 387 863 436 iudicat,
923 385 1124 427 Voluntas
1178 385 1350 438 quidem
1406 390 1541 437 certe,
1597 400 1693 439 quae
1739 387 1784 428 in

189 473 368 502 munere
401 459 588 500 maxime
620 457 809 511 spectari
842 456 969 507 solet,
1004 460 1199 509 apparet,
1233 456 1281 506 si,
1316 469 1449 509 quum
1481 457 1708 510 splendida
1741 460 1784 500 et

191 531 246 572 ad
271 534 529 584 praesentem
555 528 749 570 laetitiam
775 527 1001 580 aptissima
1025 540 1112 568 non
1143 514 1373 580 possimus,
1408 541 1458 569 ea
1489 531 1637 570 tamen
1669 542 1783 582 prae—

189 602 362 650 bemus,
404 614 499 653 quae
545 599 763 640 nobismet
807 598 910 651 ipsis
950 600 1074 651 grata
1116 611 1167 639 ac
1198 598 1386 640 iucunda
1418 602 1531 640 sunt.
1593 599 1783 641 Accendi

190 675 335 713 autem
381 672 436 712 ad
474 670 750 723 gaudendum
791 669 923 711 animi
965 668 1213 710 huiusmodi
1251 669 1419 722 scriptis
1457 683 1563 711 num
1601 670 1782 723 possint,

189 744 346 791 nescio;
379 754 486 794 opus
520 740 695 793 quidem
728 740 873 781 hercle
905 740 986 781 hoc
1019 742 1216 792 tempore
1248 753 1336 781 non
1369 742 1446 781 est.
1509 741 1660 793 Itaque
1693 741 1781 782 sive

188 814 281 854 haec
314 826 415 853 vera
447 814 566 861 sunt,
608 811 773 851 facilius
816 824 903 852 non
945 811 1283 864 improbabitur,
1328 811 1417 852 sive
1450 811 1559 852 falsa
1591 812 1781 864 quadam

188 884 388 937 opinione
419 883 475 933 id,
510 882 625 935 quod
658 882 828 922 efficere
861 895 947 923 non
979 895 1223 934 possumus,
1257 895 1344 923 non
1376 882 1551 924 omnino
1584 895 1784 924 necessa-

187 956 299 996 rium
332 967 425 995 esse
457 953 580 994 nobis
613 953 926 1006 persuasimus,
961 946 1296 1003 condonabitur,
1337 953 1465 1005 quod,
1499 966 1633 1005 quum
1665 953 1785 1006 gravi

188 1027 361 1079 collegae
393 1024 739 1078 praestantissimi
773 1037 877 1064 casu
910 1024 965 1064 ad
997 1037 1075 1065 nos
1108 1026 1266 1076 praeter
1301 1023 1667 1076 exspectationem
1698 1024 1781 1065 hoc

187 1111 345 1139 munus
389 1097 581 1137 delatum
621 1100 754 1145 esset,
797 1097 842 1136 ut
880 1095 990 1136 festo
1032 1095 1281 1145 conventui,
1321 1095 1363 1135 in
1396 1108 1481 1147 quo
1513 1108 1591 1147 pro
1623 1094 1784 1147 nuptiis

187 1166 540 1221 auspicatissimis
581 1165 914 1207 celsissimorum
956 1165 1199 1218 principum
1239 1165 1463 1206 academia
1502 1168 1650 1207 nostra
1683 1167 1783 1207 vota

187 1239 358 1293 publice
401 1240 655 1290 susceptura
698 1239 831 1286 esset,
875 1237 1224 1290 proluderemus,
1268 1236 1311 1277 in
1353 1236 1534 1277 summis
1575 1236 1782 1289 temporis

188 1310 395 1364 angustiis
418 1312 593 1350 tenuem
615 1321 694 1349 nec
718 1311 878 1358 tamen,
913 1310 961 1348 ut
984 1308 1227 1360 opinamur,
1262 1312 1508 1350 nostrarum
1542 1307 1782 1348 litterarum

188 1381 389 1423 studiosis
422 1380 617 1421 inutilem
648 1392 741 1429 nec,
777 1379 812 1419 si
855 1378 1126 1431 grammatici
1158 1392 1319 1420 nomen
1350 1392 1437 1419 non
1468 1378 1781 1431 pertimuerint,

187 1452 466 1493 iniucundam
498 1450 726 1491 materiam
756 1449 1005 1502 delegimus.
1064 1449 1207 1499 Quum
1239 1450 1350 1490 enim
1380 1449 1490 1490 inter
1523 1462 1574 1490 ea
1595 1449 1783 1500 inventa,

188 1523 344 1576 quibus
366 1525 514 1564 nostro
536 1526 731 1573 tempore
765 1521 953 1573 antiquae
987 1521 1141 1561 litterae
1175 1523 1314 1561 auctae
1342 1525 1454 1569 sunt,
1488 1533 1623 1561 unum
1646 1521 1783 1573 quod-

189 1594 289 1635 dam
333 1592 656 1646 deprehendere
699 1591 804 1632 mihi
844 1592 959 1632 visus
1000 1592 1082 1632 sim
1121 1605 1146 1632 a
1187 1592 1338 1632 ceteris
1378 1592 1505 1633 valde
1543 1592 1782 1633 abhorrens

189 1668 231 1706 et
269 1664 506 1718 perspicuis
539 1663 702 1704 fraudis
743 1665 843 1704 ante
877 1662 1041 1714 aliquot
1073 1663 1232 1703 saecula
1266 1663 1507 1704 commissae
1539 1663 1651 1704 notis
1683 1663 1779 1704 inu-

188 1738 323 1783 stum,
368 1735 496 1787 idque
540 1735 682 1787 specie
724 1734 819 1787 ipsa
858 1747 1062 1787 parvum,
1115 1734 1191 1774 sed
1230 1737 1397 1787 tamen,
1444 1734 1524 1775 nisi
1563 1735 1691 1787 quale
1729 1734 1784 1775 sit

189 1807 444 1855 declaretur,
472 1805 704 1858 aliquando
729 1805 971 1846 nociturum
1000 1805 1066 1854 sit,
1094 1818 1192 1846 eum
1220 1818 1408 1846 errorem
1427 1805 1575 1846 tollere
1594 1805 1779 1847 decrevi.

189 1878 274 1919 Sed
299 1877 503 1930 quoniam
527 1878 608 1918 hoc
634 1877 857 1917 inventum
882 1876 1111 1928 ipsumque
1141 1876 1409 1928 opusculum,
1437 1876 1489 1916 de
1515 1890 1599 1929 quo
1617 1878 1781 1929 agetur,

188 1949 380 1990 nondum
431 1948 668 1989 admodum
714 1947 980 1988 celebratum
1027 1949 1110 1997 est,
1161 1947 1349 1988 breviter
1391 1949 1521 1988 antea
1561 1947 1780 1988 narranda

190 2034 320 2062 causa
352 2020 536 2060 videtur.

309 2091 451 2142 Quum
481 2093 710 2140 constaret,
744 2090 787 2130 in
812 2089 1082 2130 bibliothecis
1109 2089 1369 2141 quibusdam
1392 2089 1575 2142 Apuleii,
1609 2089 1781 2130 obscuri

189 2162 395 2212 hominis,
438 2161 613 2202 Latinos
651 2161 704 2201 de
737 2160 1045 2213 orthographia
1077 2160 1242 2201 libellos
1276 2157 1496 2212 servari1),
1536 2160 1779 2213 complures

154 2258 169 2281 3
191 2247 362 2286 quoque
386 2246 437 2274 ex
461 2232 618 2273 Caecilii
642 2232 869 2273 Minutiani
894 2231 1063 2284 Apuleii
1090 2231 1142 2272 de
1167 2231 1475 2283 orthographia
1498 2244 1628 2284 opere
1651 2231 1780 2281 locos,

190 2304 440 2346 eruditionis
481 2317 569 2345 non
609 2303 797 2355 vulgaris
840 2302 1087 2355 opinionem
1130 2301 1378 2351 excitantes,
1423 2304 1523 2343 ante
1564 2303 1658 2343 haec
1699 2302 1781 2343 tria

189 2375 348 2416 saecula
373 2374 527 2415 Caelius
554 2374 823 2426 Rhodiginus
856 2373 898 2414 in
929 2373 1206 2425 antiquarum
1231 2373 1461 2414 lectionum
1484 2373 1617 2423 libris,
1646 2386 1781 2413 unum

189 2446 376 2486 Achilles
410 2445 572 2486 Statius
613 2445 668 2485 ad
702 2444 919 2485 Catullum
951 2443 1191 2489 laudasset,
1232 2444 1458 2485 nonnullos
1491 2443 1561 2484 alii
1594 2457 1619 2484 a
1652 2443 1781 2484 Caelio

190 2522 386 2569 sumptos
411 2516 454 2556 in
479 2529 555 2557 sua
581 2516 741 2568 scripta
766 2511 1140 2566 transtulissent2),
1169 2514 1358 2566 Angelus
1382 2514 1531 2564 Maius,
1560 2513 1781 2554 Vaticanae

190 2588 463 2629 bibliothecae
495 2587 739 2640 praefectus,
780 2586 833 2626 de
873 2599 923 2626 ea
964 2599 1009 2626 re
1043 2585 1284 2637 diligentius
1317 2598 1509 2637 quaerere
1543 2597 1781 2637 aggressus,

230 2774 257 2819 ¹)
284 2776 361 2810 Vid
388 2776 491 2809 Fabr.
518 2775 595 2808 Bib.
622 2775 698 2808 Lat.
727 2775 780 2808 ed.
808 2774 889 2807 ΕΓΗ.
917 2774 965 2807 ΙΙΙ
994 2786 1026 2817 p.
1054 2773 1109 2807 41.

229 2833 258 2876 ²)
285 2835 472 2879 Gyraldus
505 2834 667 2869 Ursinus
700 2833 917 2876 Eiythraeus,
954 2833 992 2866 L.
1020 2833 1160 2873 Carrio;
1194 2832 1264 2866 vid.
1291 2833 1444 2876 piaetssatt
1470 2832 1550 2866 Maii
1584 2835 1619 2865 et
1645 2831 1781 2866 Osanni

287 2905 371 2927 mox
410 2892 754 2928 commemolandae,
794 2896 829 2925 et
867 2892 910 2925 de
950 2892 1063 2926 Statio
1103 2892 1235 2926 Osann.
1269 2902 1302 2935 p.
1337 2891 1390 2925 68.
1446 2891 1497 2925 De
1531 2891 1578 2925 Io.
1611 2890 1781 2924 Tortellio

288 2953 427 2986 dicetur
452 2956 587 2995 postea.
