1915 3235
932 159 1017 199 592

174 289 432 344 particulam
471 288 793 330 adiunctionem
834 301 949 329 nunc
986 288 1122 329 habet
1159 289 1363 331 Varronis
1397 290 1515 331 locus
1549 291 1601 331 de
1634 291 1688 332 R.
1720 291 1774 333 R.

173 361 203 411 I,
239 361 277 410 7,
310 361 351 410 9,
385 373 471 413 quo
503 372 591 401 non
623 361 740 400 recte
773 359 932 411 scripto
965 359 1182 400 Manutius
1215 360 1434 411 utebatur,
1476 374 1608 414 quum
1642 361 1775 403 inter-

173 433 407 484 poneretur
450 435 486 471 et
528 432 629 471 ante
673 429 795 484 quod.
858 429 906 470 In
949 430 1085 470 altero
1126 430 1330 472 Varronis
1374 444 1426 472 ex
1459 431 1613 473 eodem
1646 446 1775 485 opere

173 502 266 544 1000
290 502 338 551 ΙΙ,
377 501 443 551 1Ο,
477 502 502 542 6
537 499 630 554 (ubi
664 500 824 541 editur:
870 501 988 552 Quod
1028 501 1085 541 ad
1114 500 1303 553 feturam
1335 501 1567 542 humanam
1592 503 1777 556 pertinet

165 577 401 627 pastorum,
448 573 519 627 qni
549 573 591 613 in
625 571 762 625 fundo
787 576 989 625 perpetuo
1021 577 1203 624 manent,
1234 571 1365 625 facile
1398 578 1466 625 est,
1510 573 1618 627 quod
1649 573 1774 614 habe-

175 649 248 685 ant
285 657 525 685 conservam
566 644 612 683 in
650 641 769 695 ima)
817 643 911 696 ipsa
960 643 1176 684 sententia
1221 643 1413 695 requirit,
1463 646 1511 684 ut
1559 644 1773 685 scribatur

102 728 153 754 237
174 712 362 770 quom&
410 727 552 767 neque
596 714 709 754 enim
756 713 881 754 facile
923 727 1018 754 esse
1061 713 1229 763 dicitur,
1277 716 1476 766 pastores
1522 728 1774 756 conversam

173 787 350 836 habere,
400 786 477 827 sed
515 785 651 826 facilis
695 785 864 825 foeturae
905 785 1028 835 ratio,
1079 784 1195 837 quod
1233 785 1439 826 habeant.
1504 787 1537 827 E
1569 786 1688 827 libris
1722 787 1775 828 de

174 858 220 899 L.
254 858 300 898 L.
333 857 377 898 in
416 857 492 898 tali
539 870 585 897 re
624 858 802 909 propter
842 855 1038 897 codicum
1087 855 1443 908 depravationem
1491 857 1664 898 difficile
1712 860 1777 899 est

174 929 423 970 testimonia
455 930 532 969 aut
563 940 735 968 sumere
776 929 851 967 aut
890 928 1065 978 sumpta
1103 926 1312 967 refellere.
1383 927 1588 969 Indicabo
1629 931 1779 970 tamen

174 999 233 1041 ibi
265 999 361 1040 libr.
394 999 433 1040 X
465 1013 506 1052 p.
547 999 631 1039 170
663 998 756 1050 Bip.
791 996 850 1049 [X
882 996 904 1049 ἓ
937 997 994 1038 43
1026 996 1191 1050 Muell.]
1232 997 1300 1038 edi
1332 1011 1447 1039 nunc
1481 1012 1504 1039 e
1537 999 1776 1040 codicibus:

174 1071 246 1112 secl
288 1070 445 1123 dicant,
494 1070 602 1125 qnod
645 1069 696 1110 ab
739 1068 946 1109 similibus
988 1082 1285 1123 notmmzqucmn
1334 1070 1517 1110 rationes
1549 1070 1671 1111 habet
1702 1071 1778 1110 im-

167 1143 354 1196 plicatas
396 1141 525 1191 duas,
575 1141 792 1182 sententia
842 1139 1017 1192 quidem
1059 1152 1200 1191 neque
1244 1140 1288 1180 in
1331 1141 1474 1182 verbis
1520 1141 1593 1182 sed
1635 1141 1779 1182 dicunt

175 1215 290 1254 recte
340 1226 438 1254 cum
487 1211 783 1265 superioribus
838 1210 1110 1262 coniungitur
1162 1224 1303 1263 neque
1352 1211 1597 1252 subiectum
1643 1212 1779 1253 ullum

175 1284 322 1333 habet,
370 1286 417 1324 ut
460 1283 513 1324 de
556 1282 714 1323 mendo
758 1281 876 1322 nulla
919 1281 975 1322 sit
1017 1281 1245 1322 dubitatio.
1316 1283 1364 1322 In
1403 1283 1597 1323 eiusdem
1637 1283 1780 1336 operis

175 1355 284 1396 libro
316 1355 409 1395 VIII
441 1368 483 1407 p.
510 1354 592 1395 123
627 1352 739 1405 [VIII
771 1351 871 1404 §78
895 1352 1059 1405 Muell.]
1093 1352 1153 1393 sic
1186 1352 1464 1394 scribendum
1497 1356 1624 1406 puto:
1662 1354 1780 1405 Quod

177 1426 234 1467 acl
269 1425 558 1467 vocabulorum
590 1425 715 1465 huius
744 1425 909 1478 [senet-is
942 1424 1129 1478 exempla
1159 1424 1350 1477 pertinet,
1384 1424 1517 1464 multa
1548 1429 1644 1465 sam}
1683 1425 1780 1465 reli-

177 1511 273 1552 qua,
321 1497 393 1538 secl
433 1510 494 1549 ea,
543 1510 634 1550 quw
667 1495 793 1547 (licta,
844 1495 901 1535 acl
935 1494 1210 1535 iudicandum,
1242 1495 1346 1535 satis
1378 1500 1473 1535 sunt
1515 1494 1644 1550 [quod
1675 1510 1780 1536 cmc(-

177 1568 310 1622 onias
341 1569 385 1608 2772
419 1568 635 1608 collectione
671 1566 886 1607 verborum
919 1566 1034 1620 sequi
1066 1579 1148 1606 'non
1181 1565 1406 1618 debemus]
1466 1566 1781 1620 Maynitudinis

182 1638 377 1680 voeabula
412 1640 491 1679 cet.
554 1638 704 1690 Neque
738 1636 851 1678 enim
886 1637 1050 1686 dubito,
1085 1636 1188 1689 quin
1222 1649 1285 1686 ea,
1320 1650 1418 1689 quae
1450 1638 1611 1688 notavi,
1646 1637 1781 1679 Verba

180 1710 319 1751 aliena
353 1723 487 1750 manu
521 1709 670 1749 addita
703 1708 788 1749 sint
819 1708 875 1748 ad
910 1707 1169 1760 explendam
1203 1708 1443 1748 orationem
1477 1709 1581 1749 satis
1614 1709 1782 1762 perspi-

180 1778 366 1833 cuamf')
430 1781 561 1833 Apud
592 1779 827 1821 Phaedrum
861 1778 1047 1831 denique
1079 1778 1126 1828 V,
1162 1779 1201 1829 2,
1239 1779 1291 1819 13
1331 1776 1458 1832 (Scio,
1499 1779 1607 1834 quod
1638 1780 1784 1820 virtuti

219 1933 247 1977 ζ)
275 1933 397 1979 [Apud
429 1934 586 1968 Keilium
619 1932 788 1966 scribitur
826 1931 903 1965 sine
942 1930 1117 1965 varietate
1156 1933 1250 1975 quod
1281 1932 1409 1965 habent
1441 1931 1577 1965 causali
1610 1931 1785 1975 significa-

274 1992 398 2036 tione]
1229 2018 1239 2024 .

217 2051 245 2096 ²)
272 2051 436 2096 [Rectius
475 2053 596 2086 locum
637 2051 828 2085 emendavi
862 2051 953 2084 Adv.
988 2049 1072 2084 Crit.
1099 2050 1131 2083 II
1163 2061 1196 2094 p.
1225 2047 1320 2092 174]
1380 2049 1472 2083 Cum
1511 2049 1784 2093 corruptissimo

275 2112 446 2146 Varronis
473 2122 582 2155 opere
610 2111 880 2154 coniunguntur
906 2108 1143 2143 similitudine
1169 2108 1279 2142 huius
1314 2108 1535 2142 condicionis
1567 2109 1611 2142 Μ.
1639 2108 1785 2142 Senecae

277 2171 606 2205 controversiarum
633 2170 725 2210 libri,
765 2181 784 2203 e
818 2179 974 2213 quorum
1007 2167 1176 2209 secundo,
1216 2171 1377 2201 controv.
1405 2166 1449 2200 13
1463 2165 1526 2210 (5),
1565 2167 1643 2201 haec
1675 2167 1785 2201 verba

275 2229 324 2274 (p.
354 2229 421 2263 182
447 2229 540 2274 Rip.)
568 2229 733 2263 Vorstius
759 2228 915 2272 profert:
951 2231 1114 2270 apparet,
1149 2228 1243 2270 quod
1269 2238 1339 2261 non
1365 2228 1534 2270 oportuit,
1560 2228 1594 2260 si
1617 2237 1660 2260 ne
1685 2227 1785 2260 licuit

276 2291 428 2333 quidem.
469 2289 590 2332 Quum
618 2288 652 2322 id
680 2288 717 2321 in
742 2287 918 2322 iudicium
939 2286 1073 2327 veniat,
1099 2289 1224 2320 utrum
1250 2286 1318 2319 hoc
1345 2296 1418 2319 uno
1444 2285 1523 2320 loco
1549 2286 1586 2319 in
1613 2285 1785 2319 facillima

277 2347 450 2381 orationis
477 2348 596 2382 forma
628 2351 663 2382 et
690 2347 919 2391 apertissima
946 2346 1083 2380 Seneca
1118 2350 1270 2388 apparet
1303 2346 1397 2388 quod
1427 2345 1589 2388 posuerit
1621 2355 1667 2378 an
1701 2354 1785 2378 eum

277 2417 360 2440 cum
386 2406 486 2441 mille
520 2407 598 2440 aliis
632 2406 766 2440 misera
797 2406 916 2450 operis
948 2405 1095 2439 fortuna
1129 2403 1391 2448 depravaverit,
1431 2403 1582 2438 dubium
1615 2414 1688 2437 non
1721 2405 1785 2443 est,

278 2468 402 2499 utrum
435 2477 642 2509 sequamur.
701 2463 819 2507 [Nunc
844 2464 887 2501 Π,
921 2463 953 2505 ὗ,
988 2463 1032 2496 17
1059 2463 1184 2497 Kiessl.
1218 2466 1315 2497 recte
1349 2462 1483 2496 editur:
1523 2473 1629 2506 quam
1664 2463 1786 2505 «ntique

279 2536 346 2559 non
375 2522 600 2568 oportuerit]
639 2524 680 2558 In
707 2524 787 2557 libr.
814 2523 828 2556 I
856 2526 968 2557 contr.
996 2522 1017 2555 2
1044 2534 1078 2566 p.
1105 2522 1150 2555 89
1176 2522 1254 2566 Bip.
1282 2520 1495 2565 (novissime,
1523 2523 1617 2565 quod
1641 2532 1714 2555 non
1738 2522 1785 2554 sit

271 2582 438 2626 pudica),
478 2594 549 2627 quo
580 2583 659 2617 loco
692 2583 790 2616 idem
815 2581 980 2615 Vorstius
1014 2581 1139 2622 utitur,
1178 2580 1369 2625 perspicua
1395 2584 1448 2614 est
1475 2580 1629 2614 causalis
1655 2579 1786 2624 signifi—

279 2642 383 2683 catio,
419 2640 471 2685 [et
503 2642 622 2676 editur
648 2652 745 2676 nunc
777 2643 874 2685 quia,
913 2640 934 2683 ἓ
961 2640 1005 2673 16
1037 2638 1191 2683 Kiessl.].
1242 2640 1280 2674 L.
1308 2640 1454 2674 Senecae
1486 2639 1586 2673 locus
1618 2639 1655 2672 in
1682 2638 1784 2682 epist.

280 2700 347 2734 108
373 2700 394 2743 ξ
421 2700 464 2733 14
492 2712 513 2734 a
538 2701 663 2734 multis
690 2700 795 2734 annis
828 2700 961 2734 rectius
993 2700 1148 2744 scriptus
1182 2698 1404 2743 optimorum
1437 2698 1602 2732 codicum
1635 2697 1786 2731 auctori-

280 2763 354 2794 tate
381 2760 509 2794 editur.
561 2757 711 2802 [Quaest.
737 2759 817 2793 Nat.
845 2760 902 2803 VI,
930 2759 984 2800 18,
1019 2760 1040 2792 6
1066 2757 1385 2802 interpolationem
1411 2757 1529 2801 arguit
1554 2756 1632 2791 cod.
1657 2755 1786 2790 Bamb.

281 2823 316 2853 et
342 2818 483 2853 notavit
509 2816 692 2860 Haasius]
743 2817 862 2852 Ovidii
888 2818 999 2857 locus,
1034 2817 1095 2861 qui
1123 2820 1177 2851 est
1202 2817 1239 2850 in
1264 2816 1371 2850 Trist.
1398 2816 1438 2857 V,
1466 2816 1498 2856 6,
1524 2814 1581 2856 27,
1614 2814 1786 2859 quemad-

281 2878 431 2911 modum
471 2888 489 2911 e
528 2876 711 2910 codicibus
750 2876 936 2910 emendari
974 2876 1134 2919 deberet,
1173 2875 1246 2910 dixi
1278 2875 1323 2909 ad
1357 2874 1427 2909 Cic.
1461 2874 1505 2908 de
1537 2874 1613 2908 Fin.
1640 2873 1670 2907 V
1695 2872 1716 2916 ἓ
1741 2871 1787 2906 32

280 2948 314 2980 p.
343 2936 409 2969 671
437 2935 486 2980 (p.
514 2934 582 2969 662
609 2935 664 2969 ed.
691 2933 739 2977 3.]
791 2935 831 2968 In
859 2935 995 2979 Virgilii
1021 2935 1098 2969 AEn.
1125 2935 1174 2968 IX
1199 2945 1231 2968 v.
1259 2933 1327 2967 289
1361 2932 1448 2978 (quo
1484 2933 1563 2967 1000
1590 2932 1702 2966 miror
1727 2942 1787 2966 ne-

281 2995 417 3029 minem
451 3005 560 3029 usum
593 2993 687 3035 esse)
724 2995 819 3037 quod
853 2993 990 3028 causali
1024 2992 1284 3037 significatione
1317 2992 1472 3027 refertur
1503 2992 1549 3026 ad
1582 2990 1785 3035 superiora;
