1915 3235
789 122 842 162 19

24 258 267 312 vetustisque
298 254 509 309 lapidibus
530 253 817 294 Romanorum
848 249 1063 291 invenisse
1095 244 1301 299 scribit1),
1336 261 1420 300 quo
1453 260 1608 300 genere

24 327 256 370 testimonii
289 339 341 367 ex
371 323 719 376 inscriptionibus
751 321 946 374 lapidum
979 320 1096 361 ducti
1127 318 1330 372 philologi
1353 318 1441 358 iam
1464 317 1613 370 quinto

26 399 191 440 decimo
231 396 387 438 saeculo
426 395 673 443 utebantur,
721 406 809 434 non
846 394 1014 432 veteres
1053 386 1383 443 grammatici.²)
1446 388 1532 430 Sed
1571 388 1614 429 in

25 483 71 511 re
103 470 253 521 aperta
284 466 383 507 nolo
415 466 566 517 longus
600 476 708 505 esse.
762 463 821 504 Ut
853 462 966 503 enim
1000 461 1261 514 complectar
1293 460 1451 511 omnia,
1484 460 1615 501 homo
1635 476 1669 501 24

26 553 112 581 non
158 538 354 579 indoctus
401 534 550 589 (talem
597 534 710 575 enim
748 533 843 586 ipsa
881 532 1044 574 fraudis
1089 531 1199 573 ratio
1245 529 1386 583 arguit
1432 529 1615 582 lectique

27 623 131 652 sane
172 607 309 650 Graeci
351 604 522 660 poetae),
571 618 704 657 quum
751 604 841 645 sive
889 603 1020 644 animi
1068 615 1200 644 causa
1247 600 1366 654 (nam
1414 600 1614 653 quaedam

29 678 238 722 eiusmodi
281 680 404 724 sunt,
452 676 569 717 Velut
614 675 720 715 illud
766 674 819 715 de
857 674 1054 723 Phaone,
1102 676 1151 714 ut
1194 671 1348 713 lusisse
1387 668 1615 723 videatur),

27 752 116 794 sive
149 761 405 803 quacunque
437 747 522 788 alia
553 746 606 787 de
639 758 772 786 causa
803 758 973 797 magnae
1006 743 1210 786 doctrinae
1243 745 1298 792 et,
1340 741 1456 794 quod
1486 754 1613 782 rena-

28 821 246 864 scentibus
277 818 428 860 litteris
460 817 504 858 in
534 816 658 858 Italia
690 817 892 869 frequens
924 829 1058 869 genus
1091 813 1293 855 vanitatis
1328 815 1433 863 erat,
1474 811 1617 864 cogni-

27 892 153 935 tionis
202 903 351 934 eorum
398 889 676 941 scriptorum,
736 887 808 940 qui
861 887 988 940 vulgo
1035 886 1335 939 ignorarentur
1383 888 1424 924 et
1471 882 1619 924 amissi

28 964 296 1016 putarentur,
345 960 532 1013 speciem
581 959 662 1001 sibi
709 958 888 999 induere
934 957 1153 1006 voluisset,
1201 956 1245 996 id
1290 955 1349 996 ita
1396 954 1508 1004 fecit,
1557 959 1617 1004 ut,

30 1035 201 1085 arrepto
233 1032 326 1073 1000
359 1031 412 1071 de
451 1029 770 1083 orthographia,
816 1028 1075 1081 scriptorum
1113 1027 1408 1078 librorumque
1447 1025 1622 1066 nomina

31 1103 287 1152 corraderet,
335 1102 473 1142 multa
519 1101 711 1154 fingeret,
760 1112 863 1140 vera
912 1098 1031 1140 falsis
1078 1098 1298 1147 misceret,
1347 1097 1474 1137 nimis
1519 1109 1623 1137 sane

31 1176 180 1226 aperte
212 1175 255 1213 et
284 1172 477 1222 incaute3
516 1174 559 1213 et
591 1184 724 1224 quum
757 1170 959 1223 quaedam
992 1168 1321 1221 orthographica
1357 1181 1409 1208 ex
1442 1167 1623 1208 exilibus

30 1244 124 1294 illis,
159 1243 235 1285 sed
266 1256 353 1284 non
384 1242 667 1283 mendacibus
699 1241 869 1294 Apuleii
910 1240 1062 1281 libellis
1101 1234 1415 1292 sumpsisset3),
1464 1250 1624 1278 nomen

31 1327 201 1368 quoque
234 1313 316 1354 sibi
348 1313 463 1354 idem
488 1313 608 1364 fecit,
644 1313 720 1353 sed
752 1312 945 1353 ornatius
980 1314 1021 1352 et
1053 1309 1291 1358 sonantius,
1327 1309 1371 1349 L.
1405 1307 1622 1349 Caecilium

31 1385 317 1427 Minutianum
349 1384 578 1437 Apuleium
612 1396 658 1424 se
691 1383 929 1436 appellans.
978 1382 1055 1423 Est
1086 1384 1233 1423 autem
1267 1383 1358 1421 tota
1389 1380 1482 1419 haec
1508 1378 1626 1418 fraus

32 1469 120 1498 non
151 1455 207 1496 ab
239 1455 310 1496 illo
342 1458 536 1507 tempore
569 1454 723 1495 aliena.
787 1453 882 1504 Qua
923 1453 1037 1494 enim
1077 1454 1205 1493 aetate
1244 1451 1398 1491 litterae
1429 1449 1473 1490 in
1504 1448 1627 1490 Italia

33 1528 77 1568 in
107 1527 248 1568 lucem
269 1525 490 1578 vitamque
511 1528 725 1567 revocatae
749 1527 861 1573 sunt,
898 1522 992 1576 quis
1014 1522 1163 1572 nescit,
1199 1524 1241 1562 et
1265 1534 1431 1562 errores
1452 1520 1624 1569 multos,

35 1598 150 1651 quod
180 1597 273 1638 fieri
303 1609 480 1637 necesse
513 1600 619 1646 erat,
652 1595 916 1649 provenisse,
952 1597 1006 1644 et,
1040 1594 1084 1634 in
1115 1606 1286 1634 summo
1319 1591 1462 1632 studio
1494 1604 1628 1632 novo-

34 1682 131 1710 rum
177 1669 469 1717 inventorum,
523 1667 683 1708 multos
739 1667 898 1708 abusos
954 1679 1049 1706 esse
1104 1663 1329 1706 hominum
1377 1662 1630 1703 credulitate

36 1752 201 1792 suaque
256 1740 501 1780 commenta
555 1751 633 1790 pro
689 1742 883 1778 veterum
940 1735 1142 1789 operibus
1198 1733 1454 1787 protulisse?
1525 1732 1629 1782 Quis

35 1811 215 1863 ignorat,
249 1809 387 1863 poetis
420 1809 582 1850 Latinis
616 1809 810 1850 subiecta
843 1807 1048 1856 carmina,
1083 1805 1277 1848 Ciceroni
1310 1809 1351 1845 et
1380 1804 1472 1845 aliis
1498 1803 1629 1845 libros

36 1896 177 1935 prosae
210 1881 414 1923 orationis
448 1881 765 1933 ineptissimos?
807 1879 887 1920 sub
921 1878 1118 1919 Messalae
1151 1875 1321 1917 Corvini
1362 1875 1631 1926 aliorumque

37 1952 283 1994 nominibus
307 1952 443 1993 editos
468 1965 560 1992 esse
584 1952 636 1992 de
658 1951 837 1992 historia
860 1950 992 1991 libros
1014 1943 1403 2000 nugacissimos‘?4)
1436 1945 1630 1997 Denique

39 2023 144 2064 vixit
189 2023 260 2064 illa
308 2026 435 2064 aetate
483 2023 650 2063 Annius
696 2021 978 2062 Viterbiensis
1027 2019 1100 2071 (ab
1148 2032 1187 2059 a.
1232 2017 1343 2058 1432
1390 2017 1446 2058 ad
1487 2016 1630 2069 1502).

39 2094 182 2146 Atque
213 2093 257 2134 in
288 2094 368 2135 hoc
401 2094 544 2146 ipsum
576 2096 747 2146 tempus
788 2091 937 2133 incidit
968 2093 1123 2132 horum
1155 2089 1497 2141 fragmentorum
1531 2101 1632 2130 con-

39 2165 167 2206 fictio.
229 2165 341 2205 Nam
389 2168 431 2206 et
477 2165 671 2206 doctrina
718 2163 807 2204 fere
854 2162 991 2203 maior
1039 2175 1170 2214 quam
1209 2175 1286 2214 pro
1326 2160 1468 2213 priore
1511 2163 1635 2213 parte

79 2304 108 2347 ι)
134 2306 172 2340 Ρ.
199 2305 220 2339 8
246 2305 266 2348 ξ
293 2306 347 2340 17.

81 2362 108 2407 ²)
132 2365 234 2399 Nunc
258 2365 295 2399 id
321 2376 465 2409 quoque
491 2364 712 2408 intelligitur,
742 2364 924 2407 quomodo
951 2373 1115 2407 personae
1141 2365 1317 2405 susceptae
1351 2361 1484 2395 oblitus
1506 2361 1637 2395 Planu-

139 2424 222 2458 dem
249 2423 513 2459 memoraverit.
564 2424 629 2457 Vel
656 2423 776 2467 potius
802 2434 875 2456 non
902 2423 1016 2456 voluit
1041 2426 1118 2455 tam
1150 2421 1323 2465 antiquus
1355 2420 1480 2461 videri,
1516 2431 1637 2464 quam,

139 2483 386 2527 cuiuscunque
412 2483 527 2517 aetatis
553 2486 659 2523 esset,
686 2482 765 2516 illos
792 2486 867 2515 tani
894 2482 1027 2516 multos
1053 2485 1202 2524 tamque
1223 2491 1323 2514 raros
1343 2480 1453 2514 libros
1473 2483 1639 2513 veterum

141 2542 357 2586 scriptorum
384 2542 565 2576 habuisse.

86 2597 112 2642 3)
138 2600 298 2644 Apparet
323 2612 431 2643 nunc,
464 2602 570 2645 quale
604 2601 649 2635 sit
675 2600 774 2641 illud,
809 2599 906 2643 quod
932 2599 1099 2633 Osannus
1125 2599 1224 2643 praef.
1251 2611 1285 2643 p.
1312 2599 1376 2632 XX
1402 2597 1637 2632 memorabile

142 2663 255 2703 putat.
305 2660 395 2694 Nam
428 2660 525 2704 apud
558 2659 753 2703 Apuleium
787 2659 831 2692 de
864 2662 937 2692 not.
966 2658 1072 2702 aspir.
1099 2670 1132 2702 p.
1161 2658 1228 2691 109
1261 2658 1435 2701 scriptum
1471 2659 1541 2691 est:
1581 2658 1640 2690 Ita

143 2721 235 2752 enim
265 2720 447 2762 effiqiatur
479 2724 562 2753 nota
589 2719 836 2761 aspircctiom's.
887 2718 927 2750 In
954 2717 1165 2761 fragmentis
1191 2729 1224 2761 p.
1253 2716 1295 2749 11
1323 2716 1344 2759 ξ
1370 2716 1415 2750 50
1441 2717 1485 2750 de
1511 2716 1639 2750 eadem

144 2789 181 2811 re
204 2779 363 2820 formare?
387 2777 526 2811 dicitur.
579 2776 720 2811 Scilicet
746 2776 1003 2820 grammaticus
1030 2787 1103 2810 suae
1129 2776 1244 2810 aetatis
1270 2787 1371 2810 more
1397 2776 1542 2809 locutus
1569 2778 1640 2814 est;

145 2836 245 2877 alter,
272 2836 373 2870 cuius
399 2840 564 2880 tempore
591 2836 790 2879 elegantius
817 2836 1071 2879 loquebantur,
1097 2835 1294 2869 barbarum
1321 2835 1540 2869 vocabulum
1566 2845 1638 2867 non

146 2895 237 2928 tulit.

88 2949 117 2995 4)
144 2953 213 2987 Cfr.
239 2953 400 2987 Niebuhr
424 2954 515 2988 Hist.
543 2953 648 2988 Rom.
675 2954 689 2986 I
716 2964 748 2997 p.
776 2952 821 2986 88
847 2957 920 2988 not.
949 2954 1003 2987 ed.
1031 2952 1063 2987 2.

1320 3009 1362 3044 2*

1654 2040 1687 2064 25
