<?xml version="1.0" encoding="UTF-8"?>
<!DOCTYPE html PUBLIC "-//W3C//DTD XHTML 1.0 Transitional//EN"
    "http://www.w3.org/TR/xhtml1/DTD/xhtml1-transitional.dtd">
<html xmlns="http://www.w3.org/1999/xhtml" xml:lang="en" lang="en">
 <head>
  <title>
</title>
<meta http-equiv="Content-Type" content="text/html;charset=utf-8" />
  <meta name='ocr-system' content='tesseract 3.04.00' />
  <meta name='ocr-capabilities' content='ocr_page ocr_carea ocr_par ocr_line ocrx_word'/>
</head>
<body>
  <div class='ocr_page' id='page_1' title='image "./ionicolaimadvigi00madvuoft_0112.png"; bbox 0 0 1915 3235; ppageno 0'>
   <div class='ocr_carea' id='block_1_1' title="bbox 104 1449 154 1474">
    <p class='ocr_par' dir='ltr' id='par_1_1' title="bbox 104 1449 154 1474">
     <span class='ocr_line' id='line_1_1' title="bbox 104 1449 154 1474; baseline -0.02 0"><span class='ocrx_word' id='word_1_1' title='bbox 104 1449 154 1474; x_wconf 87' lang='lat'>111</span> 
     </span>
    </p>
   </div>
   <div class='ocr_carea' id='block_1_2' title="bbox 100 2799 152 2824">
    <p class='ocr_par' dir='ltr' id='par_1_2' title="bbox 100 2799 152 2824">
     <span class='ocr_line' id='line_1_2' title="bbox 100 2799 152 2824; baseline 0.019 -1"><span class='ocrx_word' id='word_1_2' title='bbox 100 2799 152 2824; x_wconf 76' lang='lat'>112</span> 
     </span>
    </p>
   </div>
   <div class='ocr_carea' id='block_1_3' title="bbox 945 1003 1001 1063">
    <p class='ocr_par' dir='ltr' id='par_1_3' title="bbox 945 1003 1001 1063">
     <span class='ocr_line' id='line_1_3' title="bbox 945 1003 1001 1063; baseline 0.036 -2"><span class='ocrx_word' id='word_1_3' title='bbox 945 1003 1001 1063; x_wconf 88' lang='lat' dir='ltr'>V.</span> 
     </span>
    </p>
   </div>
   <div class='ocr_carea' id='block_1_4' title="bbox 181 1116 1770 1289">
    <p class='ocr_par' dir='ltr' id='par_1_4' title="bbox 181 1116 1770 1289">
     <span class='ocr_line' id='line_1_4' title="bbox 181 1116 1770 1178; baseline 0 -1"><span class='ocrx_word' id='word_1_4' title='bbox 181 1117 459 1178; x_wconf 81' lang='lat' dir='ltr'>Praefatio</span> <span class='ocrx_word' id='word_1_5' title='bbox 505 1117 756 1176; x_wconf 79' lang='lat' dir='ltr'>editioni</span> <span class='ocrx_word' id='word_1_6' title='bbox 801 1116 1153 1176; x_wconf 79' lang='lat' dir='ltr'>orationum</span> <span class='ocrx_word' id='word_1_7' title='bbox 1198 1116 1571 1177; x_wconf 78' lang='lat' dir='ltr'>selectarum</span> <span class='ocrx_word' id='word_1_8' title='bbox 1616 1116 1770 1177; x_wconf 81' lang='lat' dir='ltr'>Cice-</span> 
     </span>
     <span class='ocr_line' id='line_1_5' title="bbox 256 1209 1692 1289; baseline 0 -18"><span class='ocrx_word' id='word_1_9' title='bbox 256 1211 425 1271; x_wconf 86' lang='lat' dir='ltr'>ronis</span> <span class='ocrx_word' id='word_1_10' title='bbox 464 1210 719 1271; x_wconf 82' lang='lat' dir='ltr'>Hauniae</span> <span class='ocrx_word' id='word_1_11' title='bbox 757 1228 808 1270; x_wconf 86' lang='lat' dir='ltr'>a.</span> <span class='ocrx_word' id='word_1_12' title='bbox 849 1209 990 1270; x_wconf 83' lang='lat'>1830</span> <span class='ocrx_word' id='word_1_13' title='bbox 1029 1211 1305 1289; x_wconf 79' lang='lat' dir='ltr'>vulgatae</span> <span class='ocrx_word' id='word_1_14' title='bbox 1343 1211 1692 1288; x_wconf 79' lang='lat' dir='ltr'>praeposita.</span> 
     </span>
    </p>
   </div>
   <div class='ocr_carea' id='block_1_5' title="bbox 172 1403 1771 2977">
    <p class='ocr_par' dir='ltr' id='par_1_5' title="bbox 172 1403 1771 2977">
     <span class='ocr_line' id='line_1_6' title="bbox 295 1403 1771 1490; baseline -0.001 -10"><span class='ocrx_word' id='word_1_15' title='bbox 295 1403 404 1481; x_wconf 73' lang='lat' dir='ltr'>Aut</span> <span class='ocrx_word' id='word_1_16' title='bbox 436 1437 601 1479; x_wconf 84' lang='lat' dir='ltr'>nullam</span> <span class='ocrx_word' id='word_1_17' title='bbox 633 1442 709 1478; x_wconf 88' lang='lat' dir='ltr'>aut</span> <span class='ocrx_word' id='word_1_18' title='bbox 740 1437 997 1490; x_wconf 81' lang='lat' dir='ltr'>perbrevem</span> <span class='ocrx_word' id='word_1_19' title='bbox 1029 1437 1330 1490; x_wconf 70' lang='lat' dir='ltr'>praefationem</span> <span class='ocrx_word' id='word_1_20' title='bbox 1352 1438 1573 1490; x_wconf 89' lang='lat' dir='ltr'>postulare</span> <span class='ocrx_word' id='word_1_21' title='bbox 1602 1437 1771 1478; x_wconf 86' lang='lat' dir='ltr'>videtur</span> 
     </span>
     <span class='ocr_line' id='line_1_7' title="bbox 177 1508 1771 1561; baseline -0.001 -11"><span class='ocrx_word' id='word_1_22' title='bbox 177 1508 393 1550; x_wconf 83' lang='lat' dir='ltr'>Ciceronis</span> <span class='ocrx_word' id='word_1_23' title='bbox 426 1509 671 1550; x_wconf 89' lang='lat' dir='ltr'>orationum</span> <span class='ocrx_word' id='word_1_24' title='bbox 703 1508 867 1561; x_wconf 75' lang='lat' dir='ltr'>aliquot</span> <span class='ocrx_word' id='word_1_25' title='bbox 889 1508 1019 1550; x_wconf 87' lang='lat' dir='ltr'>editio</span> <span class='ocrx_word' id='word_1_26' title='bbox 1049 1508 1315 1550; x_wconf 72' lang='lat' dir='ltr'>scholasticae</span> <span class='ocrx_word' id='word_1_27' title='bbox 1338 1508 1617 1549; x_wconf 87' lang='lat' dir='ltr'>institutionis</span> <span class='ocrx_word' id='word_1_28' title='bbox 1640 1520 1771 1549; x_wconf 91' lang='lat' dir='ltr'>causa</span> 
     </span>
     <span class='ocr_line' id='line_1_8' title="bbox 175 1579 1771 1632; baseline 0 -12"><span class='ocrx_word' id='word_1_29' title='bbox 175 1582 390 1632; x_wconf 85' lang='lat' dir='ltr'>suscepta,</span> <span class='ocrx_word' id='word_1_30' title='bbox 440 1592 525 1632; x_wconf 83' lang='lat' dir='ltr'>qua</span> <span class='ocrx_word' id='word_1_31' title='bbox 567 1579 661 1632; x_wconf 89' lang='lat' dir='ltr'>ipsa</span> <span class='ocrx_word' id='word_1_32' title='bbox 704 1579 886 1620; x_wconf 89' lang='lat' dir='ltr'>oratoris</span> <span class='ocrx_word' id='word_1_33' title='bbox 928 1580 1063 1620; x_wconf 77' lang='lat' dir='ltr'>verba</span> <span class='ocrx_word' id='word_1_34' title='bbox 1105 1581 1195 1621; x_wconf 91' lang='lat' dir='ltr'>sine</span> <span class='ocrx_word' id='word_1_35' title='bbox 1235 1580 1322 1620; x_wconf 86' lang='lat' dir='ltr'>ulla</span> <span class='ocrx_word' id='word_1_36' title='bbox 1361 1580 1771 1621; x_wconf 79' lang='lat' dir='ltr'>commentariorum</span> 
     </span>
     <span class='ocr_line' id='line_1_9' title="bbox 176 1650 1769 1704; baseline -0.001 -13"><span class='ocrx_word' id='word_1_37' title='bbox 176 1650 420 1691; x_wconf 81' lang='lat' dir='ltr'>accessione</span> <span class='ocrx_word' id='word_1_38' title='bbox 450 1651 734 1700; x_wconf 87' lang='lat' dir='ltr'>continentur,</span> <span class='ocrx_word' id='word_1_39' title='bbox 769 1653 810 1690; x_wconf 90' lang='lat' dir='ltr'>et</span> <span class='ocrx_word' id='word_1_40' title='bbox 832 1650 875 1691; x_wconf 93' lang='lat' dir='ltr'>in</span> <span class='ocrx_word' id='word_1_41' title='bbox 908 1663 993 1703; x_wconf 87' lang='lat' dir='ltr'>qua</span> <span class='ocrx_word' id='word_1_42' title='bbox 1025 1664 1078 1692; x_wconf 92' lang='lat' dir='ltr'>ne</span> <span class='ocrx_word' id='word_1_43' title='bbox 1112 1651 1302 1692; x_wconf 88' lang='lat' dir='ltr'>delectus</span> <span class='ocrx_word' id='word_1_44' title='bbox 1326 1650 1501 1704; x_wconf 87' lang='lat' dir='ltr'>quidem</span> <span class='ocrx_word' id='word_1_45' title='bbox 1526 1650 1769 1691; x_wconf 87' lang='lat' dir='ltr'>orationum</span> 
     </span>
     <span class='ocr_line' id='line_1_10' title="bbox 174 1720 1770 1773; baseline 0 -12"><span class='ocrx_word' id='word_1_46' title='bbox 174 1733 311 1761; x_wconf 78' lang='lat' dir='ltr'>novus</span> <span class='ocrx_word' id='word_1_47' title='bbox 359 1720 499 1761; x_wconf 88' lang='lat' dir='ltr'>factus</span> <span class='ocrx_word' id='word_1_48' title='bbox 539 1723 616 1762; x_wconf 88' lang='lat' dir='ltr'>est.</span> <span class='ocrx_word' id='word_1_49' title='bbox 679 1721 791 1762; x_wconf 88' lang='lat' dir='ltr'>Nam</span> <span class='ocrx_word' id='word_1_50' title='bbox 840 1734 892 1762; x_wconf 79' lang='lat' dir='ltr'>ex</span> <span class='ocrx_word' id='word_1_51' title='bbox 940 1734 1090 1762; x_wconf 88' lang='lat' dir='ltr'>earum</span> <span class='ocrx_word' id='word_1_52' title='bbox 1139 1723 1383 1764; x_wconf 87' lang='lat' dir='ltr'>orationum</span> <span class='ocrx_word' id='word_1_53' title='bbox 1430 1734 1624 1770; x_wconf 90' lang='lat' dir='ltr'>numero,</span> <span class='ocrx_word' id='word_1_54' title='bbox 1674 1734 1770 1773; x_wconf 75' lang='lat' dir='ltr'>quae</span> 
     </span>
     <span class='ocr_line' id='line_1_11' title="bbox 173 1791 1768 1846; baseline 0.001 -15"><span class='ocrx_word' id='word_1_55' title='bbox 173 1791 289 1832; x_wconf 85' lang='lat' dir='ltr'>hunc</span> <span class='ocrx_word' id='word_1_56' title='bbox 320 1791 364 1832; x_wconf 87' lang='lat' dir='ltr'>in</span> <span class='ocrx_word' id='word_1_57' title='bbox 396 1791 552 1832; x_wconf 91' lang='lat' dir='ltr'>scholis</span> <span class='ocrx_word' id='word_1_58' title='bbox 584 1791 741 1833; x_wconf 90' lang='lat' dir='ltr'>nostris</span> <span class='ocrx_word' id='word_1_59' title='bbox 774 1792 915 1833; x_wconf 89' lang='lat' dir='ltr'>locum</span> <span class='ocrx_word' id='word_1_60' title='bbox 950 1793 1035 1834; x_wconf 88' lang='lat' dir='ltr'>iam</span> <span class='ocrx_word' id='word_1_61' title='bbox 1070 1793 1273 1834; x_wconf 89' lang='lat' dir='ltr'>diuturna</span> <span class='ocrx_word' id='word_1_62' title='bbox 1305 1792 1575 1846; x_wconf 82' lang='lat' dir='ltr'>possessione</span> <span class='ocrx_word' id='word_1_63' title='bbox 1607 1793 1768 1840; x_wconf 86' lang='lat' dir='ltr'>tenent,</span> 
     </span>
     <span class='ocr_line' id='line_1_12' title="bbox 173 1861 1769 1915; baseline 0.001 -13"><span class='ocrx_word' id='word_1_64' title='bbox 173 1861 222 1902; x_wconf 87' lang='lat' dir='ltr'>iis</span> <span class='ocrx_word' id='word_1_65' title='bbox 256 1861 475 1912; x_wconf 85' lang='lat' dir='ltr'>detractis,</span> <span class='ocrx_word' id='word_1_66' title='bbox 509 1876 606 1915; x_wconf 84' lang='lat' dir='ltr'>quae</span> <span class='ocrx_word' id='word_1_67' title='bbox 638 1875 738 1904; x_wconf 83' lang='lat' dir='ltr'>vere</span> <span class='ocrx_word' id='word_1_68' title='bbox 772 1862 987 1904; x_wconf 85' lang='lat' dir='ltr'>Ciceronis</span> <span class='ocrx_word' id='word_1_69' title='bbox 1013 1864 1097 1905; x_wconf 89' lang='lat' dir='ltr'>sint</span> <span class='ocrx_word' id='word_1_70' title='bbox 1122 1877 1271 1914; x_wconf 85' lang='lat' dir='ltr'>necne,</span> <span class='ocrx_word' id='word_1_71' title='bbox 1305 1864 1551 1905; x_wconf 83' lang='lat' dir='ltr'>dubitatum</span> <span class='ocrx_word' id='word_1_72' title='bbox 1576 1876 1601 1904; x_wconf 89' lang='lat' dir='ltr'>a</span> <span class='ocrx_word' id='word_1_73' title='bbox 1624 1862 1769 1904; x_wconf 88' lang='lat' dir='ltr'>multis</span> 
     </span>
     <span class='ocr_line' id='line_1_13' title="bbox 173 1933 1769 1988; baseline 0 -14"><span class='ocrx_word' id='word_1_74' title='bbox 173 1935 240 1974; x_wconf 89' lang='lat' dir='ltr'>est</span> <span class='ocrx_word' id='word_1_75' title='bbox 270 1934 415 1986; x_wconf 87' lang='lat' dir='ltr'>itaque</span> <span class='ocrx_word' id='word_1_76' title='bbox 449 1933 733 1986; x_wconf 88' lang='lat' dir='ltr'>disputatum,</span> <span class='ocrx_word' id='word_1_77' title='bbox 776 1935 824 1974; x_wconf 88' lang='lat' dir='ltr'>ut</span> <span class='ocrx_word' id='word_1_78' title='bbox 866 1936 980 1975; x_wconf 89' lang='lat' dir='ltr'>certe</span> <span class='ocrx_word' id='word_1_79' title='bbox 1013 1947 1100 1976; x_wconf 90' lang='lat' dir='ltr'>non</span> <span class='ocrx_word' id='word_1_80' title='bbox 1132 1936 1318 1988; x_wconf 86' lang='lat' dir='ltr'>optimas</span> <span class='ocrx_word' id='word_1_81' title='bbox 1351 1948 1445 1976; x_wconf 90' lang='lat' dir='ltr'>esse</span> <span class='ocrx_word' id='word_1_82' title='bbox 1477 1946 1627 1976; x_wconf 90' lang='lat' dir='ltr'>omnes</span> <span class='ocrx_word' id='word_1_83' title='bbox 1660 1933 1769 1975; x_wconf 88' lang='lat' dir='ltr'>fate-</span> 
     </span>
     <span class='ocr_line' id='line_1_14' title="bbox 175 2004 1769 2058; baseline 0.001 -14"><span class='ocrx_word' id='word_1_84' title='bbox 175 2008 315 2054; x_wconf 88' lang='lat' dir='ltr'>antur,</span> <span class='ocrx_word' id='word_1_85' title='bbox 351 2004 605 2056; x_wconf 82' lang='lat' dir='ltr'>adiectaque</span> <span class='ocrx_word' id='word_1_86' title='bbox 638 2004 888 2057; x_wconf 86' lang='lat' dir='ltr'>Philippicae</span> <span class='ocrx_word' id='word_1_87' title='bbox 921 2005 1135 2056; x_wconf 84' lang='lat' dir='ltr'>secundae,</span> <span class='ocrx_word' id='word_1_88' title='bbox 1170 2019 1266 2058; x_wconf 83' lang='lat' dir='ltr'>quae</span> <span class='ocrx_word' id='word_1_89' title='bbox 1299 2006 1341 2046; x_wconf 93' lang='lat' dir='ltr'>in</span> <span class='ocrx_word' id='word_1_90' title='bbox 1373 2005 1487 2046; x_wconf 90' lang='lat' dir='ltr'>hunc</span> <span class='ocrx_word' id='word_1_91' title='bbox 1511 2004 1769 2046; x_wconf 89' lang='lat' dir='ltr'>selectarum</span> 
     </span>
     <span class='ocr_line' id='line_1_15' title="bbox 173 2076 1768 2129; baseline 0.001 -14"><span class='ocrx_word' id='word_1_92' title='bbox 173 2076 418 2116; x_wconf 88' lang='lat' dir='ltr'>orationum</span> <span class='ocrx_word' id='word_1_93' title='bbox 450 2088 680 2116; x_wconf 90' lang='lat' dir='ltr'>numerum</span> <span class='ocrx_word' id='word_1_94' title='bbox 713 2080 888 2128; x_wconf 85' lang='lat' dir='ltr'>recepta</span> <span class='ocrx_word' id='word_1_95' title='bbox 926 2076 1011 2117; x_wconf 90' lang='lat' dir='ltr'>iam</span> <span class='ocrx_word' id='word_1_96' title='bbox 1054 2079 1160 2127; x_wconf 84' lang='lat' dir='ltr'>erat,</span> <span class='ocrx_word' id='word_1_97' title='bbox 1204 2076 1443 2129; x_wconf 84' lang='lat' dir='ltr'>Philippica</span> <span class='ocrx_word' id='word_1_98' title='bbox 1475 2077 1629 2129; x_wconf 87' lang='lat' dir='ltr'>prima,</span> <span class='ocrx_word' id='word_1_99' title='bbox 1678 2076 1768 2117; x_wconf 90' lang='lat' dir='ltr'>sine</span> 
     </span>
     <span class='ocr_line' id='line_1_16' title="bbox 174 2145 1768 2200; baseline 0.001 -15"><span class='ocrx_word' id='word_1_100' title='bbox 174 2158 260 2198; x_wconf 83' lang='lat' dir='ltr'>qua</span> <span class='ocrx_word' id='word_1_101' title='bbox 292 2145 364 2186; x_wconf 89' lang='lat' dir='ltr'>illa</span> <span class='ocrx_word' id='word_1_102' title='bbox 396 2148 511 2187; x_wconf 88' lang='lat' dir='ltr'>recte</span> <span class='ocrx_word' id='word_1_103' title='bbox 544 2146 625 2199; x_wconf 82' lang='lat' dir='ltr'>legi</span> <span class='ocrx_word' id='word_1_104' title='bbox 658 2160 785 2199; x_wconf 88' lang='lat' dir='ltr'>posse</span> <span class='ocrx_word' id='word_1_105' title='bbox 818 2160 904 2188; x_wconf 91' lang='lat' dir='ltr'>non</span> <span class='ocrx_word' id='word_1_106' title='bbox 937 2147 1119 2198; x_wconf 86' lang='lat' dir='ltr'>videtur,</span> <span class='ocrx_word' id='word_1_107' title='bbox 1153 2147 1258 2188; x_wconf 85' lang='lat' dir='ltr'>nihil</span> <span class='ocrx_word' id='word_1_108' title='bbox 1289 2149 1503 2200; x_wconf 85' lang='lat' dir='ltr'>praeterea</span> <span class='ocrx_word' id='word_1_109' title='bbox 1535 2147 1578 2187; x_wconf 92' lang='lat' dir='ltr'>in</span> <span class='ocrx_word' id='word_1_110' title='bbox 1609 2146 1691 2187; x_wconf 88' lang='lat' dir='ltr'>hac</span> <span class='ocrx_word' id='word_1_111' title='bbox 1724 2159 1768 2187; x_wconf 89' lang='lat' dir='ltr'>re</span> 
     </span>
     <span class='ocr_line' id='line_1_17' title="bbox 174 2216 1768 2271; baseline 0.002 -16"><span class='ocrx_word' id='word_1_112' title='bbox 174 2216 314 2256; x_wconf 77' lang='lat' dir='ltr'>visum</span> <span class='ocrx_word' id='word_1_113' title='bbox 358 2218 425 2257; x_wconf 89' lang='lat' dir='ltr'>est</span> <span class='ocrx_word' id='word_1_114' title='bbox 465 2217 738 2258; x_wconf 90' lang='lat' dir='ltr'>mutandum.</span> <span class='ocrx_word' id='word_1_115' title='bbox 809 2217 895 2259; x_wconf 87' lang='lat' dir='ltr'>Sed</span> <span class='ocrx_word' id='word_1_116' title='bbox 937 2221 1086 2260; x_wconf 89' lang='lat' dir='ltr'>tamen</span> <span class='ocrx_word' id='word_1_117' title='bbox 1128 2221 1175 2260; x_wconf 91' lang='lat' dir='ltr'>ut</span> <span class='ocrx_word' id='word_1_118' title='bbox 1216 2218 1346 2271; x_wconf 87' lang='lat' dir='ltr'>paulo</span> <span class='ocrx_word' id='word_1_119' title='bbox 1388 2217 1583 2270; x_wconf 89' lang='lat' dir='ltr'>pluribus</span> <span class='ocrx_word' id='word_1_120' title='bbox 1626 2216 1768 2258; x_wconf 82' lang='lat' dir='ltr'>verbis</span> 
     </span>
     <span class='ocr_line' id='line_1_18' title="bbox 173 2286 1768 2342; baseline 0.001 -16"><span class='ocrx_word' id='word_1_121' title='bbox 173 2286 254 2327; x_wconf 88' lang='lat' dir='ltr'>hoc</span> <span class='ocrx_word' id='word_1_122' title='bbox 296 2286 389 2327; x_wconf 88' lang='lat' dir='ltr'>loco</span> <span class='ocrx_word' id='word_1_123' title='bbox 432 2287 643 2328; x_wconf 90' lang='lat' dir='ltr'>utendum</span> <span class='ocrx_word' id='word_1_124' title='bbox 685 2288 753 2338; x_wconf 86' lang='lat' dir='ltr'>sit,</span> <span class='ocrx_word' id='word_1_125' title='bbox 797 2288 911 2338; x_wconf 86' lang='lat' dir='ltr'>facit,</span> <span class='ocrx_word' id='word_1_126' title='bbox 961 2289 1076 2342; x_wconf 89' lang='lat' dir='ltr'>quod</span> <span class='ocrx_word' id='word_1_127' title='bbox 1119 2290 1162 2331; x_wconf 91' lang='lat' dir='ltr'>in</span> <span class='ocrx_word' id='word_1_128' title='bbox 1204 2290 1285 2330; x_wconf 92' lang='lat' dir='ltr'>hoc</span> <span class='ocrx_word' id='word_1_129' title='bbox 1327 2288 1543 2330; x_wconf 80' lang='lat' dir='ltr'>volumine</span> <span class='ocrx_word' id='word_1_130' title='bbox 1588 2287 1684 2340; x_wconf 88' lang='lat' dir='ltr'>plus</span> <span class='ocrx_word' id='word_1_131' title='bbox 1726 2288 1768 2328; x_wconf 91' lang='lat' dir='ltr'>in</span> 
     </span>
     <span class='ocr_line' id='line_1_19' title="bbox 175 2357 1767 2412; baseline 0.001 -15"><span class='ocrx_word' id='word_1_132' title='bbox 175 2357 318 2410; x_wconf 88' lang='lat' dir='ltr'>aliquo</span> <span class='ocrx_word' id='word_1_133' title='bbox 351 2370 506 2410; x_wconf 85' lang='lat' dir='ltr'>genere</span> <span class='ocrx_word' id='word_1_134' title='bbox 538 2359 637 2399; x_wconf 82' lang='lat' dir='ltr'>novi</span> <span class='ocrx_word' id='word_1_135' title='bbox 670 2359 794 2409; x_wconf 88' lang='lat' dir='ltr'>inest,</span> <span class='ocrx_word' id='word_1_136' title='bbox 829 2373 961 2412; x_wconf 88' lang='lat' dir='ltr'>quam</span> <span class='ocrx_word' id='word_1_137' title='bbox 994 2361 1037 2401; x_wconf 90' lang='lat' dir='ltr'>in</span> <span class='ocrx_word' id='word_1_138' title='bbox 1071 2359 1317 2402; x_wconf 89' lang='lat' dir='ltr'>huiusmodi</span> <span class='ocrx_word' id='word_1_139' title='bbox 1343 2359 1602 2400; x_wconf 84' lang='lat' dir='ltr'>editionibus</span> <span class='ocrx_word' id='word_1_140' title='bbox 1627 2359 1767 2400; x_wconf 86' lang='lat' dir='ltr'>inesse</span> 
     </span>
     <span class='ocr_line' id='line_1_20' title="bbox 173 2428 1766 2482; baseline 0.001 -14"><span class='ocrx_word' id='word_1_141' title='bbox 173 2428 295 2469; x_wconf 90' lang='lat' dir='ltr'>solet.</span> <span class='ocrx_word' id='word_1_142' title='bbox 358 2428 570 2481; x_wconf 86' lang='lat' dir='ltr'>Suscepta</span> <span class='ocrx_word' id='word_1_143' title='bbox 614 2430 727 2470; x_wconf 90' lang='lat' dir='ltr'>enim</span> <span class='ocrx_word' id='word_1_144' title='bbox 770 2430 896 2471; x_wconf 91' lang='lat' dir='ltr'>huius</span> <span class='ocrx_word' id='word_1_145' title='bbox 942 2431 1139 2472; x_wconf 91' lang='lat' dir='ltr'>editionis</span> <span class='ocrx_word' id='word_1_146' title='bbox 1182 2443 1285 2471; x_wconf 88' lang='lat' dir='ltr'>cura</span> <span class='ocrx_word' id='word_1_147' title='bbox 1327 2429 1370 2471; x_wconf 92' lang='lat' dir='ltr'>id</span> <span class='ocrx_word' id='word_1_148' title='bbox 1412 2443 1481 2471; x_wconf 93' lang='lat' dir='ltr'>me</span> <span class='ocrx_word' id='word_1_149' title='bbox 1526 2430 1766 2482; x_wconf 88' lang='lat' dir='ltr'>suscepisse</span> 
     </span>
     <span class='ocr_line' id='line_1_21' title="bbox 173 2499 1767 2555; baseline 0.001 -15"><span class='ocrx_word' id='word_1_150' title='bbox 173 2499 436 2549; x_wconf 76' lang='lat' dir='ltr'>statuebam,</span> <span class='ocrx_word' id='word_1_151' title='bbox 470 2501 530 2548; x_wconf 89' lang='lat' dir='ltr'>ut,</span> <span class='ocrx_word' id='word_1_152' title='bbox 571 2500 775 2551; x_wconf 89' lang='lat' dir='ltr'>quoniam</span> <span class='ocrx_word' id='word_1_153' title='bbox 808 2501 852 2541; x_wconf 93' lang='lat' dir='ltr'>in</span> <span class='ocrx_word' id='word_1_154' title='bbox 885 2503 1039 2543; x_wconf 88' lang='lat' dir='ltr'>criticis</span> <span class='ocrx_word' id='word_1_155' title='bbox 1073 2502 1383 2555; x_wconf 82' lang='lat' dir='ltr'>quaestionibus</span> <span class='ocrx_word' id='word_1_156' title='bbox 1416 2501 1692 2553; x_wconf 86' lang='lat' dir='ltr'>maximeque</span> <span class='ocrx_word' id='word_1_157' title='bbox 1724 2501 1767 2541; x_wconf 90' lang='lat' dir='ltr'>in</span> 
     </span>
     <span class='ocr_line' id='line_1_22' title="bbox 173 2569 1766 2625; baseline 0.001 -15"><span class='ocrx_word' id='word_1_158' title='bbox 173 2569 389 2611; x_wconf 87' lang='lat' dir='ltr'>Ciceronis</span> <span class='ocrx_word' id='word_1_159' title='bbox 422 2570 630 2612; x_wconf 87' lang='lat' dir='ltr'>librorum</span> <span class='ocrx_word' id='word_1_160' title='bbox 663 2583 767 2612; x_wconf 80' lang='lat' dir='ltr'>vera</span> <span class='ocrx_word' id='word_1_161' title='bbox 807 2571 946 2613; x_wconf 87' lang='lat' dir='ltr'>forma</span> <span class='ocrx_word' id='word_1_162' title='bbox 984 2573 1283 2625; x_wconf 85' lang='lat' dir='ltr'>investiganda</span> <span class='ocrx_word' id='word_1_163' title='bbox 1324 2572 1454 2613; x_wconf 85' lang='lat' dir='ltr'>studii</span> <span class='ocrx_word' id='word_1_164' title='bbox 1497 2571 1766 2623; x_wconf 84' lang='lat' dir='ltr'>aliquantum</span> 
     </span>
     <span class='ocr_line' id='line_1_23' title="bbox 173 2642 1767 2693; baseline 0.001 -12"><span class='ocrx_word' id='word_1_165' title='bbox 173 2643 215 2681; x_wconf 88' lang='lat' dir='ltr'>et</span> <span class='ocrx_word' id='word_1_166' title='bbox 247 2653 391 2693; x_wconf 83' lang='lat' dir='ltr'>operae</span> <span class='ocrx_word' id='word_1_167' title='bbox 424 2642 679 2693; x_wconf 84' lang='lat' dir='ltr'>posuissem,</span> <span class='ocrx_word' id='word_1_168' title='bbox 719 2642 787 2683; x_wconf 86' lang='lat' dir='ltr'>hae</span> <span class='ocrx_word' id='word_1_169' title='bbox 821 2643 1036 2684; x_wconf 87' lang='lat' dir='ltr'>orationes</span> <span class='ocrx_word' id='word_1_170' title='bbox 1070 2643 1386 2684; x_wconf 90' lang='lat' dir='ltr'>emendatiores</span> <span class='ocrx_word' id='word_1_171' title='bbox 1419 2642 1767 2686; x_wconf 86' lang='lat' dir='ltr'>describerentur</span> 
     </span>
     <span class='ocr_line' id='line_1_24' title="bbox 172 2711 1765 2767; baseline 0.001 -15"><span class='ocrx_word' id='word_1_172' title='bbox 172 2724 258 2752; x_wconf 92' lang='lat' dir='ltr'>non</span> <span class='ocrx_word' id='word_1_173' title='bbox 291 2711 444 2762; x_wconf 90' lang='lat' dir='ltr'>solum,</span> <span class='ocrx_word' id='word_1_174' title='bbox 485 2725 616 2765; x_wconf 87' lang='lat' dir='ltr'>quam</span> <span class='ocrx_word' id='word_1_175' title='bbox 656 2713 699 2752; x_wconf 91' lang='lat' dir='ltr'>in</span> <span class='ocrx_word' id='word_1_176' title='bbox 730 2712 979 2765; x_wconf 84' lang='lat' dir='ltr'>vulgaribus</span> <span class='ocrx_word' id='word_1_177' title='bbox 1013 2714 1220 2767; x_wconf 82' lang='lat' dir='ltr'>exemplis</span> <span class='ocrx_word' id='word_1_178' title='bbox 1253 2713 1643 2764; x_wconf 81' lang='lat' dir='ltr'>circumferrentur,</span> <span class='ocrx_word' id='word_1_179' title='bbox 1692 2726 1765 2754; x_wconf 84' lang='lat' dir='ltr'>ve-</span> 
     </span>
     <span class='ocr_line' id='line_1_25' title="bbox 174 2782 1764 2836; baseline 0.001 -13"><span class='ocrx_word' id='word_1_180' title='bbox 174 2794 269 2823; x_wconf 90' lang='lat' dir='ltr'>rum</span> <span class='ocrx_word' id='word_1_181' title='bbox 309 2782 440 2823; x_wconf 85' lang='lat' dir='ltr'>etiam</span> <span class='ocrx_word' id='word_1_182' title='bbox 482 2795 613 2835; x_wconf 86' lang='lat' dir='ltr'>quam</span> <span class='ocrx_word' id='word_1_183' title='bbox 652 2783 696 2823; x_wconf 89' lang='lat' dir='ltr'>in</span> <span class='ocrx_word' id='word_1_184' title='bbox 727 2783 791 2832; x_wconf 87' lang='lat' dir='ltr'>iis,</span> <span class='ocrx_word' id='word_1_185' title='bbox 832 2796 927 2836; x_wconf 88' lang='lat' dir='ltr'>quae</span> <span class='ocrx_word' id='word_1_186' title='bbox 961 2784 1126 2836; x_wconf 90' lang='lat' dir='ltr'>optima</span> <span class='ocrx_word' id='word_1_187' title='bbox 1157 2783 1442 2833; x_wconf 88' lang='lat' dir='ltr'>haberentur;</span> <span class='ocrx_word' id='word_1_188' title='bbox 1490 2797 1593 2825; x_wconf 86' lang='lat' dir='ltr'>nam</span> <span class='ocrx_word' id='word_1_189' title='bbox 1625 2784 1668 2825; x_wconf 92' lang='lat' dir='ltr'>in</span> <span class='ocrx_word' id='word_1_190' title='bbox 1699 2783 1764 2825; x_wconf 89' lang='lat' dir='ltr'>his</span> 
     </span>
     <span class='ocr_line' id='line_1_26' title="bbox 172 2853 1762 2907; baseline 0.001 -14"><span class='ocrx_word' id='word_1_191' title='bbox 172 2865 343 2905; x_wconf 86' lang='lat' dir='ltr'>quoque</span> <span class='ocrx_word' id='word_1_192' title='bbox 391 2853 528 2894; x_wconf 90' lang='lat' dir='ltr'>multa</span> <span class='ocrx_word' id='word_1_193' title='bbox 574 2853 863 2906; x_wconf 87' lang='lat' dir='ltr'>improbanda</span> <span class='ocrx_word' id='word_1_194' title='bbox 911 2867 1004 2895; x_wconf 89' lang='lat' dir='ltr'>esse</span> <span class='ocrx_word' id='word_1_195' title='bbox 1053 2858 1095 2896; x_wconf 90' lang='lat' dir='ltr'>et</span> <span class='ocrx_word' id='word_1_196' title='bbox 1140 2855 1184 2896; x_wconf 93' lang='lat' dir='ltr'>in</span> <span class='ocrx_word' id='word_1_197' title='bbox 1233 2854 1386 2895; x_wconf 90' lang='lat' dir='ltr'>melius</span> <span class='ocrx_word' id='word_1_198' title='bbox 1425 2855 1585 2896; x_wconf 90' lang='lat' dir='ltr'>mutari</span> <span class='ocrx_word' id='word_1_199' title='bbox 1622 2867 1762 2907; x_wconf 84' lang='lat' dir='ltr'>posse,</span> 
     </span>
     <span class='ocr_line' id='line_1_27' title="bbox 172 2923 1762 2977; baseline 0.001 -13"><span class='ocrx_word' id='word_1_200' title='bbox 172 2936 338 2964; x_wconf 88' lang='lat' dir='ltr'>noram.</span> <span class='ocrx_word' id='word_1_201' title='bbox 401 2923 488 2964; x_wconf 90' lang='lat' dir='ltr'>Nec</span> <span class='ocrx_word' id='word_1_202' title='bbox 521 2924 626 2964; x_wconf 86' lang='lat' dir='ltr'>satis</span> <span class='ocrx_word' id='word_1_203' title='bbox 659 2928 763 2973; x_wconf 89' lang='lat' dir='ltr'>erat,</span> <span class='ocrx_word' id='word_1_204' title='bbox 812 2937 947 2965; x_wconf 91' lang='lat' dir='ltr'>unum</span> <span class='ocrx_word' id='word_1_205' title='bbox 987 2927 1030 2966; x_wconf 87' lang='lat' dir='ltr'>et</span> <span class='ocrx_word' id='word_1_206' title='bbox 1069 2925 1267 2974; x_wconf 89' lang='lat' dir='ltr'>alterum,</span> <span class='ocrx_word' id='word_1_207' title='bbox 1316 2925 1431 2977; x_wconf 89' lang='lat' dir='ltr'>quod</span> <span class='ocrx_word' id='word_1_208' title='bbox 1463 2925 1637 2966; x_wconf 88' lang='lat' dir='ltr'>maioris</span> <span class='ocrx_word' id='word_1_209' title='bbox 1670 2937 1762 2966; x_wconf 91' lang='lat' dir='ltr'>mo-</span> 
     </span>
    </p>
   </div>
  </div>
 </body>
</html>
