1915 3235
118 470 171 495 209

129 2456 182 2482 210

947 119 1030 159 170

193 262 323 289 causa
356 248 568 298 dicuntur,
618 248 969 297 consideraverit,
1018 248 1163 288 nescio
1205 260 1261 288 an
1305 260 1420 300 saepe
1464 259 1561 288 cum
1603 247 1785 288 molesto

192 319 380 371 quodam
413 332 543 360 sensu
577 318 853 359 dubitaturus
886 319 953 367 sit,
1003 319 1163 359 satisne
1202 318 1395 370 plerique
1430 330 1493 367 ea,
1543 318 1596 358 de
1630 317 1785 370 quibus

191 390 380 430 iudicare
427 389 597 439 vellent,
646 389 882 441 intelligere
929 388 1187 429 studuerint.
1257 389 1367 429 Nam
1415 390 1513 441 post
1559 388 1666 438 illos,
1715 390 1785 441 qui

192 460 317 512 primi
349 461 393 500 in
425 459 546 500 Italia
577 460 736 501 saeculo
768 462 891 501 sexto
924 459 1092 501 decimo
1125 459 1167 500 in
1199 460 1346 512 populi
1371 460 1559 500 Romani
1582 459 1787 501 institutis

192 531 456 584 exponendis
490 530 781 581 elaborarunt,
815 531 1058 572 Manutium
1084 532 1126 571 et
1149 530 1383 583 Sigonium,
1417 544 1524 583 quos
1549 532 1591 571 et
1613 530 1786 583 plenam

193 603 282 643 eius
315 603 375 642 rei
398 601 594 653 publicae,
630 601 749 641 cuius
774 601 1033 643 memoriam
1057 601 1339 651 renovabant,
1379 601 1611 654 imaginem
1644 602 1788 642 animo

192 673 418 725 complecti
465 672 651 712 voluisse
699 674 883 724 apparet
925 675 967 713 et
1007 673 1051 713 in
1089 671 1246 724 quibus
1278 674 1535 724 perpetuam
1568 671 1787 724 quandam

192 744 380 795 antiquae
413 742 668 794 prudentiae,
718 743 849 784 etiam
893 743 969 784 ubi
1011 757 1167 796 parum
1210 756 1421 796 apparere
1465 742 1600 783 videri
1632 744 1788 795 potest,

192 814 523 855 admirationem
558 815 734 854 excusat.
766 816 1015 866 temporum
1049 814 1218 855 illorum
1251 813 1456 864 condicio,
1490 826 1576 854 non
1601 826 1705 854 sane
1730 814 1789 854 ita

190 884 314 925 multi
348 897 400 924 ex
441 884 667 937 philologis
713 887 753 926 et
798 884 902 926 iuris
948 885 1136 926 Romani
1177 883 1484 937 interpretibus
1518 885 1790 937 superiorum

191 955 460 1005 saeculorum,
495 956 567 1007 qui
601 956 870 1008 antiquitatis
904 956 1117 998 Romanae
1151 955 1416 1008 explicandae
1441 954 1585 996 studia
1607 953 1791 1007 professi

192 1029 304 1077 sunt,
354 1027 629 1079 perspicuam
672 1026 789 1067 illam
835 1029 873 1068 et
919 1027 1205 1079 compositam
1243 1039 1425 1066 summae
1458 1025 1519 1066 rei
1550 1025 1790 1078 intelligen-

195 1099 298 1138 tiam
332 1098 546 1151 expetisse
572 1097 783 1147 videntur,
819 1098 878 1139 ita
904 1100 950 1139 ut
975 1098 1088 1138 inter
1114 1099 1279 1138 ceteros
1306 1097 1493 1137 emineat
1520 1095 1790 1137 Bellefortius

193 1167 449 1220 (Beaufort),
485 1169 645 1218 Gallus,
679 1168 809 1210 homo
844 1168 1079 1221 elegantior
1111 1181 1242 1220 quam
1276 1167 1452 1216 doctior,
1486 1168 1790 1220 perspicuitate

193 1242 232 1280 et
290 1239 439 1280 ordine
493 1241 630 1293 magis
687 1253 818 1292 quam
873 1253 1018 1280 rerum
1073 1238 1401 1291 investigatione
1449 1238 1790 1279 commendatus.

192 1311 342 1363 ltaque
376 1311 411 1351 si
444 1311 539 1363 quis
571 1311 727 1352 horum
761 1310 964 1352 adhibitis
997 1311 1165 1362 scriptis
1198 1322 1390 1362 quaerere
1417 1309 1606 1361 coeperit,
1641 1322 1791 1361 quem-

193 1381 429 1423 admodum
477 1382 521 1422 in
568 1384 713 1422 vetere
753 1382 933 1435 imperio
974 1383 1017 1422 et
1063 1394 1108 1421 re
1148 1380 1321 1433 publica
1368 1379 1563 1420 instituta
1611 1379 1694 1420 alia
1741 1392 1793 1420 ex

194 1452 285 1493 aliis
334 1455 436 1505 apta
485 1452 655 1503 fuerint,
706 1466 791 1505 qua
833 1453 999 1494 ratione
1040 1465 1092 1492 ex
1132 1452 1304 1492 diversa
1343 1451 1503 1504 origine
1543 1450 1791 1501 coaluerint,

194 1536 376 1575 quaeque
410 1536 461 1564 ex
485 1523 686 1564 omnibus
710 1524 946 1565 coniunctis
975 1523 1187 1564 efficiatur
1210 1522 1338 1575 plena
1363 1522 1423 1562 rei
1446 1521 1630 1574 publicae
1654 1521 1793 1562 forma

194 1597 235 1634 et
270 1594 514 1647 desch-ptio,
549 1594 735 1647 primum
770 1608 855 1636 non
890 1595 1074 1635 multum
1108 1596 1203 1647 post
1230 1593 1451 1645 Sigonium
1476 1592 1718 1645 profectum
1751 1593 1794 1633 in

194 1666 350 1706 harum
374 1678 520 1706 rerum
546 1667 812 1719 expositione
838 1667 1036 1718 reperiet,
1073 1665 1226 1705 deinde
1251 1677 1414 1714 vereor,
1448 1677 1502 1705 ne
1530 1664 1614 1704 alia
1638 1677 1794 1716 parum

196 1738 427 1786 cohaerere,
463 1737 547 1777 alia
578 1739 747 1778 naturas
780 1737 869 1777 fere
901 1749 1157 1789 repugnare,
1192 1736 1245 1776 de
1276 1735 1492 1776 nonnullis
1517 1748 1672 1787 parum
1699 1747 1794 1775 esse

195 1809 426 1859 qriaesitum
464 1807 635 1857 iudicet,
685 1808 918 1860 multisque
966 1807 1104 1848 modis
1153 1806 1399 1859 perturbari
1445 1806 1562 1847 illam
1605 1805 1794 1859 speciem

194 1878 256 1918 rei
288 1878 473 1931 publicae
507 1880 617 1920 bene
650 1880 895 1921 constitutae
929 1880 1147 1931 queratur.
1210 1878 1263 1918 Et
1294 1877 1337 1918 in
1370 1877 1461 1918 aliis
1495 1877 1669 1930 quidem
1702 1889 1794 1917 me-

197 1950 379 1991 moriam
412 1951 641 1992 vetustatis
675 1964 829 2003 parum
865 1949 1158 1991 monumentis
1192 1951 1492 1990 conservatam
1524 1947 1708 2001 putabit,
1751 1947 1795 1988 in

196 2021 288 2061 aliis
337 2021 480 2062 studia
528 2022 814 2063 recentiorum
857 2035 944 2063 non
985 2023 1100 2061 recte
1139 2020 1360 2061 collocata.
1424 2020 1486 2060 Ex
1532 2019 1598 2060 his
1647 2020 1794 2059 autem

198 2092 388 2132 fontibus
422 2093 651 2134 materiam
676 2093 767 2134 fere
792 2094 1084 2145 sumpserunt,
1120 2093 1234 2132 certe
1258 2104 1345 2132 non
1369 2090 1615 2132 universam
1643 2089 1794 2130 melius

198 2162 450 2215 dispositam
492 2164 741 2205 habuerunt
780 2164 820 2214 ii,
870 2164 954 2216 qui,
1004 2177 1137 2215 quum
1180 2162 1321 2203 minus
1363 2161 1523 2202 versati
1565 2163 1707 2202 essent
1751 2161 1794 2201 in

199 2233 350 2273 studiis
385 2235 654 2287 antiquitatis
687 2248 819 2287 quam
852 2235 894 2275 in
927 2234 1159 2287 prudentia
1193 2232 1303 2274 civili
1336 2235 1377 2273 et
1415 2233 1458 2272 in
1483 2231 1795 2273 consideranda

199 2317 343 2344 rerum
392 2305 663 2357 publicarum
712 2308 888 2356 natura,
948 2304 1249 2358 praestantiam
1301 2303 1595 2344 institutorum
1649 2302 1796 2355 populi

200 2374 387 2415 Romani
421 2374 931 2429 commemoraverunt.ยน)

320 2445 426 2486 Haec
460 2459 592 2498 quum
632 2447 692 2488 ita
731 2450 887 2496 essent,
936 2449 1083 2488 nostro
1123 2446 1292 2495 saeculo,
1342 2444 1493 2486 studiis
1534 2445 1587 2485 de
1625 2443 1798 2497 publica

203 2516 461 2568 populorum
489 2517 713 2570 disciplina
738 2518 943 2559 intentius
969 2517 1189 2570 quaerendi
1215 2516 1409 2557 excitatis
1429 2518 1471 2556 et
1496 2515 1551 2556 ad
1574 2515 1798 2556 historiam

206 2586 336 2627 etiam
368 2587 591 2638 traductis,
638 2601 751 2629 nova
796 2591 859 2629 est
905 2591 1053 2630 exorta
1096 2586 1363 2640 antiquitatis
1403 2586 1614 2628 Romanae
1646 2599 1798 2639 perve-

245 2773 274 2818 ยน)
301 2773 530 2819 [Nuperrime
557 2786 600 2808 ex
626 2775 695 2809 hoc
720 2786 850 2818 genere
877 2779 1023 2809 exortus
1049 2778 1103 2809 est
1134 2775 1171 2809 in
1197 2774 1402 2816 Germania,
1441 2773 1502 2818 qui
1535 2784 1649 2818 quum
1675 2772 1800 2807 Latine

303 2845 434 2878 parum
461 2833 577 2874 sciret,
617 2833 737 2867 Graece
763 2834 911 2868 omnino
937 2834 1103 2875 nesciret,
1135 2837 1258 2868 tamen
1285 2833 1457 2867 idoneum
1483 2843 1520 2866 se
1546 2835 1700 2876 putaret,
1739 2831 1800 2875 qui

305 2896 419 2927 totam
446 2893 497 2927 rei
526 2893 680 2937 publicae
705 2893 880 2927 Romanae
906 2892 1083 2926 rationem
1110 2893 1304 2937 expediret.
1355 2892 1490 2926 Saltem
1517 2894 1640 2935 aperte
1666 2890 1801 2925 confes-

306 2964 366 2987 sus
393 2956 457 2993 est,
485 2953 578 2996 quod
607 2952 667 2986 alii
694 2952 934 2986 dissimulant.
986 2950 1105 2994 1834]
