1915 3235
961 48 1046 89 508

210 192 364 220 novam
398 178 584 230 incipere
618 177 892 226 sententiam,
926 177 1003 218 sed
1034 176 1128 217 haec
1159 178 1452 230 superioribus
1486 179 1546 219 sic
1578 178 1798 231 subiungi:

210 249 447 303 Separatim
493 262 607 289 nemo
650 247 830 288 habessit
874 247 982 299 deos,
1030 261 1127 287 nece
1168 261 1291 288 novos
1332 262 1429 289 'nece
1469 249 1666 299 athenas,
1714 250 1799 290 nisi

202 319 365 372 publice
398 319 589 360 (cclscc'tos.
637 319 832 360 Pendere
866 319 993 371 igitur
1025 318 1225 359 videntur
1250 322 1443 360 extrema
1467 320 1559 361 illa:
1592 321 1797 374 privatim

207 390 365 430 colunto
413 392 456 430 et
503 389 664 442 aliquid
712 389 962 430 desiderari.
1040 388 1159 429 Idem
1214 390 1423 442 suspicari
1469 404 1700 443 possumus
1748 404 1800 432 ex

139 471 185 494 12³⁵
207 460 560 513 interpretatione
594 460 709 512 legis,
744 459 818 500 ubi
850 461 943 500 haec
976 459 1260 500 subiiciuntur
1292 458 1315 511 ξ
1349 461 1423 501 26:
1458 460 1572 502 Nam
1606 476 1632 502 α
1657 463 1796 516 patri—

207 530 280 571 bus
313 536 494 584 acceptos
525 532 587 572 ita
612 532 752 584 placet
793 531 883 583 coli,
931 531 968 571 εἰ
1005 530 1101 570 huic
1141 531 1221 585 lessi
1251 532 1481 584 paruerint
1519 533 1602 586 ipsi
1633 537 1794 586 patres.

207 602 291 649 (Sic
326 602 438 642 enim
473 602 719 642 emendavit
741 601 1117 654 wyttenbachius,
1151 614 1247 654 quae
1272 602 1517 644 emendatio
1540 616 1641 644 mox
1662 603 1798 645 multo

207 673 342 725 magis
378 671 733 724 confirmabitur.)
748 669 780 724 ¹)
844 672 947 713 Erat
994 672 1120 729 igitur
1167 673 1341 725 aliquod
1388 673 1491 726 legis
1532 676 1799 727 praeceptum

205 743 260 783 ad
300 745 410 783 hanc
452 756 544 784 rem
583 747 799 796 spectans.
863 743 950 784 Sed
989 743 1202 795 sequitur:
1254 744 1498 785 constructa
1542 759 1569 785 α
1607 745 1801 799 patribus

204 814 379 855 delubra
426 815 468 854 in
518 814 689 855 urbibus
735 811 969 866 habento.2)
1046 814 1291 856 Ridiculam
1339 815 1497 868 legeml
1554 815 1636 866 Qui
1684 816 1797 858 enim

204 885 379 938 praecipi
421 885 464 926 id
506 888 661 938 potest,
711 885 827 938 quod
869 888 1008 927 totum
1047 899 1134 927 non
1166 886 1209 926 in
1241 885 1389 939 ipsius,
1440 886 1507 927 cui
1538 887 1798 940 praecipitur,

203 958 418 1008 potestate
451 956 640 1009 positum
674 957 741 1007 sit,
775 957 852 997 sed
884 958 927 998 in
960 960 1135 1010 patrum
1161 957 1304 998 facto?
1347 957 1390 997 Si
1427 958 1542 998 enim
1574 957 1692 999 nulla
1724 958 1799 999 de-

204 1027 328 1068 lubra
360 1029 507 1079 patres
548 1030 893 1078 construxerunt,
942 1028 1059 1070 nulla
1106 1029 1266 1081 posteri
1307 1028 1469 1069 habere
1510 1028 1565 1068 ab
1605 1028 1655 1069 iis
1697 1041 1799 1070 con-

203 1100 367 1138 structa
399 1101 600 1150 possunt3
648 1099 729 1151 ipsi
771 1102 953 1152 possunt
996 1102 1038 1141 et
1081 1102 1301 1140 exstruere
1342 1101 1384 1139 et
1416 1099 1593 1141 habere.
1656 1099 1799 1152 Atque

202 1168 282 1209 hoc
330 1169 565 1221 praecipere
612 1170 788 1211 Volebat
826 1171 997 1220 Cicero;
1045 1184 1147 1212 nam
1196 1183 1248 1211 ex
1294 1170 1648 1222 interpretatione
1695 1170 1799 1224 legis

203 1242 397 1292 apparet,
449 1240 592 1282 animo
641 1241 867 1283 scribentis
916 1243 1195 1283 obversatam
1244 1254 1338 1283 esse
1387 1242 1647 1283 contrariam
1694 1241 1799 1282 Per—

202 1323 348 1351 sarum
388 1312 662 1366 sententiam,
712 1313 784 1365 qui
831 1313 949 1354 nulla
998 1326 1092 1354 esse
1140 1313 1305 1365 templa
1352 1313 1531 1353 deorum
1579 1312 1798 1353 volebant.

203 1381 370 1433 (Itaque
403 1382 581 1423 Patrem
614 1382 802 1433 delubra,
837 1384 952 1436 quod
984 1384 1043 1424 ibi
1076 1383 1289 1433 scribitur,
1323 1384 1366 1424 in
1400 1383 1552 1424 eadem
1585 1382 1798 1436 perversi-

202 1454 291 1493 tate
340 1456 416 1501 est,
467 1466 492 1494 a
524 1453 862 1507 Wyttenbachio
903 1455 957 1496 ob
1000 1455 1128 1496 aliam
1170 1468 1346 1496 causam
1381 1456 1633 1503 correctum,
1683 1454 1798 1506 quod

199 1527 371 1575 mtrem
405 1523 581 1564 delubra
615 1537 679 1574 ea,
729 1538 826 1577 quae
864 1528 1010 1578 patres
1045 1525 1369 1574 exstruxissent,
1418 1538 1505 1566 non
1537 1527 1653 1565 recte
1687 1524 1798 1565 dice·

204 1596 362 1635 rentur.
425 1595 602 1636 Poterat
635 1595 809 1646 addere,
849 1597 1143 1638 necessarium
1176 1610 1270 1638 esse
1302 1597 1385 1650 ipsi
1410 1594 1588 1650 patres.)
1651 1594 1794 1647 Atque

201 1665 293 1706 haec
327 1668 415 1706 tani
449 1679 654 1718 perversa
687 1668 902 1708 sententia
934 1668 975 1708 in
1018 1668 1170 1708 ceteris
1212 1667 1429 1708 codicibus
1472 1668 1537 1707 est
1569 1665 1795 1714 onmibus3

201 1736 243 1776 in
277 1737 326 1776 iis
361 1737 544 1787 duobus,
580 1751 687 1790 quos
722 1738 820 1788 dixi,
854 1740 970 1779 totus
1004 1738 1121 1779 locus
1154 1739 1214 1779 sic
1247 1738 1431 1790 scriptus
1465 1740 1548 1779 est:
1589 1737 1796 1790 privatim

200 1807 359 1847 colunto
392 1821 515 1862 quos
547 1809 646 1849 rite
679 1823 705 1849 α
730 1809 929 1862 patribus
961 1808 1137 1850 delubra
1169 1808 1357 1850 liabent-0.
1420 1809 1510 1849 Iam
1544 1810 1695 1861 aperta
1728 1821 1796 1849 res

201 1879 278 1918 est.
342 1877 484 1927 Quum
518 1879 561 1919 in
595 1892 644 1920 eo
679 1880 836 1929 codice,
887 1893 939 1920 ex
977 1892 1062 1932 quo
1099 1879 1235 1921 nostri
1268 1879 1471 1932 descripti
1504 1881 1617 1928 sunt,
1666 1891 1794 1920 voca—

201 1947 347 1988 bulum
382 1961 516 1989 unum
550 1952 625 1990 aut
664 1951 793 1991 etiam
834 1950 958 2003 plura
1002 1951 1274 2001 excidissent,
1324 1940 1578 1991 emendator
1622 1953 1794 1990 senten—

198 2018 303 2058 tiam
337 2019 601 2071 superiorem
636 2021 678 2061 in
711 2021 871 2062 eolmito
912 2021 1061 2071 finivit,
1111 2036 1210 2076 (flios
1256 2022 1336 2062 rite
1381 2022 1566 2062 mutavit
1613 2021 1656 2061 in
1703 2033 1794 2061 con-

132 2094 370 2139 1313.s²t7⁴?10†(c,
421 2091 540 2131 salva
583 2093 868 2143 grammatica
911 2094 953 2133 et
995 2092 1137 2145 specie
1170 2092 1407 2135 sententiae.
1456 2092 1549 2144 ipsa
1582 2091 1795 2132 sententia

201 2160 493 2210 pessumdata.
557 2162 618 2202 Ea
667 2163 913 2204 emendatio
961 2163 1004 2203 in
1052 2163 1165 2204 solos
1212 2163 1305 2204 illos
1351 2163 1457 2203 duos
1499 2162 1666 2203 codices
1706 2174 1792 2202 non

201 2230 407 2281 pervenit,
450 2245 501 2271 ex
535 2233 690 2284 quibus
725 2235 920 2286 apparet,
965 2233 1215 2275 Ciceronem
1248 2234 1329 2274 hac
1362 2233 1499 2274 forma
1534 2232 1791 2273 sententiam

200 2299 300 2351 3egis
335 2301 602 2353 concepisse:
652 2302 892 2357 Sapen-atim
931 2318 1046 2345 nemo
1079 2305 1258 2346 habessit
1290 2304 1385 2345 deos
1416 2318 1513 2344 nere
1544 2316 1666 2344 noros
1697 2316 1794 2343 neve

235 2450 264 2493 ¹)
290 2453 491 2497 Superioris
517 2455 705 2488 sententiae
732 2459 767 2490 et
793 2456 885 2490 initii
912 2457 1020 2492 huius
1050 2457 1242 2501 „palmaris
1262 2456 1487 2491 emendati&
1516 2467 1588 2490 non
1608 2454 1790 2490 Goerenzio

292 2512 455 2552 debetur,
483 2513 544 2546 sed
572 2513 702 2547 Ursino
729 2514 891 2562 aliisque.

235 2567 262 2612 ²)
289 2571 401 2604 Voces
427 2572 465 2604 in
492 2573 641 2605 urbibus
667 2573 788 2607 nullus
820 2574 931 2608 habet
965 2575 1088 2616 codex,
1123 2585 1190 2608 nec
1221 2574 1263 2608 iis
1295 2585 1385 2618 opus
1418 2577 1482 2615 est,
1517 2583 1728 2618 quanquam
1754 2572 1789 2606 in

290 2629 377 2672 legis
404 2630 642 2673 explicatione
668 2632 863 2673 adduntur,
891 2633 988 2677 quod
1014 2633 1152 2677 templa
1178 2633 1252 2667 fere
1278 2633 1314 2666 in
1340 2633 1492 2667 urbibus
1519 2635 1631 2667 erant.
1678 2631 1788 2666 Gene-

291 2687 414 2721 raliter
440 2688 586 2723 dicitur:
626 2691 774 2724 delubra
807 2692 973 2729 Ιιαόρηίος
1013 2692 1142 2726 deinde
1178 2692 1364 2736 speciatim
1397 2692 1541 2726 additur
1568 2692 1612 2725 de
1637 2691 1727 2725 lucis
1752 2690 1788 2724 in

292 2747 385 2790 agris
411 2747 622 2791 ceterisque,
650 2752 689 2782 ut
715 2760 760 2783 ne
787 2750 956 2784 contrarii
983 2751 1129 2794 quidem
1157 2762 1266 2785 causa
1292 2749 1569 2795 (oppositionem
1591 2748 1788 2794 appellant)

291 2806 534 2840 necessarium
562 2807 852 2842 additamentum
879 2809 935 2843 sit.
