1915 3235
843 125 927 167 609

208 253 424 305 Exposito,
457 253 652 296 tribunos
685 255 859 296 aerarios
893 267 978 304 eos,
1013 266 1120 306 quos
1153 254 1221 295 lex
1253 255 1450 297 Cornelia
1483 257 1539 298 ad
1571 257 1681 298 iudi-

92 323 368 374 cia-vocavit,
403 336 535 365 censu
567 337 592 366 a
623 325 788 377 reliqua
809 325 936 377 plebe
959 325 1182 366 distinctos
1205 325 1349 377 fuisse,
1383 326 1488 367 illud
1510 341 1682 380 quoque

92 393 294 447 explicari
327 394 606 444 commodius,
656 408 787 447 quam
827 395 969 436 adhuc
1008 395 1172 436 factum
1212 398 1290 446 est,
1338 411 1464 449 posse
1498 398 1680 449 videtur,

90 465 219 519 quod,
264 467 312 506 ut
349 467 449 506 ante
489 464 575 505 dixi
608 464 666 518 (p.
701 465 786 506 244
817 464 938 518 not.),
980 469 1022 507 et
1061 466 1131 507 alii
1165 469 1207 507 et
1238 468 1427 508 maxime
1460 468 1607 510 Cicero
1639 470 1683 510 in

90 536 193 589 legis
225 535 411 577 Aureliae
445 537 854 577 commemoratione
886 537 1082 578 tribunos
1107 539 1280 580 aerarios
1306 539 1523 579 omittunt.
1572 539 1684 580 Nam

92 607 207 660 quod
245 606 528 647 Ruhnkenius
568 605 642 659 (ad
673 607 778 647 Vell.
812 606 859 656 ΙΙ,
895 605 968 659 32)
1007 610 1049 648 et
1088 608 1287 650 Klenzius
1327 607 1584 662 (Prolegom.
1628 610 1684 651 ad

92 678 172 730 leg.
206 677 354 718 Servil.
387 691 428 729 p.
462 677 556 718 XVI
598 680 685 719 not.
721 676 793 729 76)
838 680 976 719 totum
1019 678 1185 731 potiore
1228 682 1352 732 parte
1395 680 1683 733 significatum

91 748 251 798 dicunt,
284 761 424 800 neque
456 748 645 800 potiores
677 751 822 801 partes
856 751 979 790 erant
1011 750 1205 801 equitum
1238 763 1369 802 quam
1395 750 1682 801 tribunorum,

92 819 169 860 sed
201 831 337 871 aequae
369 823 664 871 utrorumque,
713 831 853 871 neque
891 818 985 860 haec
1026 820 1244 862 excusatio
1285 821 1443 862 sufficit
1480 822 1525 862 in
1564 822 1683 863 Cice-

92 903 209 939 rone,
251 889 322 942 qui
354 888 415 942 (in
447 890 555 930 orat.
589 902 667 941 pro
700 887 886 941 Cluent.)
926 890 985 930 sic
1017 888 1207 943 loquitur
1239 891 1357 944 apud
1389 892 1507 933 illum
1541 893 1685 945 ipsum

74 959 329 1010 consilium,
377 959 494 1012 quod
535 959 664 1000 tertia
707 973 758 1001 ex
795 962 918 1013 parte
959 973 1011 1001 ex
1049 961 1232 1003 tribunis
1266 963 1508 1004 constabat.
1571 964 1685 1004 Vera

95 1033 188 1072 erat
217 1030 446 1083 Augustini
485 1030 711 1080 sententia,
761 1043 892 1083 quam
934 1031 992 1072 1111
1033 1032 1330 1084 repudiarunt,
1380 1035 1569 1086 equitem
1607 1047 1684 1076 110-

92 1102 208 1143 mine
255 1104 297 1142 et
343 1114 499 1154 genere
547 1101 854 1155 comprehendi
901 1102 1221 1154 quodammodo
1259 1105 1454 1146 tribunos
1495 1106 1683 1146 aerarios.

94 1172 242 1225 Itaque
276 1185 348 1213 eos
382 1172 529 1214 Cicero
561 1172 757 1213 similiter
795 1173 838 1213 in
862 1175 978 1214 orat.
1012 1186 1090 1226 pro
1123 1173 1275 1216 Flacco
1309 1175 1377 1223 38,
1418 1175 1472 1216 96
1513 1175 1683 1225 omittit,

93 1243 152 1285 sic
185 1243 342 1293 dicens,
376 1245 585 1296 tanquam
619 1246 840 1285 senatores
872 1247 1043 1285 tantum
1072 1249 1114 1285 et
1137 1246 1302 1297 equites
1326 1245 1487 1286 iudices
1510 1246 1684 1287 habeat.

93 1314 181 1356 Res
212 1315 272 1355 ita
304 1327 350 1355 se
382 1313 529 1355 habet.
578 1313 691 1355 Olim
723 1314 815 1366 lege
848 1314 1103 1367 Sempronia
1127 1328 1153 1356 a
1180 1316 1467 1366 senatoribus,
1502 1330 1685 1369 quorum

92 1385 209 1427 locus
241 1385 284 1426 in
316 1398 361 1426 re
392 1384 566 1438 publica
597 1398 684 1426 non
717 1397 847 1426 censu
880 1386 1152 1438 potissimum
1192 1387 1423 1436 nitebatur,
1468 1387 1546 1428 etsi
1586 1400 1685 1428 cen-

94 1469 166 1497 sus
213 1455 451 1509 praefinitus
498 1458 604 1505 erat,
653 1455 730 1496 sed
776 1458 896 1508 gesto
942 1457 1212 1509 magistratu,
1263 1470 1348 1510 quo
1396 1458 1435 1498 in
1486 1460 1687 1498 senatum

93 1530 314 1578 venerant,
364 1529 406 1568 et
447 1527 605 1567 summi
650 1526 812 1568 consilii
854 1527 1179 1580 gubernatione,
1227 1527 1385 1569 iudicia
1425 1527 1481 1568 ad
1521 1528 1686 1580 equites

93 1597 306 1638 translata
338 1599 474 1638 erant.
524 1597 666 1647 Quum
699 1597 826 1650 igitur
848 1598 893 1638 L.
918 1597 1043 1639 Cotta
1075 1598 1348 1639 senatoribus
1381 1599 1424 1639 in
1456 1598 1686 1640 iudicando

94 1668 346 1721 adiungeret
376 1668 572 1710 homines
606 1681 690 1718 eos,
725 1681 832 1721 quos
866 1681 1018 1710 census
1052 1669 1166 1710 solus
1197 1682 1222 1710 a
1244 1669 1369 1721 plebe
1393 1669 1685 1722 distingueret,

95 1751 344 1791 quanquam
391 1740 546 1780 horum
595 1739 680 1780 duo
729 1742 853 1780 erant
898 1739 1070 1792 gradus,
1119 1742 1268 1780 tamen
1314 1740 1395 1781 hoc
1444 1740 1685 1790 discrimen,

96 1810 210 1862 quod
253 1810 378 1862 longe
419 1810 562 1851 minus
607 1812 712 1859 erat,
761 1810 1077 1851 obscurabatur
1120 1811 1375 1863 animusque
1420 1812 1476 1853 ad
1521 1811 1686 1864 equites

96 1894 192 1922 cum
240 1883 413 1931 senatu,
463 1881 830 1933 quemadmodum
879 1881 1129 1923 Gracchano
1176 1883 1385 1934 tempore,
1438 1883 1687 1924 coniunctos

95 1952 154 1993 sic
186 1952 419 2002 ferebatur,
464 1954 512 1992 ut
543 1952 614 1993 illo
646 1965 802 2004 genere
834 1954 877 1992 et
908 1952 1080 1993 nomine
1114 1953 1330 1993 interdum
1365 1953 1493 1994 etiam
1526 1953 1688 1994 tribuni

97 2022 430 2064 includerentur.
493 2022 588 2063 Hoc
626 2023 769 2075 ipsum
809 2023 1048 2075 significare
1087 2023 1256 2064 videtur
1295 2024 1547 2065 scholiastes
1580 2024 1687 2064 Am-

94 2095 322 2136 brosianus
366 2093 422 2135 ad
465 2095 572 2135 orat.
613 2107 690 2146 pro
730 2094 883 2135 Flacco
916 2094 955 2142 2,
998 2094 1039 2143 4,
1084 2094 1278 2135 eiusdem
1321 2093 1481 2135 ordinis
1527 2095 1687 2135 faciens

96 2165 260 2217 equites
303 2167 346 2206 et
386 2164 583 2206 tribunos
628 2161 863 2216 aerariosf)
926 2164 1111 2206 Velleius
1155 2167 1303 2206 tamen
1346 2168 1388 2206 et
1429 2166 1686 2207 Plutarchus

131 2351 160 2396 1)
187 2355 263 2388 Lex
288 2356 380 2387 enim
406 2355 558 2387 Aurelia
587 2354 783 2387 iudiciaria
815 2354 867 2386 ita
899 2354 1050 2395 cavebat,
1092 2358 1129 2386 ut
1161 2364 1202 2386 ex
1233 2358 1337 2395 parte
1372 2355 1478 2386 tertia
1510 2359 1690 2387 senatores

186 2414 399 2456 iudicarent,
426 2425 469 2447 ex
488 2413 660 2456 partibus
685 2413 825 2446 duabus
850 2413 988 2446 tribuni
1013 2414 1141 2445 cerarii
1166 2417 1196 2445 et
1222 2414 1354 2455 equites
1380 2413 1545 2455 Romani,
1578 2415 1646 2446 eiu
1657 2424 1690 2446 s-

189 2474 281 2506 dem
311 2474 485 2506 scilicet
517 2473 694 2506 ordinis
726 2473 826 2505 viri.
877 2471 999 2505 Cicero
1032 2470 1131 2504 dicit:
1167 2471 1370 2504 iudicabitis
1396 2473 1583 2515 principes
1616 2473 1690 2505 eius

189 2533 328 2565 ordinis
353 2530 557 2575 (equestris)
584 2533 856 2575 quinquaqinta.
919 2530 955 2564 Si
988 2541 1029 2564 eo
1061 2541 1176 2573 usque
1209 2530 1374 2564 tribunos
1408 2529 1529 2564 Cicero
1563 2530 1690 2573 equiti-

189 2590 256 2624 bus
289 2590 461 2634 aequavit,
502 2594 541 2624 ut
573 2591 640 2623 hoc
673 2600 824 2623 numero
859 2592 1031 2632 utrosque
1070 2589 1411 2632 comprehenderet,
1450 2589 1621 2623 sederunt
1653 2589 1690 2622 in

188 2648 305 2682 Flacci
344 2660 453 2683 causa
480 2648 524 2682 75
562 2649 709 2689 iudices,
749 2648 777 2682 si
815 2648 880 2682 soli
919 2648 1058 2692 equites
1091 2647 1142 2681 illi
1175 2647 1439 2692 quinquaginta
1471 2651 1566 2688 sunt,
1608 2647 1686 2681 150.

189 2707 285 2748 Mihi,
325 2707 391 2741 etsi
424 2719 507 2742 cum
542 2707 764 2751 principibus
797 2707 906 2741 etiam
939 2707 1114 2750 equestris
1150 2707 1284 2741 ordinis
1311 2707 1475 2741 tribunos
1503 2706 1687 2740 numerari

190 2766 323 2800 mirum
349 2766 463 2800 videri
489 2769 616 2810 potest,
656 2769 779 2800 tamen
812 2766 908 2810 prior
939 2766 998 2799 ille
1031 2777 1204 2800 numerus
1238 2765 1398 2799 iudicum
1431 2766 1535 2809 longe
1562 2766 1688 2809 proba-

190 2824 294 2859 bilior
320 2825 462 2859 videtur
488 2825 614 2859 altero.
665 2825 830 2865 Scaurus,
869 2824 930 2868 qui
962 2825 1038 2868 lege
1071 2825 1160 2859 Iulia
1187 2826 1472 2869 repetundarum
1499 2827 1688 2857 accusatus

193 2886 255 2926 est,
285 2883 328 2917 70
354 2887 416 2918 aut
442 2885 561 2928 potius
589 2884 632 2917 69
660 2884 794 2918 iudices
820 2883 947 2917 hahuit
973 2882 1115 2926 (Ascon.
1144 2884 1179 2917 in
1206 2887 1295 2918 orat.
1322 2894 1386 2927 pro
1410 2883 1543 2916 Scauro
1571 2880 1687 2923 extu).

1361 2941 1405 2974 39

1704 693 1754 718 :257
