1915 3235
824 132 906 174 153

186 259 233 300 In
267 259 457 300 eiusdem
491 262 598 302 orat.
632 272 666 301 c.
701 261 739 309 8,
786 261 834 301 17
869 260 1003 302 edidi:
1046 274 1144 316 quos
1185 259 1350 315 quidem
1383 273 1453 314 eqo
1486 264 1657 300 —-.stu-

69 329 144 370 deo
179 353 237 357 —
274 343 428 370 sanare
458 329 538 370 sibi
570 331 689 384 ipsos,
729 331 905 384 placare
951 332 1014 371 rei
1036 330 1229 385 publicae,
1277 332 1448 372 secutus
1489 330 1657 371 codices

68 400 320 453 plerosque;
356 402 398 441 et
430 403 626 453 apertum
660 403 725 442 est
757 402 864 454 ipsos
895 401 951 442 ad
981 403 1099 454 prius
1131 401 1313 442 verbum
1342 400 1402 442 ita
1424 401 1653 453 pertinere,

68 473 116 512 ut
160 482 294 523 prope
340 472 631 512 necessarium
681 472 752 522 sit,
802 485 898 513 cum
946 472 1080 514 altero
1128 472 1325 524 coniungi
1372 484 1459 512 non
1505 483 1656 523 posse3

67 540 313 582 referuntur
345 541 457 582 enim
489 541 600 582 inter
632 554 676 582 se
708 555 862 583 sanare
894 542 1014 595 ipsos,
1048 542 1092 582 id
1125 544 1203 592 est,
1243 554 1320 594 per
1352 554 1411 591 se,
1451 541 1566 594 quod
1598 541 1655 582 ad

67 611 183 664 ipsos
204 610 404 663 pertinet,
429 612 607 665 placare
629 614 774 653 autem
806 613 869 652 rei
881 611 1074 665 publicoe.
1122 613 1232 653 Nam
1265 613 1427 653 sanitas
1459 612 1515 653 ad
1537 612 1655 664 ipsos

68 681 180 722 solos
228 681 426 733 pertinet,
474 681 669 734 placatus
708 683 876 723 animus
917 683 972 723 ad
1019 683 1137 724 alios.
1214 683 1392 724 Dativus
1441 681 1654 723 commodi

67 751 197 804 paulo
229 754 295 792 est
327 751 484 793 durior.
538 752 627 793 Iam
661 766 793 806 quum
826 753 1124 794 Steinmetzius
1157 753 1213 803 id,
1248 753 1362 805 quod
1394 752 1520 805 vulgo
1552 752 1655 792 ede-

68 822 208 871 batur,
241 835 398 862 scmare
430 826 465 862 et
496 823 605 875 ipsos
628 823 805 877 placare
837 824 899 863 rei
923 823 1115 877 publicae,
1148 823 1383 871 retinuerit,
1420 834 1653 874 vocemque

68 891 147 933 sibi
179 905 201 932 e
235 892 488 944 compendio
520 894 742 946 particulae
775 899 811 934 et
841 896 981 935 ortam
1005 906 1112 943 esse,
1148 906 1199 934 ex
1224 893 1316 934 cod.
1342 893 1653 946 Tegernseensi

69 964 372 1016 antiquissimo
406 966 448 1005 et
480 964 572 1005 aliis
604 964 789 1018 antiquis
822 964 975 1005 dixerit
1006 976 1230 1017 apparere,
1279 964 1402 1004 facile
1444 964 1514 1005 illo
1552 977 1652 1016 pro-

68 1034 239 1075 nomine
272 1047 345 1074 me
376 1034 547 1076 liberari
578 1036 731 1087 patior,
765 1035 879 1088 quod
910 1048 995 1076 non
1029 1026 1085 1075 ex*
1113 1034 1366 1087 compendio
1399 1036 1541 1075 ortum
1574 1038 1651 1085 est,

69 1104 146 1146 sed
177 1105 469 1157 oppositionis,
519 1118 648 1158 quam
688 1108 856 1155 vocant,
905 1106 1042 1158 gratia
1074 1105 1283 1145 additum.
1347 1105 1431 1145 Sed
1462 1104 1652 1146 tollenda

69 1179 134 1216 est
173 1175 395 1228 particula,
444 1176 640 1228 quamvis
678 1177 842 1229 antiqui
880 1176 996 1216 illam
1037 1175 1203 1217 codices
1242 1175 1446 1225 habeant,
1493 1178 1542 1216 ut
1579 1176 1651 1217 sit:

69 1260 222 1287 scmare
252 1247 375 1299 ipsos,
417 1246 591 1300 placare
625 1247 685 1287 rei
707 1246 900 1300 publicoe.
962 1247 1099 1287 Nemo
1138 1247 1318 1299 ignorat,
1367 1259 1496 1298 quam
1536 1259 1652 1299 saepe

68 1319 161 1358 haec
203 1317 497 1358 membrorum
540 1317 804 1370 compositio,
854 1330 949 1370 quae
993 1330 1044 1358 ex
1088 1316 1231 1370 aliqua
1273 1319 1395 1369 parte
1439 1316 1653 1358 contraria

70 1388 166 1437 sint,
198 1387 373 1428 turbata
407 1384 520 1439 sit.¹)

186 1458 232 1499 In
265 1458 387 1500 Catil.
420 1458 474 1498 ΙΙΙ
507 1470 541 1498 c.
575 1458 614 1507 ἔ),
652 1458 717 1507 10,
751 1457 824 1498 ubi
857 1460 966 1498 erat:
1023 1457 1128 1498 Tum
1164 1457 1372 1512 C'etlzeyus,
1416 1458 1487 1513 qui
1519 1459 1652 1512 paulo

70 1533 164 1569 ante
196 1528 358 1583 aliquid
390 1533 527 1569 tamen
560 1528 609 1568 (le
638 1528 797 1582 {stadiis
829 1542 877 1569 ac
918 1529 1025 1581 sicis,
1074 1542 1165 1583 quse
1204 1528 1319 1582 apud
1358 1530 1494 1582 ‘ipsum
1533 1533 1653 1569 erant

66 1598 334 1652 deprehensa,
383 1599 670 1652 respondisset,
719 1612 867 1640 verum
917 1612 1023 1649 esse,
1072 1599 1187 1651 quod
1234 1600 1277 1640 in
1321 1599 1489 1640 duobus
1528 1599 1650 1640 codd.

65 1668 172 1711 Oxx.
207 1672 313 1719 erat,
348 1669 463 1723 apud
493 1683 546 1719 se,
581 1670 1127 1722 reliquorumostendebat
1153 1670 1385 1719 dissensus,
1419 1682 1551 1722 quum
1584 1682 1652 1710 re-

64 1740 266 1781 flexivum
301 1740 553 1781 insolentius
585 1740 782 1793 positum·
804 1742 921 1782 varie
960 1742 1261 1794 corrigeretur3
1294 1754 1395 1782 nam
1437 1743 1479 1782 et
1518 1741 1654 1794 ipsam

66 1812 109 1851 et
142 1811 258 1851 illum
291 1813 333 1852 et
365 1824 453 1851 eum
486 1808 698 1864 legitur.²)
744 1811 839 1853 Non
872 1811 1062 1853 debebat
1093 1813 1161 1853 hic
1193 1812 1297 1852 illud
1329 1812 1473 1865 sperni
1505 1811 1561 1852 ab
1587 1811 1650 1862 iis,

65 1881 137 1934 qui
168 1894 246 1934 pro
279 1881 377 1922 Sex,
410 1881 566 1923 Roscio
600 1882 639 1932 2,
681 1883 705 1922 6
740 1882 982 1923 ediderant:
1030 1884 1101 1937 qui
1138 1896 1179 1923 se
1222 1882 1310 1923 dies
1340 1887 1550 1936 noctesque
1581 1883 1652 1922 sti-

65 1952 209 1993 mulat.
271 1952 390 1993 Alios
423 1952 550 2001 locos,
598 1952 642 1992 in
681 1952 835 2005 quibus
874 1966 1112 2005 pronomen
1144 1952 1394 1994 ressexivum
1427 1953 1470 1993 in
1501 1952 1653 1994 huius—

66 2022 180 2064 modi
213 2023 435 2063 sententiis
460 2022 700 2064 indicativis
725 2024 902 2064 annexis
924 2025 1098 2076 ponitur
1122 2024 1305 2065 relatum
1330 2023 1386 2065 ad
1409 2022 1649 2064 subiectum

65 2093 280 2146 primariae
327 2093 551 2134 sententiaa
598 2092 653 2134 ob
701 2093 994 2135 confusionem
1043 2095 1261 2147 quandam
1302 2094 1527 2135 sententiae
1569 2094 1652 2134 im-

64 2163 233 2216 plicatae
266 2176 316 2204 ac
346 2163 573 2216 pendentis
615 2166 656 2204 et
695 2176 874 2205 annexae
914 2177 963 2205 ac
1003 2165 1231 2215 narrantis,
1281 2165 1450 2218 collegit
1489 2164 1652 2206 Rams—

64 2234 240 2275 hornius
275 2232 298 2286 ἓ
333 2234 412 2274 157
447 2236 534 2275 not.
571 2235 591 2274 1
626 2233 654 2274 b
688 2236 730 2274 et
761 2247 795 2284 c,
839 2234 994 2287 quibus
1033 2235 1146 2276 addo
1180 2235 1265 2277 Cic.
1298 2249 1376 2288 pro
1409 2235 1575 2277 Cluent.
1610 2235 1651 2285 8,

66 2304 143 2346 25:
191 2304 270 2346 sibi
302 2317 385 2345 esse
418 2305 680 2358 imperatum,
722 2309 764 2345 nt
795 2304 978 2345 Aurium
1010 2306 1143 2358 illum,
1183 2298 1254 2360 qui
1291 2305 1371 2347 sibi
1402 2305 1650 2347 delationem

64 2376 243 2416 nominis
274 2379 514 2426 ostentarat,
539 2374 885 2428 proscribendum
916 2381 1095 2417 curaret.
1110 2373 1144 2428 ³)

182 2446 229 2486 In
268 2445 460 2486 eiusdem
498 2449 605 2486 orat.
647 2459 681 2486 c.
717 2446 761 2493 7,
805 2446 855 2486 17
898 2446 1128 2488 edebatur:
1176 2460 1303 2502 neque
1340 2461 1413 2488 nos
1450 2461 1651 2502 unquam,

38 2515 163 2556 *dum
195 2516 264 2557 ille
294 2517 340 2556 in
362 2515 460 2557 urbe
481 2515 608 2557 hostis
627 2516 788 2569 fuisset,
823 2518 950 2557 tantis
965 2517 1169 2571 periculis
1194 2531 1279 2558 rem
1293 2518 1508 2571 publicam
1531 2522 1653 2559 tanta

103 2712 130 2756 ¹)
156 2713 223 2757 [De
249 2715 325 2749 cod.
352 2714 435 2759 Teg.
462 2716 594 2750 erravit
620 2716 886 2757 Steinmetzius;
913 2716 1142 2751 retinendum
1168 2717 1275 2761 igitur
1301 2718 1373 2751 sibi
1398 2715 1520 2761 ipsos]

102 2771 130 2815 2)
156 2773 330 2808 Gruterus
356 2777 391 2808 et
423 2774 675 2809 Steinmetzius
706 2786 853 2809 suorum
888 2775 1052 2810 codicum
1083 2776 1278 2820 scripturas
1312 2787 1384 2810 non
1416 2778 1650 2810 annotarunt.

160 2830 337 2874 [Meliores
363 2834 504 2868 codices
529 2838 677 2868 tuentur
703 2835 801 2877 apud
828 2832 970 2877 ipsum]

105 2887 131 2933 ³)
157 2890 225 2925 Cic.
253 2891 296 2925 de
321 2891 397 2926 Fin.
424 2892 466 2933 II,
493 2891 548 2934 30,
575 2892 630 2934 97,
657 2896 866 2937 corruptum
892 2893 1022 2935 locum,
1049 2894 1110 2928 sed
1137 2904 1180 2928 ex
1206 2893 1327 2937 aliqua
1351 2897 1454 2938 parte
1480 2893 1651 2927 facillime

160 2950 369 2994 sanabilem,
396 2961 468 2984 non
494 2955 589 2986 recte
615 2952 685 2986 huc
710 2951 848 2986 rettulit
874 2950 1009 2994 (Refert
1033 2958 1161 2996 tamen,
1187 2950 1385 2996 quomodo).

1673 1182 1725 1208 189
