1915 3235
856 113 942 155 729

220 241 312 282 Ibd.
348 242 415 291 11,
458 242 513 282 26
555 242 686 294 paulo
723 242 900 296 propius
933 243 990 284 ad
1017 243 1211 285 codicum
1243 243 1436 296 vestigia,
1480 257 1611 296 quam
1650 247 1696 285 tu

102 311 333 361 accessisti,
367 312 691 362 accesserimus,
731 313 766 353 si
798 313 859 354 sic
890 314 1209 366 scripserimus:
1253 314 1529 355 Dec-eruerem
1552 315 1696 368 plane,
1722 302 1725 303 ⁷

101 382 207 422 sicut
236 382 369 422 multa
399 383 446 422 in
484 396 598 435 coss„
639 383 774 424 alter
813 384 1034 437 ambove,
1074 386 1121 425 ni
1154 408 1222 425 —.
1285 384 1584 426 Nominativus
1629 398 1697 426 ac-

103 451 403 494 commodatur
434 452 491 493 ad
521 452 578 501 id,
612 453 728 506 quod
759 455 984 506 praecedit:
1018 460 1092 496 aut
1124 455 1185 496 M.
1217 455 1382 496 Brutus
1413 460 1486 496 aut
1521 455 1565 496 C.
1594 455 1696 496 Cas-

101 523 189 563 sius
236 527 309 563 aut
353 527 537 578 uterque.
623 523 777 576 (Paulo
823 526 923 576 post
974 538 1077 566 vera
1123 526 1229 566 mihi
1276 539 1448 578 semper
1493 526 1586 567 visa
1633 528 1698 567 est

101 592 285 634 Ferrarii
317 593 584 635 coniectura:
629 608 712 635 non
742 599 788 634 ut
819 608 862 635 eo
895 609 943 635 ea:
975 596 1064 636 acie
1094 601 1322 650 respectum
1353 598 1433 637 cet.
1496 596 1559 637 Ex
1591 597 1696 646 acie,

101 676 199 716 quae
240 663 284 704 in
327 663 451 705 Italia
493 667 642 706 contra
683 665 921 706 Antonium
962 666 1201 707 instruatur
1244 668 1287 707 et
1327 669 1503 719 pugnet,
1551 667 1609 708 ad
1640 667 1696 708 M.

100 733 283 774 Brutum
326 736 369 775 et
409 734 453 775 in
495 735 707 776 Graeciam
748 736 904 789 respici
942 750 1029 778 non
1067 737 1170 786 vult,
1219 750 1274 778 ne
1316 737 1360 777 in
1403 749 1454 778 eo
1497 739 1697 789 respectu

100 804 214 857 fugae
247 804 447 857 cogitatio
479 805 625 855 lateat,
669 806 746 847 sed
785 807 926 859 ipsam
958 807 1075 848 illam
1108 807 1301 848 Italicam
1334 808 1470 848 aciem
1503 807 1696 849 subsidio

99 874 221 916 Bruti
255 877 297 915 et
329 875 506 916 Graeciae
537 874 734 928 firmari.)

218 945 310 986 Ibd.
337 946 404 995 13,
437 946 514 987 32:
548 946 729 988 Animas
761 946 824 999 (C.
851 946 1004 1000 Cassii)
1031 949 1069 988 is
1101 953 1170 1001 est,
1205 962 1323 1005 quem
1350 948 1524 1000 videtis‚·
1555 949 1696 1002 copim,

98 1030 203 1071 quas
235 1016 427 1069 audistis,
464 1016 591 1069 fortis
623 1022 659 1057 et
690 1019 915 1059 constantis
946 1020 1043 1071 viri,
1085 1020 1156 1073 qai
1187 1033 1237 1060 ne
1268 1020 1358 1060 vivo
1390 1019 1556 1073 quidem
1597 1019 1696 1059 Tre-

99 1087 218 1128 bonio
251 1087 482 1128 Dolabellae
513 1088 781 1128 latrocinium
812 1090 858 1129 in
890 1088 1062 1143 Syriam
1086 1095 1314 1144 penetrare
1345 1091 1517 1131 sivisset.
1566 1090 1696 1130 Allie-

98 1172 190 1211 nus,
221 1158 460 1211 familiaris
492 1163 528 1199 et
559 1160 818 1200 necessarius
848 1173 962 1200 meas
995 1163 1074 1201 cet.
1123 1161 1373 1202 Admodum
1406 1173 1620 1213 perverse,
1661 1161 1696 1201 si

98 1230 192 1270 haec
229 1229 290 1270 sic
329 1229 477 1271 Cicero
516 1229 698 1282 scripsit,
749 1243 895 1282 quum,
943 1230 1121 1272 laudato
1170 1231 1306 1272 Cassii
1353 1231 1487 1284 ipsius
1536 1231 1694 1280 animo,

99 1300 243 1353 copias
277 1300 367 1340 eius
401 1300 699 1341 demonstrare
730 1301 859 1341 Vellet
892 1303 934 1342 et
966 1301 1184 1351 extollere,
1218 1301 1374 1342 iterum
1401 1302 1535 1354 ipsius
1560 1301 1697 1343 Cassii

98 1370 231 1411 animi
270 1370 444 1411 laudem
482 1371 638 1423 posuit,
688 1371 844 1412 fortem
885 1373 927 1412 et
967 1374 1236 1413 constantem
1276 1372 1416 1413 virum
1457 1373 1695 1425 appellans.

98 1441 210 1482 Huic
232 1443 379 1482 autem
400 1441 518 1482 laudi
549 1442 656 1482 mire
690 1444 732 1482 et
763 1442 854 1482 sine
887 1442 972 1483 ullo
1005 1443 1230 1483 sententiae
1262 1443 1521 1484 orationisve
1553 1445 1695 1483 trans-

97 1512 159 1552 itu
201 1511 357 1552 Allieni
399 1511 560 1553 mentio
604 1512 848 1558 subiicitur:
896 1526 976 1553 nec
1018 1513 1098 1564 his,
1142 1516 1191 1554 ut
1220 1527 1341 1554 nunc
1383 1513 1501 1554 locus
1546 1512 1695 1553 scribi-

96 1584 179 1631 tur,
213 1583 299 1624 ullo
330 1582 461 1623 modo
495 1583 694 1623 convenit
726 1596 790 1631 ea,
836 1596 932 1635 quae
965 1584 1172 1636 sequitur,
1213 1584 1419 1626 orationis
1452 1584 1604 1633 forma,
1653 1583 1696 1623 in

98 1666 182 1706 qua
216 1655 399 1706 apparet
431 1652 672 1694 continuari
704 1656 892 1706 coeptam
925 1654 1012 1694 iam
1046 1656 1146 1695 ante
1179 1654 1316 1696 Cassii
1341 1654 1563 1706 copiarum
1588 1666 1694 1694 enu-

96 1724 402 1765 merationem:
437 1723 513 1764 Est
544 1722 707 1776 (porro)
744 1725 790 1775 Q.
827 1724 986 1765 Coeciliz·
1018 1725 1147 1765 Bassi
1180 1748 1233 1752 —
1267 1726 1482 1765 exercitus.
1539 1723 1587 1764 In
1613 1723 1695 1764 hac

98 1797 245 1835 autem
279 1795 604 1835 enumeratione
635 1795 761 1836 nullo
785 1795 914 1836 modo
947 1795 1115 1836 initium
1148 1795 1203 1836 ab
1237 1795 1404 1836 Allieno
1437 1795 1578 1847 legato
1603 1793 1695 1834 fieri

97 1867 282 1917 poterat,
316 1865 498 1913 omissis,
548 1866 619 1918 qui
660 1868 761 1906 ante
793 1879 944 1907 omnes
976 1865 1231 1907 nominandi
1264 1867 1400 1915 erant,
1450 1865 1500 1915 Q.
1534 1864 1694 1905 Marcio

98 1935 248 1988 Crispo
292 1937 334 1976 et
372 1936 417 1976 L.
453 1935 589 1976 Statio
622 1935 782 1977 Murco.
845 1936 959 1976 Nihil
1003 1937 1159 1977 certius
1203 1938 1269 1977 est
1311 1949 1441 1988 quam
1486 1935 1693 1976 excidisse

97 2007 166 2047 hic
198 2007 418 2055 nonnulla,
452 2019 547 2058 quae
583 2006 636 2047 de
666 2006 732 2046 his
765 2007 868 2058 ipsis
900 2006 1148 2047 hominibus
1183 2006 1297 2047 dicta
1330 2019 1355 2047 a
1388 2006 1592 2048 Cicerone
1626 2019 1693 2046 es-

98 2080 205 2125 sent,
255 2079 297 2118 et
339 2079 414 2118 aut
457 2077 512 2117 ad
554 2077 737 2117 alterum
779 2090 830 2117 ex
868 2076 918 2117 iis
959 2077 1174 2129 pertinere
1206 2076 1324 2117 illam
1358 2076 1619 2118 fortitudinis
1651 2081 1694 2116 et

98 2147 351 2189 constantiae
383 2147 571 2196 laudem,
605 2150 652 2188 ut
683 2148 776 2188 haee
810 2147 938 2188 fuerit
969 2147 1058 2188 fere
1090 2147 1316 2188 sententiae
1348 2147 1507 2188 forma:
1551 2147 1691 2199 copiae,

98 2232 202 2273 qaas
235 2218 435 2259 audistis:
481 2217 687 2270 [primum
720 2218 908 2270 legiones
941 2218 1121 2270 egregiae
1154 2217 1204 2267 Q.
1238 2216 1398 2266 Marcii,
1434 2241 1501 2266 —,
1537 2216 1692 2257 deinde

98 2290 144 2330 L.
178 2288 338 2342 Statii,]
368 2288 495 2341 fortis
527 2293 563 2329 et
594 2289 819 2329 constantis
858 2289 954 2336 viri,
1003 2289 1074 2342 qui
1106 2290 1201 2340 cet.‚
1250 2289 1325 2328 aut
1357 2288 1413 2328 ad
1445 2290 1690 2339 utrumque.

97 2360 132 2401 si
180 2362 421 2401 ceterorum
469 2359 664 2400 codicum
711 2358 967 2399 testimoniis
1010 2358 1312 2399 confirmatum
1355 2358 1435 2399 erit
1472 2357 1689 2405 indicium,

98 2430 214 2484 quod
245 2431 289 2471 in
321 2429 555 2471 Oxoniensi
587 2430 722 2470 altero
754 2429 802 2469 fit
834 2428 914 2469 hac
947 2428 1178 2480 scriptura:
1224 2429 1356 2481 fortes
1395 2434 1430 2470 et
1462 2433 1691 2469 constante-s

97 2500 181 2540 viri
214 2523 267 2526 —
296 2500 416 2553 passi
445 2499 636 2551 fuissent,
670 2502 718 2539 ut
750 2499 806 2539 ad
838 2499 949 2539 hanc
984 2499 1169 2540 formam
1194 2500 1408 2540 sententia
1433 2499 1689 2540 decucurre-

97 2570 170 2611 rit:
205 2570 344 2624 copioe,
378 2583 482 2624 quas
505 2569 702 2610 audistis:
738 2567 944 2621 [primum
969 2582 1031 2610 eae
1053 2569 1253 2622 legiones,
1283 2583 1390 2622 quas
1412 2570 1462 2619 Q.
1491 2569 1688 2617 Marcius,

98 2642 145 2682 L.
178 2641 340 2682 Statius
372 2639 570 2693 habent]
601 2640 733 2693 fortes
765 2645 801 2680 et
832 2644 1062 2680 constantes
1092 2640 1188 2680 viri.
1238 2640 1323 2681 Sed
1344 2640 1415 2680 vix
1437 2640 1565 2681 credo
1588 2652 1689 2680 con-

97 2711 317 2752 firmatum
351 2711 414 2751 iri.
478 2710 622 2764 (Quod
644 2712 835 2765 primum
875 2711 1012 2763 posui,
1060 2710 1363 2751 tantummodo
1403 2709 1688 2751 enumeratio-

98 2794 198 2822 nem
231 2781 441 2834 significo;
490 2782 580 2822 eius
624 2782 707 2822 alia
750 2781 890 2834 potuit
932 2794 1026 2822 esse
1064 2780 1216 2829 forma,
1263 2780 1382 2821 velut
1419 2780 1532 2820 haec:
1581 2779 1688 2820 Sunt

99 2852 287 2905 legiones
320 2853 500 2905 egregiae
533 2851 582 2901 Q.
617 2851 776 2900 Marcii,
813 2874 866 2879 —
898 2854 999 2892 sunt
1030 2852 1076 2892 L.
1110 2850 1246 2900 Statii,
1278 2851 1406 2903 fortis
1437 2849 1535 2901 cet.)
