<?xml version="1.0" encoding="UTF-8"?>
<!DOCTYPE html PUBLIC "-//W3C//DTD XHTML 1.0 Transitional//EN"
    "http://www.w3.org/TR/xhtml1/DTD/xhtml1-transitional.dtd">
<html xmlns="http://www.w3.org/1999/xhtml" xml:lang="en" lang="en">
 <head>
  <title>
</title>
<meta http-equiv="Content-Type" content="text/html;charset=utf-8" />
  <meta name='ocr-system' content='tesseract 3.04.00' />
  <meta name='ocr-capabilities' content='ocr_page ocr_carea ocr_par ocr_line ocrx_word'/>
</head>
<body>
  <div class='ocr_page' id='page_1' title='image "./ionicolaimadvigi00madvuoft_0650.png"; bbox 0 0 1915 3235; ppageno 0'>
   <div class='ocr_carea' id='block_1_1' title="bbox 108 581 159 605">
    <p class='ocr_par' dir='ltr' id='par_1_1' title="bbox 108 581 159 605">
     <span class='ocr_line' id='line_1_1' title="bbox 108 581 159 605; baseline 0 0"><span class='ocrx_word' id='word_1_1' title='bbox 108 581 159 605; x_wconf 78' lang='lat'>278</span> 
     </span>
    </p>
   </div>
   <div class='ocr_carea' id='block_1_2' title="bbox 119 2707 169 2731">
    <p class='ocr_par' dir='ltr' id='par_1_2' title="bbox 119 2707 169 2731">
     <span class='ocr_line' id='line_1_2' title="bbox 119 2707 169 2731; baseline -0.02 0"><span class='ocrx_word' id='word_1_2' title='bbox 119 2707 169 2731; x_wconf 79' lang='lat'>279</span> 
     </span>
    </p>
   </div>
   <div class='ocr_carea' id='block_1_3' title="bbox 936 159 1019 200">
    <p class='ocr_par' dir='ltr' id='par_1_3' title="bbox 936 159 1019 200">
     <span class='ocr_line' id='line_1_3' title="bbox 936 159 1019 200; baseline 0.012 -1"><span class='ocrx_word' id='word_1_3' title='bbox 936 159 1019 200; x_wconf 77' lang='lat'>626</span> 
     </span>
    </p>
   </div>
   <div class='ocr_carea' id='block_1_4' title="bbox 178 288 1787 2892">
    <p class='ocr_par' dir='ltr' id='par_1_4' title="bbox 178 288 1783 2111">
     <span class='ocr_line' id='line_1_4' title="bbox 178 288 1773 342; baseline 0.003 -15"><span class='ocrx_word' id='word_1_4' title='bbox 178 289 399 328; x_wconf 78' lang='lat' dir='ltr'>senectute</span> <span class='ocrx_word' id='word_1_5' title='bbox 432 288 715 340; x_wconf 80' lang='lat' dir='ltr'>proximaque</span> <span class='ocrx_word' id='word_1_6' title='bbox 748 288 801 328; x_wconf 81' lang='lat' dir='ltr'>de</span> <span class='ocrx_word' id='word_1_7' title='bbox 834 289 983 330; x_wconf 88' lang='lat' dir='ltr'>mortis</span> <span class='ocrx_word' id='word_1_8' title='bbox 1005 289 1343 342; x_wconf 73' lang='lat' dir='ltr'>propinquitate,</span> <span class='ocrx_word' id='word_1_9' title='bbox 1379 302 1429 330; x_wconf 89' lang='lat' dir='ltr'>eo</span> <span class='ocrx_word' id='word_1_10' title='bbox 1453 288 1560 331; x_wconf 85' lang='lat' dir='ltr'>Cato</span> <span class='ocrx_word' id='word_1_11' title='bbox 1587 290 1773 339; x_wconf 76' lang='lat' dir='ltr'>devenit,</span> 
     </span>
     <span class='ocr_line' id='line_1_5' title="bbox 179 357 1775 413; baseline 0.003 -16"><span class='ocrx_word' id='word_1_12' title='bbox 179 359 226 398; x_wconf 90' lang='lat' dir='ltr'>ut</span> <span class='ocrx_word' id='word_1_13' title='bbox 272 357 505 398; x_wconf 87' lang='lat' dir='ltr'>terminum</span> <span class='ocrx_word' id='word_1_14' title='bbox 552 358 716 398; x_wconf 89' lang='lat' dir='ltr'>nullum</span> <span class='ocrx_word' id='word_1_15' title='bbox 767 371 860 399; x_wconf 87' lang='lat' dir='ltr'>esse</span> <span class='ocrx_word' id='word_1_16' title='bbox 909 360 1142 401; x_wconf 78' lang='lat' dir='ltr'>senectutis</span> <span class='ocrx_word' id='word_1_17' title='bbox 1191 360 1318 401; x_wconf 89' lang='lat' dir='ltr'>dicat.</span> <span class='ocrx_word' id='word_1_18' title='bbox 1406 360 1557 413; x_wconf 90' lang='lat' dir='ltr'>Itaque</span> <span class='ocrx_word' id='word_1_19' title='bbox 1605 361 1648 401; x_wconf 90' lang='lat' dir='ltr'>in</span> <span class='ocrx_word' id='word_1_20' title='bbox 1694 362 1775 403; x_wconf 90' lang='lat' dir='ltr'>hoc</span> 
     </span>
     <span class='ocr_line' id='line_1_6' title="bbox 179 428 1774 484; baseline 0.003 -16"><span class='ocrx_word' id='word_1_21' title='bbox 179 428 364 469; x_wconf 87' lang='lat' dir='ltr'>transitu</span> <span class='ocrx_word' id='word_1_22' title='bbox 398 430 529 480; x_wconf 86' lang='lat' dir='ltr'>caput</span> <span class='ocrx_word' id='word_1_23' title='bbox 561 431 626 469; x_wconf 89' lang='lat' dir='ltr'>est</span> <span class='ocrx_word' id='word_1_24' title='bbox 657 429 883 470; x_wconf 66' lang='lat' dir='ltr'>sententiae</span> <span class='ocrx_word' id='word_1_25' title='bbox 916 443 996 471; x_wconf 90' lang='lat' dir='ltr'>nec</span> <span class='ocrx_word' id='word_1_26' title='bbox 1028 430 1262 483; x_wconf 86' lang='lat' dir='ltr'>quicquam</span> <span class='ocrx_word' id='word_1_27' title='bbox 1296 431 1498 472; x_wconf 86' lang='lat' dir='ltr'>contrarii</span> <span class='ocrx_word' id='word_1_28' title='bbox 1530 431 1774 484; x_wconf 75' lang='lat' dir='ltr'>requiritur.</span> 
     </span>
     <span class='ocr_line' id='line_1_7' title="bbox 180 498 1775 555; baseline 0.003 -17"><span class='ocrx_word' id='word_1_29' title='bbox 180 498 319 539; x_wconf 89' lang='lat' dir='ltr'>Minus</span> <span class='ocrx_word' id='word_1_30' title='bbox 366 498 599 540; x_wconf 86' lang='lat' dir='ltr'>manifesta</span> <span class='ocrx_word' id='word_1_31' title='bbox 646 500 894 541; x_wconf 87' lang='lat' dir='ltr'>testimonia</span> <span class='ocrx_word' id='word_1_32' title='bbox 942 500 1102 541; x_wconf 86' lang='lat' dir='ltr'>veritas</span> <span class='ocrx_word' id='word_1_33' title='bbox 1150 501 1285 542; x_wconf 84' lang='lat' dir='ltr'>habet</span> <span class='ocrx_word' id='word_1_34' title='bbox 1331 502 1375 542; x_wconf 89' lang='lat' dir='ltr'>in</span> <span class='ocrx_word' id='word_1_35' title='bbox 1415 504 1610 543; x_wconf 80' lang='lat' dir='ltr'>extrema</span> <span class='ocrx_word' id='word_1_36' title='bbox 1652 506 1775 555; x_wconf 90' lang='lat' dir='ltr'>parte</span> 
     </span>
     <span class='ocr_line' id='line_1_8' title="bbox 179 570 1775 626; baseline 0.003 -17"><span class='ocrx_word' id='word_1_37' title='bbox 179 570 418 617; x_wconf 80' lang='lat' dir='ltr'>sententiae,</span> <span class='ocrx_word' id='word_1_38' title='bbox 467 570 510 610; x_wconf 86' lang='lat' dir='ltr'>in</span> <span class='ocrx_word' id='word_1_39' title='bbox 559 583 644 623; x_wconf 85' lang='lat' dir='ltr'>qua</span> <span class='ocrx_word' id='word_1_40' title='bbox 692 571 859 612; x_wconf 86' lang='lat' dir='ltr'>codices</span> <span class='ocrx_word' id='word_1_41' title='bbox 898 571 1076 612; x_wconf 88' lang='lat' dir='ltr'>mirifice</span> <span class='ocrx_word' id='word_1_42' title='bbox 1115 572 1298 613; x_wconf 86' lang='lat' dir='ltr'>variant.</span> <span class='ocrx_word' id='word_1_43' title='bbox 1370 571 1601 625; x_wconf 84' lang='lat' dir='ltr'>Vulgatam</span> <span class='ocrx_word' id='word_1_44' title='bbox 1640 574 1775 626; x_wconf 86' lang='lat' dir='ltr'>scrip-</span> 
     </span>
     <span class='ocr_line' id='line_1_9' title="bbox 178 640 1775 694; baseline 0.003 -14"><span class='ocrx_word' id='word_1_45' title='bbox 178 642 322 680; x_wconf 89' lang='lat' dir='ltr'>turam</span> <span class='ocrx_word' id='word_1_46' title='bbox 356 653 408 680; x_wconf 84' lang='lat' dir='ltr'>ex</span> <span class='ocrx_word' id='word_1_47' title='bbox 441 640 659 682; x_wconf 82' lang='lat' dir='ltr'>codicibus</span> <span class='ocrx_word' id='word_1_48' title='bbox 691 655 830 694; x_wconf 85' lang='lat' dir='ltr'>nuper</span> <span class='ocrx_word' id='word_1_49' title='bbox 863 642 1026 684; x_wconf 88' lang='lat' dir='ltr'>collatis</span> <span class='ocrx_word' id='word_1_50' title='bbox 1050 643 1214 684; x_wconf 87' lang='lat' dir='ltr'>habent</span> <span class='ocrx_word' id='word_1_51' title='bbox 1236 643 1504 684; x_wconf 81' lang='lat' dir='ltr'>Trevirensis</span> <span class='ocrx_word' id='word_1_52' title='bbox 1529 646 1570 684; x_wconf 90' lang='lat' dir='ltr'>et</span> <span class='ocrx_word' id='word_1_53' title='bbox 1592 644 1775 686; x_wconf 72' lang='lat' dir='ltr'>Vindob.</span> 
     </span>
     <span class='ocr_line' id='line_1_10' title="bbox 179 711 1777 768; baseline 0.003 -17"><span class='ocrx_word' id='word_1_54' title='bbox 179 723 263 752; x_wconf 89' lang='lat' dir='ltr'>sec.</span> <span class='ocrx_word' id='word_1_55' title='bbox 298 713 341 752; x_wconf 90' lang='lat' dir='ltr'>et</span> <span class='ocrx_word' id='word_1_56' title='bbox 372 711 667 763; x_wconf 80' lang='lat' dir='ltr'>Haenelianus,</span> <span class='ocrx_word' id='word_1_57' title='bbox 704 717 792 753; x_wconf 84' lang='lat' dir='ltr'>tum</span> <span class='ocrx_word' id='word_1_58' title='bbox 825 713 1018 766; x_wconf 83' lang='lat' dir='ltr'>plerique</span> <span class='ocrx_word' id='word_1_59' title='bbox 1051 713 1135 763; x_wconf 89' lang='lat' dir='ltr'>alii,</span> <span class='ocrx_word' id='word_1_60' title='bbox 1177 713 1254 755; x_wconf 88' lang='lat' dir='ltr'>sed</span> <span class='ocrx_word' id='word_1_61' title='bbox 1284 715 1447 767; x_wconf 80' lang='lat' dir='ltr'>regius:</span> <span class='ocrx_word' id='word_1_62' title='bbox 1489 715 1636 768; x_wconf 67' lang='lat' dir='ltr'>possit,</span> <span class='ocrx_word' id='word_1_63' title='bbox 1669 729 1777 756; x_wconf 78' lang='lat' dir='ltr'>mor-</span> 
     </span>
     <span class='ocr_line' id='line_1_11' title="bbox 179 783 1779 839; baseline 0.003 -17"><span class='ocrx_word' id='word_1_64' title='bbox 179 787 336 837; x_wconf 71' lang='lat' dir='ltr'>temque</span> <span class='ocrx_word' id='word_1_65' title='bbox 368 787 635 832; x_wconf 71' lang='lat' dir='ltr'>contemnere,</span> <span class='ocrx_word' id='word_1_66' title='bbox 670 784 786 835; x_wconf 87' lang='lat' dir='ltr'>quod</span> <span class='ocrx_word' id='word_1_67' title='bbox 819 783 1008 825; x_wconf 87' lang='lat' dir='ltr'>Klotzius</span> <span class='ocrx_word' id='word_1_68' title='bbox 1040 785 1215 837; x_wconf 89' lang='lat' dir='ltr'>recepit,</span> <span class='ocrx_word' id='word_1_69' title='bbox 1250 784 1534 826; x_wconf 83' lang='lat' dir='ltr'>Erfurtensis:</span> <span class='ocrx_word' id='word_1_70' title='bbox 1578 786 1712 839; x_wconf 72' lang='lat' dir='ltr'>possis</span> <span class='ocrx_word' id='word_1_71' title='bbox 1744 792 1779 826; x_wconf 78' lang='lat' dir='ltr'>et</span> 
     </span>
     <span class='ocr_line' id='line_1_12' title="bbox 179 854 1778 909; baseline 0.003 -16"><span class='ocrx_word' id='word_1_72' title='bbox 179 858 318 893; x_wconf 71' lang='lat' dir='ltr'>tamen</span> <span class='ocrx_word' id='word_1_73' title='bbox 356 859 528 894; x_wconf 75' lang='lat' dir='ltr'>mortem</span> <span class='ocrx_word' id='word_1_74' title='bbox 566 867 648 894; x_wconf 68' lang='lat' dir='ltr'>ozon</span> <span class='ocrx_word' id='word_1_75' title='bbox 686 855 849 903; x_wconf 68' lang='lat' dir='ltr'>timere,</span> <span class='ocrx_word' id='word_1_76' title='bbox 899 854 1018 896; x_wconf 67' lang='lat' dir='ltr'>Bas:</span> <span class='ocrx_word' id='word_1_77' title='bbox 1060 857 1194 909; x_wconf 71' lang='lat' dir='ltr'>possit</span> <span class='ocrx_word' id='word_1_78' title='bbox 1240 856 1409 897; x_wconf 71' lang='lat' dir='ltr'>tandem</span> <span class='ocrx_word' id='word_1_79' title='bbox 1455 856 1563 897; x_wconf 73' lang='lat' dir='ltr'>valet</span> <span class='ocrx_word' id='word_1_80' title='bbox 1608 861 1778 897; x_wconf 77' lang='lat' dir='ltr'>mortem</span> 
     </span>
     <span class='ocr_line' id='line_1_13' title="bbox 181 924 1779 979; baseline 0.003 -15"><span class='ocrx_word' id='word_1_81' title='bbox 181 928 447 965; x_wconf 64' lang='lat' dir='ltr'>contemmere.</span> <span class='ocrx_word' id='word_1_82' title='bbox 496 924 827 977; x_wconf 74' lang='lat' dir='ltr'>Quamcumque</span> <span class='ocrx_word' id='word_1_83' title='bbox 861 938 913 966; x_wconf 81' lang='lat' dir='ltr'>ex</span> <span class='ocrx_word' id='word_1_84' title='bbox 944 925 1010 967; x_wconf 90' lang='lat' dir='ltr'>his</span> <span class='ocrx_word' id='word_1_85' title='bbox 1043 926 1266 979; x_wconf 88' lang='lat' dir='ltr'>scripturis</span> <span class='ocrx_word' id='word_1_86' title='bbox 1301 926 1491 979; x_wconf 76' lang='lat' dir='ltr'>elegeris,</span> <span class='ocrx_word' id='word_1_87' title='bbox 1526 940 1613 968; x_wconf 92' lang='lat' dir='ltr'>non</span> <span class='ocrx_word' id='word_1_88' title='bbox 1639 928 1779 969; x_wconf 87' lang='lat' dir='ltr'>solum</span> 
     </span>
     <span class='ocr_line' id='line_1_14' title="bbox 182 995 1779 1047; baseline 0.003 -12"><span class='ocrx_word' id='word_1_89' title='bbox 182 1008 316 1047; x_wconf 81' lang='lat' dir='ltr'>prava</span> <span class='ocrx_word' id='word_1_90' title='bbox 349 995 429 1036; x_wconf 88' lang='lat' dir='ltr'>erit</span> <span class='ocrx_word' id='word_1_91' title='bbox 462 995 691 1046; x_wconf 84' lang='lat' dir='ltr'>sententia,</span> <span class='ocrx_word' id='word_1_92' title='bbox 740 997 818 1037; x_wconf 87' lang='lat' dir='ltr'>sed</span> <span class='ocrx_word' id='word_1_93' title='bbox 856 997 916 1038; x_wconf 87' lang='lat' dir='ltr'>ita</span> <span class='ocrx_word' id='word_1_94' title='bbox 956 1010 981 1037; x_wconf 84' lang='lat' dir='ltr'>a</span> <span class='ocrx_word' id='word_1_95' title='bbox 1013 1010 1058 1038; x_wconf 88' lang='lat' dir='ltr'>re</span> <span class='ocrx_word' id='word_1_96' title='bbox 1093 1000 1135 1038; x_wconf 91' lang='lat' dir='ltr'>et</span> <span class='ocrx_word' id='word_1_97' title='bbox 1168 997 1428 1038; x_wconf 66' lang='lat' dir='ltr'>cohaerentia</span> <span class='ocrx_word' id='word_1_98' title='bbox 1462 999 1668 1039; x_wconf 84' lang='lat' dir='ltr'>orationis</span> <span class='ocrx_word' id='word_1_99' title='bbox 1701 999 1779 1039; x_wconf 76' lang='lat' dir='ltr'>ai)-</span> 
     </span>
     <span class='ocr_line' id='line_1_15' title="bbox 180 1066 1780 1121; baseline 0.003 -15"><span class='ocrx_word' id='word_1_100' title='bbox 180 1066 373 1114; x_wconf 88' lang='lat' dir='ltr'>horrens,</span> <span class='ocrx_word' id='word_1_101' title='bbox 407 1069 455 1107; x_wconf 93' lang='lat' dir='ltr'>ut</span> <span class='ocrx_word' id='word_1_102' title='bbox 488 1066 681 1108; x_wconf 86' lang='lat' dir='ltr'>Ciceroni</span> <span class='ocrx_word' id='word_1_103' title='bbox 715 1067 911 1108; x_wconf 81' lang='lat' dir='ltr'>excidere</span> <span class='ocrx_word' id='word_1_104' title='bbox 944 1081 1030 1109; x_wconf 90' lang='lat' dir='ltr'>non</span> <span class='ocrx_word' id='word_1_105' title='bbox 1062 1068 1263 1121; x_wconf 87' lang='lat' dir='ltr'>potuerit.</span> <span class='ocrx_word' id='word_1_106' title='bbox 1318 1068 1430 1109; x_wconf 87' lang='lat' dir='ltr'>Nam</span> <span class='ocrx_word' id='word_1_107' title='bbox 1455 1082 1589 1121; x_wconf 90' lang='lat' dir='ltr'>quum</span> <span class='ocrx_word' id='word_1_108' title='bbox 1612 1069 1780 1110; x_wconf 89' lang='lat' dir='ltr'>tamdiu</span> 
     </span>
     <span class='ocr_line' id='line_1_16' title="bbox 181 1138 1780 1192; baseline 0.003 -14"><span class='ocrx_word' id='word_1_109' title='bbox 181 1140 296 1178; x_wconf 87' lang='lat' dir='ltr'>recte</span> <span class='ocrx_word' id='word_1_110' title='bbox 329 1138 414 1178; x_wconf 82' lang='lat' dir='ltr'>vivi</span> <span class='ocrx_word' id='word_1_111' title='bbox 446 1139 663 1188; x_wconf 87' lang='lat' dir='ltr'>statuitur,</span> <span class='ocrx_word' id='word_1_112' title='bbox 713 1138 923 1190; x_wconf 85' lang='lat' dir='ltr'>quamdiu</span> <span class='ocrx_word' id='word_1_113' title='bbox 966 1139 1061 1192; x_wconf 90' lang='lat' dir='ltr'>quis</span> <span class='ocrx_word' id='word_1_114' title='bbox 1094 1152 1277 1181; x_wconf 84' lang='lat' dir='ltr'>munera</span> <span class='ocrx_word' id='word_1_115' title='bbox 1311 1140 1488 1192; x_wconf 81' lang='lat' dir='ltr'>exsequi</span> <span class='ocrx_word' id='word_1_116' title='bbox 1521 1145 1564 1181; x_wconf 90' lang='lat' dir='ltr'>et</span> <span class='ocrx_word' id='word_1_117' title='bbox 1595 1142 1780 1182; x_wconf 88' lang='lat' dir='ltr'>mortem</span> 
     </span>
     <span class='ocr_line' id='line_1_17' title="bbox 182 1210 1782 1264; baseline 0.003 -16"><span class='ocrx_word' id='word_1_118' title='bbox 182 1210 457 1249; x_wconf 88' lang='lat' dir='ltr'>contemnere</span> <span class='ocrx_word' id='word_1_119' title='bbox 479 1210 626 1261; x_wconf 82' lang='lat' dir='ltr'>possit,</span> <span class='ocrx_word' id='word_1_120' title='bbox 661 1210 867 1261; x_wconf 89' lang='lat' dir='ltr'>sequitur,</span> <span class='ocrx_word' id='word_1_121' title='bbox 900 1212 960 1259; x_wconf 90' lang='lat' dir='ltr'>ut,</span> <span class='ocrx_word' id='word_1_122' title='bbox 995 1223 1129 1262; x_wconf 88' lang='lat' dir='ltr'>quum</span> <span class='ocrx_word' id='word_1_123' title='bbox 1152 1210 1246 1263; x_wconf 88' lang='lat' dir='ltr'>quis&#39;</span> <span class='ocrx_word' id='word_1_124' title='bbox 1269 1212 1453 1251; x_wconf 89' lang='lat' dir='ltr'>mortem</span> <span class='ocrx_word' id='word_1_125' title='bbox 1483 1210 1571 1251; x_wconf 85' lang='lat' dir='ltr'>iam</span> <span class='ocrx_word' id='word_1_126' title='bbox 1593 1213 1782 1264; x_wconf 89' lang='lat' dir='ltr'>nequeat</span> 
     </span>
     <span class='ocr_line' id='line_1_18' title="bbox 182 1281 1780 1334; baseline 0.002 -15"><span class='ocrx_word' id='word_1_127' title='bbox 182 1281 458 1320; x_wconf 85' lang='lat' dir='ltr'>contemnere</span> <span class='ocrx_word' id='word_1_128' title='bbox 491 1293 750 1332; x_wconf 89' lang='lat' dir='ltr'>summoque</span> <span class='ocrx_word' id='word_1_129' title='bbox 784 1281 875 1321; x_wconf 87' lang='lat' dir='ltr'>eius</span> <span class='ocrx_word' id='word_1_130' title='bbox 907 1281 1063 1322; x_wconf 90' lang='lat' dir='ltr'>timore</span> <span class='ocrx_word' id='word_1_131' title='bbox 1095 1284 1294 1334; x_wconf 83' lang='lat' dir='ltr'>angatur,</span> <span class='ocrx_word' id='word_1_132' title='bbox 1334 1284 1427 1322; x_wconf 86' lang='lat' dir='ltr'>tum</span> <span class='ocrx_word' id='word_1_133' title='bbox 1461 1282 1516 1322; x_wconf 90' lang='lat' dir='ltr'>sit</span> <span class='ocrx_word' id='word_1_134' title='bbox 1551 1284 1726 1334; x_wconf 88' lang='lat' dir='ltr'>tempus</span> <span class='ocrx_word' id='word_1_135' title='bbox 1759 1295 1780 1322; x_wconf 93' lang='lat' dir='ltr'>e</span> 
     </span>
     <span class='ocr_line' id='line_1_19' title="bbox 182 1350 1781 1405; baseline 0.001 -14"><span class='ocrx_word' id='word_1_136' title='bbox 182 1351 269 1391; x_wconf 83' lang='lat' dir='ltr'>Vita</span> <span class='ocrx_word' id='word_1_137' title='bbox 303 1351 557 1400; x_wconf 80' lang='lat' dir='ltr'>excedendi;</span> <span class='ocrx_word' id='word_1_138' title='bbox 591 1364 675 1403; x_wconf 92' lang='lat' dir='ltr'>quo</span> <span class='ocrx_word' id='word_1_139' title='bbox 709 1350 808 1404; x_wconf 89' lang='lat' dir='ltr'>quid</span> <span class='ocrx_word' id='word_1_140' title='bbox 844 1354 910 1392; x_wconf 87' lang='lat' dir='ltr'>est</span> <span class='ocrx_word' id='word_1_141' title='bbox 941 1352 1214 1405; x_wconf 81' lang='lat' dir='ltr'>perversius?</span> <span class='ocrx_word' id='word_1_142' title='bbox 1254 1352 1343 1393; x_wconf 90' lang='lat' dir='ltr'>Nec</span> <span class='ocrx_word' id='word_1_143' title='bbox 1375 1352 1528 1393; x_wconf 88' lang='lat' dir='ltr'>melius</span> <span class='ocrx_word' id='word_1_144' title='bbox 1555 1355 1632 1403; x_wconf 87' lang='lat' dir='ltr'>est,</span> <span class='ocrx_word' id='word_1_145' title='bbox 1667 1352 1781 1405; x_wconf 86' lang='lat' dir='ltr'>quod</span> 
     </span>
     <span class='ocr_line' id='line_1_20' title="bbox 182 1421 1780 1476; baseline 0.002 -15"><span class='ocrx_word' id='word_1_146' title='bbox 182 1421 331 1462; x_wconf 87' lang='lat' dir='ltr'>mortis</span> <span class='ocrx_word' id='word_1_147' title='bbox 366 1422 630 1475; x_wconf 89' lang='lat' dir='ltr'>contemptio</span> <span class='ocrx_word' id='word_1_148' title='bbox 665 1422 818 1463; x_wconf 88' lang='lat' dir='ltr'>eadem</span> <span class='ocrx_word' id='word_1_149' title='bbox 852 1423 1130 1476; x_wconf 85' lang='lat' dir='ltr'>proportione</span> <span class='ocrx_word' id='word_1_150' title='bbox 1164 1425 1294 1476; x_wconf 89' lang='lat' dir='ltr'>atque</span> <span class='ocrx_word' id='word_1_151' title='bbox 1315 1423 1429 1464; x_wconf 81' lang='lat' dir='ltr'>vires</span> <span class='ocrx_word' id='word_1_152' title='bbox 1452 1423 1588 1464; x_wconf 88' lang='lat' dir='ltr'>minui</span> <span class='ocrx_word' id='word_1_153' title='bbox 1614 1423 1780 1471; x_wconf 85' lang='lat' dir='ltr'>dicitur,</span> 
     </span>
     <span class='ocr_line' id='line_1_21' title="bbox 184 1493 1781 1547; baseline 0.001 -15"><span class='ocrx_word' id='word_1_154' title='bbox 184 1504 316 1544; x_wconf 89' lang='lat' dir='ltr'>quum</span> <span class='ocrx_word' id='word_1_155' title='bbox 350 1495 499 1534; x_wconf 85' lang='lat' dir='ltr'>contra</span> <span class='ocrx_word' id='word_1_156' title='bbox 531 1493 710 1534; x_wconf 78' lang='lat' dir='ltr'>taedium</span> <span class='ocrx_word' id='word_1_157' title='bbox 743 1494 842 1534; x_wconf 80' lang='lat' dir='ltr'>vitae</span> <span class='ocrx_word' id='word_1_158' title='bbox 877 1496 1172 1547; x_wconf 87' lang='lat' dir='ltr'>contemptum</span> <span class='ocrx_word' id='word_1_159' title='bbox 1214 1494 1364 1535; x_wconf 84' lang='lat' dir='ltr'>mortis</span> <span class='ocrx_word' id='word_1_160' title='bbox 1405 1495 1560 1535; x_wconf 84' lang='lat' dir='ltr'>afferre</span> <span class='ocrx_word' id='word_1_161' title='bbox 1601 1507 1781 1536; x_wconf 86' lang='lat' dir='ltr'>consen-</span> 
     </span>
     <span class='ocr_line' id='line_1_22' title="bbox 186 1563 1780 1618; baseline 0.001 -15"><span class='ocrx_word' id='word_1_162' title='bbox 186 1565 361 1604; x_wconf 87' lang='lat' dir='ltr'>taneum</span> <span class='ocrx_word' id='word_1_163' title='bbox 409 1563 477 1604; x_wconf 89' lang='lat' dir='ltr'>sit.</span> <span class='ocrx_word' id='word_1_164' title='bbox 556 1564 619 1604; x_wconf 81' lang='lat' dir='ltr'>Ex</span> <span class='ocrx_word' id='word_1_165' title='bbox 666 1565 761 1617; x_wconf 86' lang='lat' dir='ltr'>ipsa</span> <span class='ocrx_word' id='word_1_166' title='bbox 809 1565 1006 1606; x_wconf 87' lang='lat' dir='ltr'>codicum</span> <span class='ocrx_word' id='word_1_167' title='bbox 1054 1565 1345 1618; x_wconf 82' lang='lat' dir='ltr'>discrepantia</span> <span class='ocrx_word' id='word_1_168' title='bbox 1391 1565 1673 1607; x_wconf 88' lang='lat' dir='ltr'>manifestum</span> <span class='ocrx_word' id='word_1_169' title='bbox 1719 1565 1780 1613; x_wconf 84' lang='lat' dir='ltr'>fit,</span> 
     </span>
     <span class='ocr_line' id='line_1_23' title="bbox 184 1633 1782 1690; baseline 0.001 -16"><span class='ocrx_word' id='word_1_170' title='bbox 184 1633 353 1674; x_wconf 86' lang='lat' dir='ltr'>adiecta</span> <span class='ocrx_word' id='word_1_171' title='bbox 385 1634 478 1675; x_wconf 80' lang='lat' dir='ltr'>haec</span> <span class='ocrx_word' id='word_1_172' title='bbox 511 1648 620 1684; x_wconf 91' lang='lat' dir='ltr'>esse,</span> <span class='ocrx_word' id='word_1_173' title='bbox 655 1635 771 1688; x_wconf 85' lang='lat' dir='ltr'>quod</span> <span class='ocrx_word' id='word_1_174' title='bbox 802 1649 889 1677; x_wconf 88' lang='lat' dir='ltr'>non</span> <span class='ocrx_word' id='word_1_175' title='bbox 921 1639 1167 1689; x_wconf 84' lang='lat' dir='ltr'>appareret,</span> <span class='ocrx_word' id='word_1_176' title='bbox 1203 1650 1267 1687; x_wconf 90' lang='lat' dir='ltr'>ea,</span> <span class='ocrx_word' id='word_1_177' title='bbox 1302 1650 1399 1690; x_wconf 83' lang='lat' dir='ltr'>quae</span> <span class='ocrx_word' id='word_1_178' title='bbox 1423 1638 1680 1688; x_wconf 90' lang='lat' dir='ltr'>sequuntur:</span> <span class='ocrx_word' id='word_1_179' title='bbox 1716 1636 1782 1676; x_wconf 70' lang='lat' dir='ltr'>Er</span> 
     </span>
     <span class='ocr_line' id='line_1_24' title="bbox 184 1704 1782 1759; baseline 0.002 -14"><span class='ocrx_word' id='word_1_180' title='bbox 184 1718 260 1759; x_wconf 74' lang='lat' dir='ltr'>quo</span> <span class='ocrx_word' id='word_1_181' title='bbox 289 1704 337 1758; x_wconf 73' lang='lat' dir='ltr'>fit</span> <span class='ocrx_word' id='word_1_182' title='bbox 370 1708 464 1754; x_wconf 90' lang='lat' dir='ltr'>cet.,</span> <span class='ocrx_word' id='word_1_183' title='bbox 514 1719 598 1759; x_wconf 89' lang='lat' dir='ltr'>quo</span> <span class='ocrx_word' id='word_1_184' title='bbox 638 1706 914 1748; x_wconf 87' lang='lat' dir='ltr'>referrentur.</span> <span class='ocrx_word' id='word_1_185' title='bbox 977 1707 1137 1748; x_wconf 88' lang='lat' dir='ltr'>Verum</span> <span class='ocrx_word' id='word_1_186' title='bbox 1177 1720 1228 1748; x_wconf 87' lang='lat' dir='ltr'>ea</span> <span class='ocrx_word' id='word_1_187' title='bbox 1267 1719 1365 1748; x_wconf 90' lang='lat' dir='ltr'>cum</span> <span class='ocrx_word' id='word_1_188' title='bbox 1398 1707 1690 1759; x_wconf 87' lang='lat' dir='ltr'>superioribus</span> <span class='ocrx_word' id='word_1_189' title='bbox 1723 1708 1782 1748; x_wconf 84' lang='lat' dir='ltr'>sic</span> 
     </span>
     <span class='ocr_line' id='line_1_25' title="bbox 185 1778 1780 1831; baseline 0.002 -15"><span class='ocrx_word' id='word_1_190' title='bbox 185 1778 511 1827; x_wconf 83' lang='lat' dir='ltr'>connectuntur,</span> <span class='ocrx_word' id='word_1_191' title='bbox 560 1779 621 1827; x_wconf 92' lang='lat' dir='ltr'>ut,</span> <span class='ocrx_word' id='word_1_192' title='bbox 670 1791 805 1831; x_wconf 91' lang='lat' dir='ltr'>quum</span> <span class='ocrx_word' id='word_1_193' title='bbox 847 1778 990 1819; x_wconf 88' lang='lat' dir='ltr'>nullus</span> <span class='ocrx_word' id='word_1_194' title='bbox 1031 1778 1086 1819; x_wconf 90' lang='lat' dir='ltr'>sit</span> <span class='ocrx_word' id='word_1_195' title='bbox 1118 1779 1259 1818; x_wconf 84' lang='lat' dir='ltr'>certus</span> <span class='ocrx_word' id='word_1_196' title='bbox 1292 1778 1525 1818; x_wconf 85' lang='lat' dir='ltr'>senectutis</span> <span class='ocrx_word' id='word_1_197' title='bbox 1558 1778 1780 1825; x_wconf 82' lang='lat' dir='ltr'>terminus,</span> 
     </span>
     <span class='ocr_line' id='line_1_26' title="bbox 183 1848 1782 1901; baseline 0.002 -15"><span class='ocrx_word' id='word_1_198' title='bbox 183 1859 404 1898; x_wconf 87' lang='lat' dir='ltr'>nunquam</span> <span class='ocrx_word' id='word_1_199' title='bbox 439 1848 482 1888; x_wconf 89' lang='lat' dir='ltr'>in</span> <span class='ocrx_word' id='word_1_200' title='bbox 515 1861 566 1889; x_wconf 87' lang='lat' dir='ltr'>ea</span> <span class='ocrx_word' id='word_1_201' title='bbox 589 1851 855 1901; x_wconf 80' lang='lat' dir='ltr'>praematura</span> <span class='ocrx_word' id='word_1_202' title='bbox 877 1862 994 1890; x_wconf 90' lang='lat' dir='ltr'>mors</span> <span class='ocrx_word' id='word_1_203' title='bbox 1018 1861 1112 1890; x_wconf 88' lang='lat' dir='ltr'>esse</span> <span class='ocrx_word' id='word_1_204' title='bbox 1134 1849 1284 1901; x_wconf 86' lang='lat' dir='ltr'>possit.</span> <span class='ocrx_word' id='word_1_205' title='bbox 1332 1848 1427 1889; x_wconf 84' lang='lat' dir='ltr'>Iure</span> <span class='ocrx_word' id='word_1_206' title='bbox 1450 1849 1578 1901; x_wconf 80' lang='lat' dir='ltr'>igitur</span> <span class='ocrx_word' id='word_1_207' title='bbox 1601 1849 1782 1889; x_wconf 84' lang='lat' dir='ltr'>Schuet—</span> 
     </span>
     <span class='ocr_line' id='line_1_27' title="bbox 185 1917 1783 1972; baseline 0.003 -15"><span class='ocrx_word' id='word_1_208' title='bbox 185 1917 285 1967; x_wconf 84' lang='lat' dir='ltr'>zius,</span> <span class='ocrx_word' id='word_1_209' title='bbox 319 1918 523 1960; x_wconf 85' lang='lat' dir='ltr'>Ursinum</span> <span class='ocrx_word' id='word_1_210' title='bbox 557 1923 745 1970; x_wconf 85' lang='lat' dir='ltr'>secutus,</span> <span class='ocrx_word' id='word_1_211' title='bbox 780 1920 1157 1972; x_wconf 84' lang='lat' dir='ltr'>interpolationem</span> <span class='ocrx_word' id='word_1_212' title='bbox 1190 1920 1378 1968; x_wconf 87' lang='lat' dir='ltr'>notavit;</span> <span class='ocrx_word' id='word_1_213' title='bbox 1413 1932 1490 1972; x_wconf 79' lang='lat' dir='ltr'>ego</span> <span class='ocrx_word' id='word_1_214' title='bbox 1523 1920 1689 1969; x_wconf 87' lang='lat' dir='ltr'>sustuli,</span> <span class='ocrx_word' id='word_1_215' title='bbox 1723 1920 1783 1961; x_wconf 90' lang='lat' dir='ltr'>sic</span> 
     </span>
     <span class='ocr_line' id='line_1_28' title="bbox 185 1988 1783 2046; baseline 0.002 -18"><span class='ocrx_word' id='word_1_216' title='bbox 185 1988 397 2030; x_wconf 85' lang='lat' dir='ltr'>scribens:</span> <span class='ocrx_word' id='word_1_217' title='bbox 446 1990 584 2045; x_wconf 75' lang='lat' dir='ltr'>quoad</span> <span class='ocrx_word' id='word_1_218' title='bbox 622 2004 774 2032; x_wconf 73' lang='lat' dir='ltr'>munus</span> <span class='ocrx_word' id='word_1_219' title='bbox 818 1990 951 2044; x_wconf 75' lang='lat' dir='ltr'>officii</span> <span class='ocrx_word' id='word_1_220' title='bbox 989 1991 1153 2046; x_wconf 68' lang='lat' dir='ltr'>exsequi</span> <span class='ocrx_word' id='word_1_221' title='bbox 1192 1995 1228 2031; x_wconf 76' lang='lat' dir='ltr'>et</span> <span class='ocrx_word' id='word_1_222' title='bbox 1267 1991 1376 2030; x_wconf 74' lang='lat' dir='ltr'>tueri</span> <span class='ocrx_word' id='word_1_223' title='bbox 1408 1992 1572 2044; x_wconf 73' lang='lat' dir='ltr'>possis;</span> <span class='ocrx_word' id='word_1_224' title='bbox 1621 2004 1669 2031; x_wconf 65' lang='lat' dir='ltr'>em</span> <span class='ocrx_word' id='word_1_225' title='bbox 1707 2005 1783 2045; x_wconf 69' lang='lat' dir='ltr'>quo</span> 
     </span>
     <span class='ocr_line' id='line_1_29' title="bbox 182 2058 342 2111; baseline 0 -11"><span class='ocrx_word' id='word_1_226' title='bbox 182 2058 230 2111; x_wconf 74' lang='lat' dir='ltr'>fit</span> <span class='ocrx_word' id='word_1_227' title='bbox 263 2062 342 2100; x_wconf 89' lang='lat' dir='ltr'>cet.</span> 
     </span>
    </p>

    <p class='ocr_par' dir='ltr' id='par_1_5' title="bbox 186 2130 1785 2610">
     <span class='ocr_line' id='line_1_30' title="bbox 304 2130 1784 2185; baseline 0.001 -14"><span class='ocrx_word' id='word_1_228' title='bbox 304 2130 349 2172; x_wconf 83' lang='lat' dir='ltr'>C.</span> <span class='ocrx_word' id='word_1_229' title='bbox 384 2131 453 2180; x_wconf 75' lang='lat'>20,</span> <span class='ocrx_word' id='word_1_230' title='bbox 489 2132 542 2172; x_wconf 75' lang='lat' dir='ltr'>7ss</span> <span class='ocrx_word' id='word_1_231' title='bbox 578 2135 703 2173; x_wconf 90' lang='lat' dir='ltr'>erunt</span> <span class='ocrx_word' id='word_1_232' title='bbox 736 2132 933 2182; x_wconf 86' lang='lat' dir='ltr'>fortasse,</span> <span class='ocrx_word' id='word_1_233' title='bbox 969 2131 1041 2185; x_wconf 90' lang='lat' dir='ltr'>qui</span> <span class='ocrx_word' id='word_1_234' title='bbox 1074 2131 1297 2182; x_wconf 84' lang='lat' dir='ltr'>mirentur,</span> <span class='ocrx_word' id='word_1_235' title='bbox 1333 2145 1420 2182; x_wconf 90' lang='lat' dir='ltr'>cur,</span> <span class='ocrx_word' id='word_1_236' title='bbox 1461 2134 1607 2184; x_wconf 89' lang='lat' dir='ltr'>spreto</span> <span class='ocrx_word' id='word_1_237' title='bbox 1640 2132 1784 2173; x_wconf 90' lang='lat' dir='ltr'>codice</span> 
     </span>
     <span class='ocr_line' id='line_1_31' title="bbox 186 2201 1784 2256; baseline 0.002 -16"><span class='ocrx_word' id='word_1_238' title='bbox 186 2201 302 2253; x_wconf 82' lang='lat' dir='ltr'>regio</span> <span class='ocrx_word' id='word_1_239' title='bbox 342 2201 520 2254; x_wconf 89' lang='lat' dir='ltr'>eiusque</span> <span class='ocrx_word' id='word_1_240' title='bbox 559 2208 691 2254; x_wconf 90' lang='lat' dir='ltr'>secta,</span> <span class='ocrx_word' id='word_1_241' title='bbox 741 2216 838 2244; x_wconf 91' lang='lat' dir='ltr'>cum</span> <span class='ocrx_word' id='word_1_242' title='bbox 880 2201 1127 2245; x_wconf 84' lang='lat' dir='ltr'>Trevirensi</span> <span class='ocrx_word' id='word_1_243' title='bbox 1166 2205 1208 2244; x_wconf 91' lang='lat' dir='ltr'>et</span> <span class='ocrx_word' id='word_1_244' title='bbox 1246 2203 1485 2244; x_wconf 85' lang='lat' dir='ltr'>Erfurtensi</span> <span class='ocrx_word' id='word_1_245' title='bbox 1524 2202 1784 2256; x_wconf 89' lang='lat' dir='ltr'>reliquisque</span> 
     </span>
     <span class='ocr_line' id='line_1_32' title="bbox 188 2273 1784 2326; baseline 0.001 -14"><span class='ocrx_word' id='word_1_246' title='bbox 188 2285 329 2312; x_wconf 77' lang='lat' dir='ltr'>rerum</span> <span class='ocrx_word' id='word_1_247' title='bbox 375 2274 559 2314; x_wconf 73' lang='lat' dir='ltr'>omnium</span> <span class='ocrx_word' id='word_1_248' title='bbox 605 2275 777 2315; x_wconf 74' lang='lat' dir='ltr'>satietas</span> <span class='ocrx_word' id='word_1_249' title='bbox 824 2273 1013 2315; x_wconf 86' lang='lat' dir='ltr'>scribere</span> <span class='ocrx_word' id='word_1_250' title='bbox 1059 2273 1308 2324; x_wconf 87' lang='lat' dir='ltr'>maluerim,</span> <span class='ocrx_word' id='word_1_251' title='bbox 1362 2287 1495 2326; x_wconf 91' lang='lat' dir='ltr'>quum</span> <span class='ocrx_word' id='word_1_252' title='bbox 1543 2274 1784 2326; x_wconf 84' lang='lat' dir='ltr'>praesertim</span> 
     </span>
     <span class='ocr_line' id='line_1_33' title="bbox 187 2343 1784 2398; baseline 0.001 -15"><span class='ocrx_word' id='word_1_253' title='bbox 187 2343 420 2384; x_wconf 72' lang='lat' dir='ltr'>studiorum</span> <span class='ocrx_word' id='word_1_254' title='bbox 453 2345 637 2385; x_wconf 74' lang='lat' dir='ltr'>omnium</span> <span class='ocrx_word' id='word_1_255' title='bbox 669 2344 731 2395; x_wconf 90' lang='lat' dir='ltr'>iis,</span> <span class='ocrx_word' id='word_1_256' title='bbox 776 2358 873 2397; x_wconf 83' lang='lat' dir='ltr'>quae</span> <span class='ocrx_word' id='word_1_257' title='bbox 906 2348 1159 2398; x_wconf 89' lang='lat' dir='ltr'>sequuntur,</span> <span class='ocrx_word' id='word_1_258' title='bbox 1208 2346 1358 2397; x_wconf 85' lang='lat' dir='ltr'>aperte</span> <span class='ocrx_word' id='word_1_259' title='bbox 1392 2344 1637 2386; x_wconf 87' lang='lat' dir='ltr'>confirmari</span> <span class='ocrx_word' id='word_1_260' title='bbox 1669 2343 1784 2385; x_wconf 76' lang='lat' dir='ltr'>vide·</span> 
     </span>
     <span class='ocr_line' id='line_1_34' title="bbox 189 2414 1785 2469; baseline 0 -15"><span class='ocrx_word' id='word_1_261' title='bbox 189 2414 310 2454; x_wconf 83' lang='lat' dir='ltr'>atur.&#39;</span> <span class='ocrx_word' id='word_1_262' title='bbox 360 2414 520 2455; x_wconf 90' lang='lat' dir='ltr'>Verum</span> <span class='ocrx_word' id='word_1_263' title='bbox 569 2428 647 2468; x_wconf 82' lang='lat' dir='ltr'>ego</span> <span class='ocrx_word' id='word_1_264' title='bbox 695 2429 747 2457; x_wconf 79' lang='lat' dir='ltr'>ex</span> <span class='ocrx_word' id='word_1_265' title='bbox 794 2416 859 2457; x_wconf 92' lang='lat' dir='ltr'>his</span> <span class='ocrx_word' id='word_1_266' title='bbox 906 2416 1009 2469; x_wconf 87' lang='lat' dir='ltr'>ipsis</span> <span class='ocrx_word' id='word_1_267' title='bbox 1053 2418 1196 2457; x_wconf 91' lang='lat' dir='ltr'>ortum</span> <span class='ocrx_word' id='word_1_268' title='bbox 1236 2416 1378 2468; x_wconf 85' lang='lat' dir='ltr'>priore</span> <span class='ocrx_word' id='word_1_269' title='bbox 1418 2415 1511 2456; x_wconf 90' lang='lat' dir='ltr'>loco</span> <span class='ocrx_word' id='word_1_270' title='bbox 1549 2414 1785 2455; x_wconf 71' lang='lat' dir='ltr'>studiorum.</span> 
     </span>
     <span class='ocr_line' id='line_1_35' title="bbox 188 2485 1784 2539; baseline 0.001 -15"><span class='ocrx_word' id='word_1_271' title='bbox 188 2497 346 2527; x_wconf 86' lang='lat' dir='ltr'>nomen</span> <span class='ocrx_word' id='word_1_272' title='bbox 377 2486 547 2537; x_wconf 82' lang='lat' dir='ltr'>putavi3</span> <span class='ocrx_word' id='word_1_273' title='bbox 595 2486 840 2539; x_wconf 88' lang='lat' dir='ltr'>rectiusque</span> <span class='ocrx_word' id='word_1_274' title='bbox 879 2500 1023 2528; x_wconf 87' lang='lat' dir='ltr'>rerum</span> <span class='ocrx_word' id='word_1_275' title='bbox 1063 2486 1241 2528; x_wconf 82' lang='lat' dir='ltr'>satietas</span> <span class='ocrx_word' id='word_1_276' title='bbox 1281 2485 1393 2526; x_wconf 86' lang='lat' dir='ltr'>effici</span> <span class='ocrx_word' id='word_1_277' title='bbox 1433 2486 1601 2536; x_wconf 85' lang='lat' dir='ltr'>dicitur,</span> <span class='ocrx_word' id='word_1_278' title='bbox 1651 2498 1784 2538; x_wconf 90' lang='lat' dir='ltr'>quum</span> 
     </span>
     <span class='ocr_line' id='line_1_36' title="bbox 189 2554 1213 2610; baseline 0.003 -15"><span class='ocrx_word' id='word_1_279' title='bbox 189 2554 332 2596; x_wconf 87' lang='lat' dir='ltr'>studia</span> <span class='ocrx_word' id='word_1_280' title='bbox 363 2568 510 2596; x_wconf 90' lang='lat' dir='ltr'>rerum</span> <span class='ocrx_word' id='word_1_281' title='bbox 543 2557 755 2607; x_wconf 88' lang='lat' dir='ltr'>occidunt,</span> <span class='ocrx_word' id='word_1_282' title='bbox 791 2571 922 2610; x_wconf 90' lang='lat' dir='ltr'>quam</span> <span class='ocrx_word' id='word_1_283' title='bbox 956 2557 1213 2598; x_wconf 87' lang='lat' dir='ltr'>studiorum.</span> 
     </span>
    </p>

    <p class='ocr_par' dir='ltr' id='par_1_6' title="bbox 190 2625 1787 2892">
     <span class='ocr_line' id='line_1_37' title="bbox 307 2625 1785 2676; baseline 0.001 -10"><span class='ocrx_word' id='word_1_284' title='bbox 307 2625 353 2667; x_wconf 84' lang='lat' dir='ltr'>C.</span> <span class='ocrx_word' id='word_1_285' title='bbox 377 2626 446 2676; x_wconf 76' lang='lat'>22,</span> <span class='ocrx_word' id='word_1_286' title='bbox 481 2627 537 2667; x_wconf 81' lang='lat'>80</span> <span class='ocrx_word' id='word_1_287' title='bbox 568 2628 857 2669; x_wconf 87' lang='lat' dir='ltr'>necessariam</span> <span class='ocrx_word' id='word_1_288' title='bbox 890 2627 1075 2669; x_wconf 80' lang='lat' dir='ltr'>iudicavi</span> <span class='ocrx_word' id='word_1_289' title='bbox 1107 2627 1288 2668; x_wconf 88' lang='lat' dir='ltr'>Manutii</span> <span class='ocrx_word' id='word_1_290' title='bbox 1321 2629 1364 2667; x_wconf 89' lang='lat' dir='ltr'>et</span> <span class='ocrx_word' id='word_1_291' title='bbox 1385 2626 1585 2667; x_wconf 89' lang='lat' dir='ltr'>Lambini</span> <span class='ocrx_word' id='word_1_292' title='bbox 1618 2639 1785 2668; x_wconf 85' lang='lat' dir='ltr'>correc-</span> 
     </span>
     <span class='ocr_line' id='line_1_38' title="bbox 191 2696 1786 2751; baseline 0.001 -15"><span class='ocrx_word' id='word_1_293' title='bbox 191 2696 365 2747; x_wconf 88' lang='lat' dir='ltr'>tionem,</span> <span class='ocrx_word' id='word_1_294' title='bbox 407 2698 479 2749; x_wconf 90' lang='lat' dir='ltr'>qui</span> <span class='ocrx_word' id='word_1_295' title='bbox 512 2698 798 2750; x_wconf 87' lang='lat' dir='ltr'>scripserunt:</span> <span class='ocrx_word' id='word_1_296' title='bbox 847 2703 1081 2739; x_wconf 75' lang='lat' dir='ltr'>ceterarum</span> <span class='ocrx_word' id='word_1_297' title='bbox 1111 2712 1267 2750; x_wconf 74' lang='lat' dir='ltr'>rerum,</span> <span class='ocrx_word' id='word_1_298' title='bbox 1294 2698 1565 2751; x_wconf 75' lang='lat' dir='ltr'>perspicuum</span> <span class='ocrx_word' id='word_1_299' title='bbox 1599 2702 1668 2749; x_wconf 80' lang='lat' dir='ltr'>est,</span> <span class='ocrx_word' id='word_1_300' title='bbox 1709 2710 1786 2751; x_wconf 77' lang='lat' dir='ltr'>quo</span> 
     </span>
     <span class='ocr_line' id='line_1_39' title="bbox 190 2767 1785 2822; baseline 0.001 -15"><span class='ocrx_word' id='word_1_301' title='bbox 190 2781 359 2822; x_wconf 70' lang='lat' dir='ltr'>quaeque</span> <span class='ocrx_word' id='word_1_302' title='bbox 391 2767 594 2817; x_wconf 74' lang='lat' dir='ltr'>discedat,</span> <span class='ocrx_word' id='word_1_303' title='bbox 625 2782 759 2822; x_wconf 89' lang='lat' dir='ltr'>quum</span> <span class='ocrx_word' id='word_1_304' title='bbox 792 2772 908 2811; x_wconf 89' lang='lat' dir='ltr'>esset</span> <span class='ocrx_word' id='word_1_305' title='bbox 935 2769 1171 2818; x_wconf 73' lang='lat' dir='ltr'>discedant3</span> <span class='ocrx_word' id='word_1_306' title='bbox 1205 2780 1346 2820; x_wconf 88' lang='lat' dir='ltr'>neque</span> <span class='ocrx_word' id='word_1_307' title='bbox 1369 2769 1484 2808; x_wconf 88' lang='lat' dir='ltr'>enim</span> <span class='ocrx_word' id='word_1_308' title='bbox 1507 2768 1550 2808; x_wconf 89' lang='lat' dir='ltr'>in</span> <span class='ocrx_word' id='word_1_309' title='bbox 1584 2768 1667 2808; x_wconf 89' lang='lat' dir='ltr'>hac</span> <span class='ocrx_word' id='word_1_310' title='bbox 1698 2767 1785 2809; x_wconf 89' lang='lat' dir='ltr'>dis-</span> 
     </span>
     <span class='ocr_line' id='line_1_40' title="bbox 191 2837 1787 2892; baseline 0 -14"><span class='ocrx_word' id='word_1_311' title='bbox 191 2838 425 2879; x_wconf 84' lang='lat' dir='ltr'>tributione</span> <span class='ocrx_word' id='word_1_312' title='bbox 465 2838 651 2890; x_wconf 83' lang='lat' dir='ltr'>genitivo</span> <span class='ocrx_word' id='word_1_313' title='bbox 691 2841 894 2892; x_wconf 77' lang='lat' dir='ltr'>partitivo</span> <span class='ocrx_word' id='word_1_314' title='bbox 935 2839 1128 2880; x_wconf 85' lang='lat' dir='ltr'>feminini</span> <span class='ocrx_word' id='word_1_315' title='bbox 1160 2838 1328 2892; x_wconf 83' lang='lat' dir='ltr'>generis</span> <span class='ocrx_word' id='word_1_316' title='bbox 1361 2838 1447 2880; x_wconf 92' lang='lat' dir='ltr'>ullo</span> <span class='ocrx_word' id='word_1_317' title='bbox 1480 2838 1611 2879; x_wconf 89' lang='lat' dir='ltr'>modo</span> <span class='ocrx_word' id='word_1_318' title='bbox 1636 2837 1787 2879; x_wconf 87' lang='lat' dir='ltr'>subiici</span> 
     </span>
    </p>
   </div>
   <div class='ocr_carea' id='block_1_5' title="bbox 192 2908 1787 3020">
    <p class='ocr_par' dir='ltr' id='par_1_7' title="bbox 192 2908 1787 3020">
     <span class='ocr_line' id='line_1_41' title="bbox 192 2908 1787 2963; baseline 0.001 -15"><span class='ocrx_word' id='word_1_319' title='bbox 192 2911 391 2948; x_wconf 87' lang='lat' dir='ltr'>neutrum</span> <span class='ocrx_word' id='word_1_320' title='bbox 427 2922 595 2963; x_wconf 68' lang='lat' dir='ltr'>(luceque</span> <span class='ocrx_word' id='word_1_321' title='bbox 626 2909 783 2961; x_wconf 88' lang='lat' dir='ltr'>potuit;</span> <span class='ocrx_word' id='word_1_322' title='bbox 818 2913 1009 2951; x_wconf 88' lang='lat' dir='ltr'>erratum</span> <span class='ocrx_word' id='word_1_323' title='bbox 1042 2912 1107 2951; x_wconf 89' lang='lat' dir='ltr'>est</span> <span class='ocrx_word' id='word_1_324' title='bbox 1129 2910 1183 2951; x_wconf 84' lang='lat' dir='ltr'>ob</span> <span class='ocrx_word' id='word_1_325' title='bbox 1206 2909 1450 2962; x_wconf 81' lang='lat' dir='ltr'>proximum</span> <span class='ocrx_word' id='word_1_326' title='bbox 1475 2909 1637 2959; x_wconf 71' lang='lat' dir='ltr'>abeunt,</span> <span class='ocrx_word' id='word_1_327' title='bbox 1672 2908 1787 2961; x_wconf 87' lang='lat' dir='ltr'>quod</span> 
     </span>
     <span class='ocr_line' id='line_1_42' title="bbox 193 2978 779 3020; baseline 0.003 -2"><span class='ocrx_word' id='word_1_328' title='bbox 193 2978 249 3019; x_wconf 77' lang='lat' dir='ltr'>ad</span> <span class='ocrx_word' id='word_1_329' title='bbox 281 2981 447 3020; x_wconf 84' lang='lat' dir='ltr'>ceteras</span> <span class='ocrx_word' id='word_1_330' title='bbox 481 2992 549 3020; x_wconf 87' lang='lat' dir='ltr'>res</span> <span class='ocrx_word' id='word_1_331' title='bbox 582 2979 779 3020; x_wconf 87' lang='lat' dir='ltr'>refertur.</span> 
     </span>
    </p>
   </div>
  </div>
 </body>
</html>
