1915 3235
835 97 920 138 399

202 228 247 271 C.
281 228 320 278 9,
354 228 410 269 22
441 229 557 269 recte
589 225 846 268 Garatonius
881 227 923 266 et
955 224 1204 266 Schuetzius
1236 238 1475 278 pronomen
1506 224 1552 265 id
1582 224 1675 266 tolli

84 299 324 348 voluerunt,
356 298 538 347 illatum,
585 299 634 338 ut
665 299 791 346 esset,
840 296 956 349 quod
987 295 1270 348 responderet
1300 295 1480 337 relativo
1512 308 1674 348 praece-

85 369 222 418 denti3
270 368 415 410 Orellii
447 367 639 408 defensio
672 367 835 409 exitum
867 379 955 408 non
985 367 1138 414 habet;
1185 379 1289 406 nam
1319 365 1378 416 id,
1421 365 1456 407 si
1487 365 1675 418 ponitur,

85 439 201 481 aliud
231 439 422 492 postulat
453 437 737 491 praedicatum
768 450 848 478 nec
886 438 1029 490 potest
1066 436 1152 477 ullo
1191 436 1320 477 modo
1360 437 1397 477 ei
1434 436 1541 485 voci,
1591 448 1677 489 qua

83 512 222 552 totum
254 511 378 550 vetus
417 509 660 550 institutum
699 508 974 561 significatur,
1023 519 1101 559 per
1145 507 1460 559 appositionem
1503 505 1675 558 adiungi

85 580 243 621 domus.
305 579 564 620 Pronomine
596 579 754 620 omisso
786 578 978 619 brevitas
1010 577 1202 618 nascitur
1240 577 1370 629 paulo
1403 577 1576 629 quidem
1608 577 1676 617 vel

86 651 145 692 sic
188 650 346 700 durior,
395 650 472 691 sed
513 662 539 690 a
581 649 796 690 Ciceronis
838 662 920 690 usu
962 661 1048 689 non
1090 649 1277 696 remota;
1326 647 1516 688 debebat
1563 647 1676 688 enim

85 721 252 774 plenius
285 720 344 762 sic
377 720 478 761 dici:
518 720 563 760 id
595 724 631 760 te
662 720 829 760 tribuno
861 720 907 760 in
938 719 1101 759 consule
1132 732 1215 759 non
1244 719 1412 771 valeret,
1450 723 1496 758 ut
1528 719 1564 758 ei
1596 719 1676 759 cet.

85 792 171 833 Sed
203 804 335 844 quum
368 791 624 844 generaliter
656 803 779 832 orsus
813 792 940 839 esset,
974 789 1121 830 statim
1155 788 1341 842 speciale
1363 788 1557 837 subiecit,
1591 801 1677 841 quo

84 862 145 912 fit,
194 864 242 903 ut
282 861 492 914 generalis
533 860 748 902 sententia
784 874 872 902 non
912 860 1236 901 accuratissime
1269 872 1366 900 cum
1398 859 1572 912 reliquis
1606 872 1677 900 co-

84 933 267 981 haereat3
314 945 454 985 neque
495 932 608 972 enim
647 932 690 972 in
728 932 911 984 privato,
958 933 1007 972 ut
1045 931 1214 980 consuli,
1263 930 1339 971 sed
1376 932 1425 970 ut
1456 931 1493 970 ei
1525 930 1679 970 domus

86 1003 261 1045 exilium
294 1008 418 1052 esset,
467 1004 687 1043 servatum
727 1004 832 1043 erat.
896 1001 1276 1051 Quemadmodum
1317 1001 1387 1042 hic
1423 1002 1467 1041 in
1499 1000 1680 1042 demon-

87 1074 265 1115 strativa
296 1073 521 1123 sententia,
555 1073 615 1113 ita
646 1072 690 1113 in
721 1072 901 1113 relativa
923 1072 1108 1124 speciale
1131 1071 1278 1112 statim
1299 1071 1485 1124 ponitur,
1520 1071 1679 1112 omisso

87 1144 286 1197 generali,
319 1145 363 1185 in
394 1144 411 1184 Ι
444 1144 497 1184 de
529 1144 656 1196 Legg.
690 1144 729 1193 7,
763 1143 839 1183 23:
875 1142 929 1183 Et
961 1143 1069 1197 quod
1100 1144 1145 1183 in
1177 1142 1412 1183 civitatibus
1445 1142 1680 1196 aquationi-

87 1215 160 1256 bus
188 1215 460 1268 familiarum
492 1213 808 1268 distinguuntur
839 1217 985 1265 status,
1028 1213 1071 1253 2th
1110 1215 1156 1254 in
1194 1227 1337 1253 rerum
1374 1217 1533 1253 natura
1564 1216 1677 1252 tanto

87 1290 144 1327 est
174 1285 508 1339 maqnificentius
540 1287 634 1334 cet⁸9
667 1285 711 1325 id
744 1286 821 1334 est,
855 1286 903 1324 ut
935 1283 1120 1325 Orellius
1154 1283 1358 1336 explicat:
1408 1283 1463 1324 Et
1495 1282 1603 1338 quod
1636 1284 1677 1323 in

87 1355 321 1397 civitatibus
359 1355 420 1409 fit)
462 1360 507 1397 ut
550 1379 602 1383 —
643 1355 973 1409 distinqucmtur.
1038 1353 1144 1406 [Cfr.
1177 1354 1361 1406 Philipp.
1395 1353 1480 1402 VH,
1515 1354 1553 1402 8,
1588 1352 1678 1405 22]

87 1427 282 1479 Apparet
312 1426 425 1467 hanc
457 1439 552 1467 esse
584 1425 723 1478 ipsam
749 1439 927 1466 causam
950 1425 1216 1478 pronominis
1239 1424 1347 1479 quod
1368 1437 1446 1477 pro
1469 1424 1679 1476 particula

87 1496 287 1549 ponendi,
328 1497 447 1538 cuius
480 1497 523 1537 in
554 1497 636 1538 hoc
667 1496 772 1546 loco,
821 1499 869 1537 ut
900 1497 944 1537 in
977 1496 1068 1536 aliis
1101 1495 1330 1544 nonnullis,
1379 1495 1583 1547 ambigua
1616 1497 1680 1535 est

89 1570 131 1608 et
166 1581 217 1608 ex
250 1570 432 1620 utroque
467 1568 651 1609 conflata
682 1568 813 1609 notio.

206 1638 251 1680 C.
288 1639 353 1687 10,
398 1638 466 1687 24,
509 1638 584 1678 ubi
623 1638 782 1678 editur:
831 1651 871 1678 se
914 1651 1007 1678 eum
1049 1637 1125 1677 telo
1167 1636 1313 1689 fuisse,
1366 1635 1438 1676 Cn.
1472 1635 1678 1689 Pompeio,

88 1723 245 1750 summo
277 1714 313 1750 et
344 1709 576 1750 clarissimo
609 1709 701 1761 civi,
742 1710 829 1749 suis
861 1707 1054 1748 manibus
1086 1721 1220 1747 necem
1254 1706 1405 1759 offerre
1437 1706 1622 1755 voluisse,
1658 1720 1679 1746 e

89 1779 181 1820 cod.
213 1779 312 1819 Par.
352 1777 525 1832 (Naug.)
559 1784 600 1820 et
632 1779 758 1820 Bern.
792 1779 1066 1820 scribendum
1100 1780 1183 1818 est:
1223 1778 1369 1830 fuisse,
1401 1781 1571 1817 mortem
1606 1776 1679 1817 Cn.

90 1849 281 1902 Pompeio
324 1872 379 1877 —
421 1850 573 1902 offerre
614 1850 816 1890 voluisse:
863 1849 1005 1899 Quum
1046 1849 1087 1889 in
1130 1848 1347 1889 codicibus
1380 1848 1581 1888 secundae
1614 1847 1679 1887 fa-

90 1919 215 1960 miliae
249 1933 392 1961 errore
425 1920 653 1961 excidisset
684 1925 866 1969 mortem,
899 1919 1122 1971 inprimis
1146 1919 1404 1960 editionibus
1428 1918 1678 1970 supplendae

89 1990 293 2031 orationis
327 2003 457 2032 causa
491 1991 686 2032 additum
719 1991 903 2031 alterum
943 1993 1020 2039 est,
1070 1990 1185 2042 quod
1224 2002 1364 2041 neque
1404 1989 1447 2029 in
1487 1988 1573 2028 Erf.
1615 1992 1679 2029 est

89 2073 228 2113 neque
260 2060 304 2101 in
335 2062 420 2102 ullo
454 2061 775 2102 Oxoniensium.
837 2061 1054 2101 Praeterea
1085 2063 1224 2101 totum
1256 2060 1382 2100 huius
1417 2058 1566 2111 capitis
1598 2058 1678 2099 ini-

88 2131 196 2172 tium
228 2131 342 2172 male
372 2132 715 2184 interpungendo
748 2132 1001 2172 distractum
1034 2143 1128 2171 esse
1160 2131 1204 2170 in
1237 2129 1508 2179 editionibus,
1543 2142 1678 2181 appa-

88 2204 173 2251 ret3
219 2215 322 2243 nam
355 2204 409 2251 et,
449 2205 497 2243 ut
534 2215 647 2242 nunc
680 2202 904 2243 sententiae
935 2202 1181 2254 iunguntur,
1222 2214 1308 2242 non
1341 2214 1466 2255 quum
1498 2222 1553 2228 —
1578 2213 1679 2253 pro-

88 2272 272 2322 flueret-is,
321 2275 363 2314 et
399 2275 493 2314 tum
533 2273 759 2322 collocaris,
809 2272 1038 2313 dicendum
1079 2274 1183 2321 erat,
1232 2272 1309 2312 sed
1333 2270 1607 2324 produxisses
1639 2273 1681 2310 et

87 2343 334 2393 collocmses,
370 2346 411 2385 et
442 2344 534 2385 illa:
568 2357 645 2398 quo
679 2367 731 2370 ——
765 2344 888 2383 ceteri
918 2343 1077 2384 tribuni
1100 2342 1237 2396 plebis
1259 2343 1476 2396 principes
1501 2342 1682 2382 civitatis

79 2413 312 2467 producere
344 2420 591 2455 consuerunt
622 2416 798 2466 propter
831 2426 1015 2465 sequens
1049 2413 1119 2463 vibi,
1169 2413 1285 2465 quod
1323 2412 1367 2453 in
1405 2412 1548 2452 media
1581 2424 1680 2452 sen-

86 2485 221 2525 tentia
260 2486 502 2527 necessario
543 2485 592 2525 iis
632 2484 844 2525 artissime
888 2483 1210 2536 adiungendum
1244 2486 1321 2532 est,
1363 2482 1622 2523 divelluntur
1655 2495 1677 2522 a

85 2555 228 2596 verbis
267 2556 313 2596 in
354 2557 438 2607 illo,
486 2556 671 2610 inquam,
721 2559 928 2608 auyurato
967 2554 1115 2607 templo
1148 2568 1196 2594 ac
1228 2554 1325 2603 loco,
1375 2566 1470 2606 quae
1503 2554 1679 2605 propter

87 2639 182 2667 eam
215 2626 351 2667 solam
385 2640 561 2668 causam
594 2625 735 2679 posita
767 2627 880 2675 sunt,
914 2630 961 2665 ut
993 2625 1065 2665 illa
1093 2620 1441 2677 adiungerentur.
1491 2623 1679 2664 Coniun-

85 2696 225 2748 genda
256 2697 349 2738 haec
381 2700 481 2738 sunt
513 2710 609 2738 cum
651 2698 845 2737 extrema
886 2695 1117 2747 superioris
1151 2695 1301 2748 capitis
1333 2697 1456 2747 parte
1489 2696 1603 2736 hunc
1635 2694 1677 2734 in

84 2767 282 2808 modum:
313 2767 503 2820 fuerisne
534 2772 652 2808 tcmta
684 2766 941 2817 crudelitate,
982 2771 1026 2806 ut
1058 2765 1229 2806 delectos
1264 2766 1371 2806 viros
1403 2769 1439 2805 et
1463 2765 1678 2818 principes

85 2838 264 2878 civitatis
295 2839 434 2879 tollere
474 2843 510 2879 et
549 2838 684 2878 delere
723 2842 796 2877 tua
828 2837 1284 2890 11·09at250ne·00narere‚
1333 2849 1459 2890 (sumn
1498 2834 1558 2887 (id
1599 2836 1675 2881 esti

85 2920 161 2961 quo
193 2907 358 2962 quidem
389 2907 583 2962 tempore)
618 2908 669 2948 L.
712 2907 903 2960 Vettium,
951 2908 1022 2962 qui
1060 2908 1105 2948 in
1144 2911 1291 2948 senatu
1322 2906 1532 2959 confessus
1564 2909 1677 2957 esset,

1700 1928 1753 1952 515
