1915 3235
860 136 943 178 125

106 271 245 307 tamen
267 266 553 306 vulnerarunt.
600 266 807 319 Apparet,
833 265 1079 307 Ciceronem
1104 264 1406 306 tantummodo
1429 264 1472 304 in
1496 265 1690 304 extremo

105 337 301 377 membro
349 336 586 386 addidisse,
635 336 751 389 quod
797 349 849 377 ex
893 338 986 377 tota
1032 336 1344 376 sententiarum
1391 334 1690 375 consecutione

104 408 284 460 patebat
316 406 446 447 etiam
478 407 522 447 in
554 407 718 456 ceteris,
765 407 1009 447 necessaria
1048 419 1094 447 se
1132 408 1299 459 putare,
1348 418 1443 457 quae
1476 404 1591 446 facta
1623 417 1691 445 es-

105 480 212 526 sent,
261 470 345 529 quo
383 477 513 529 paulo
552 478 692 518 minus
731 479 931 518 accurate
971 477 1086 518 facta
1131 478 1195 518 est
1226 475 1391 529 periodi
1424 475 1689 527 compositio.

103 547 241 587 Arma
273 549 419 588 autem
453 546 677 588 Saturnini
707 547 766 589 ita
799 548 917 597 dixit,
950 550 1010 597 ut,
1045 548 1123 588 etsi
1155 547 1327 600 proprie
1357 546 1489 599 ipsius
1522 545 1566 586 in
1596 558 1688 586 rem

102 617 321 670 publicam
353 618 539 670 impetus
572 617 844 671 significetur,
877 618 1003 659 simul
1036 618 1228 659 defensio
1250 618 1312 658 rei
1333 616 1516 670 publicae
1540 618 1692 673 contra

102 688 192 728 eius
215 688 301 728 vim
325 688 546 740 cogitetur,
580 701 665 740 qua
686 689 721 729 is
744 688 800 729 ad
822 701 945 729 arma
967 688 1177 741 capienda
1200 687 1447 742 compulsus
1471 689 1548 728 est.
1596 686 1688 727 Iam

101 758 306 811 praeclare
345 758 525 799 Verbum
564 758 938 800 accommodatum
971 761 1038 800 est
1070 759 1127 800 ad
1160 761 1400 799 extremum
1432 758 1688 798 subiectum.

100 828 189 869 Nec
227 829 460 870 obscurum
500 832 577 879 est,
627 829 843 882 quomodo
864 829 987 870 -illud
1026 843 1103 884 quo
1143 829 1243 870 addi
1274 828 1474 881 potuerit.
1538 828 1688 880 Itaque

101 899 212 940 hanc
244 899 503 952 scripturam
535 891 658 941 nunc*
681 901 772 941 sine
803 899 890 941 ulla
923 899 1190 941 dubitatione
1228 900 1465 952 reciperem
1502 899 1546 939 in
1586 910 1688 939 con-

99 972 278 1011 textum.

216 1040 491 1081 Manifestum
535 1041 879 1082 additamentum
920 1040 1158 1082 tollendum
1201 1040 1282 1080 fuit
1324 1053 1375 1081 ex
1416 1040 1543 1081 huius
1588 1051 1687 1080 ora-

99 1110 225 1152 tionis
259 1123 293 1151 c.
327 1111 395 1161 33,
429 1112 498 1161 90,
531 1113 606 1153 ubi
637 1113 681 1153 in
712 1112 886 1164 vulgata
917 1112 1150 1163 scriptura:
1199 1110 1269 1151 An
1309 1133 1364 1139 —
1404 1111 1473 1151 ille
1511 1110 1686 1165 denique

102 1182 215 1222 vivus
253 1183 357 1222 mali
394 1182 502 1223 nihil
537 1182 713 1235 fecisset,
754 1183 825 1237 qui
862 1187 1063 1235 mortuus,
1111 1195 1192 1222 uuo
1232 1195 1280 1222 ex
1316 1183 1403 1222 sais
1440 1180 1685 1222 satellitibus

101 1251 192 1292 Sex.
220 1252 364 1293 Clodio
388 1253 501 1306 duce,
535 1254 698 1294 curiam
730 1252 988 1294 incenderit?
1018 1252 1213 1293 additum
1245 1265 1403 1293 nomen
1435 1265 1522 1293 non
1546 1251 1685 1292 solum

100 1322 366 1374 abundabat,
415 1324 492 1364 sed
530 1324 616 1364 vim
649 1323 872 1364 sententiae
905 1323 1224 1376 corrumpebat,
1274 1337 1370 1376 quae
1403 1323 1462 1364 ita
1494 1323 1537 1363 in
1569 1335 1686 1363 com-

98 1394 321 1446 paratione
353 1395 555 1447 principis
588 1395 846 1435 seditionum
880 1396 922 1434 et
953 1395 1080 1435 unius
1120 1394 1314 1435 satellitis
1348 1394 1487 1446 posita
1521 1395 1598 1442 est,
1640 1395 1687 1433 ut

98 1465 285 1517 generali
332 1465 609 1518 appellationi
648 1465 821 1518 propria
861 1464 961 1505 addi
1000 1464 1116 1505 nullo
1155 1464 1284 1505 modo
1323 1465 1471 1517 possit.
1540 1463 1686 1504 Simile

98 1537 191 1575 erat
222 1536 427 1577 mendum
460 1536 539 1577 loci
571 1549 703 1589 supra
735 1535 952 1576 emendati
985 1536 1028 1575 in
1059 1535 1336 1587 Pompeianae
1370 1548 1404 1575 0.
1439 1534 1477 1584 9,
1512 1534 1686 1575 eodem-

98 1618 179 1658 que
211 1606 341 1647 modo
389 1605 508 1659 (nam
550 1607 749 1659 frequens
793 1609 858 1647 est
902 1606 982 1647 hoc
1024 1606 1364 1658 interpolationis
1397 1604 1548 1658 genus)
1593 1618 1685 1646 cor-

96 1678 249 1729 ruptus
287 1677 404 1718 locus
444 1678 479 1718 H
517 1679 559 1718 in
599 1677 722 1718 Catil.
756 1678 795 1726 6,
846 1678 918 1727 14,
968 1676 1042 1717 ubi
1081 1677 1124 1717 in
1163 1676 1307 1717 codice
1347 1664 1501 1717 Mureti
1542 1675 1687 1716 Manlii

96 1759 253 1788 nomen
286 1748 578 1798 omittebatur,
612 1751 727 1789 recte
760 1748 925 1789 Mureto
958 1747 1190 1800 probante;
1225 1748 1504 1799 contemptim
1538 1746 1684 1787 condi-

97 1818 241 1868 cionis,
274 1832 361 1859 non
392 1819 589 1869 hominis,
637 1819 810 1860 nomine
849 1821 993 1859 orator
1031 1818 1178 1859 utitur.
1241 1817 1457 1859 Testatior
1491 1820 1583 1858 erat
1614 1830 1684 1858 res

95 1889 139 1929 in
171 1890 363 1930 oratione
395 1903 472 1942 pro
505 1890 643 1942 Ligar.
680 1890 746 1939 12,
781 1890 849 1930 37.

212 1959 466 2001 Accuratius
510 1960 739 2001 dicendum
780 1960 950 2000 videtur
993 1960 1044 2000 de
1088 1972 1138 2000 eo
1180 1959 1306 1999 huius
1339 1958 1542 2000 orationis
1576 1958 1684 2008 loco,

95 2029 167 2082 qui
199 2043 332 2082 quum
365 2031 490 2084 vulgo
523 2031 615 2072 sine
647 2031 734 2071 ulla
765 2031 1006 2082 suspicione
1034 2030 1178 2071 mendi
1209 2030 1419 2079 ederetur,
1454 2042 1479 2069 a
1506 2042 1574 2069 me
1598 2041 1686 2070 non

95 2100 233 2141 solum
267 2102 513 2151 mendosus,
547 2102 624 2142 sed
657 2101 785 2142 etiam
820 2101 1047 2142 lacunosus
1072 2103 1136 2141 est
1160 2100 1385 2150 iudicatus,
1419 2113 1453 2140 c.
1481 2100 1550 2149 37,
1587 2099 1683 2149 102,

94 2171 137 2212 in
170 2185 254 2224 quo
286 2174 435 2213 tamen
467 2172 739 2225 apertissima
772 2172 966 2212 codicum
998 2171 1154 2212 indicia
1186 2173 1358 2212 secutus
1391 2183 1500 2211 sum.
1549 2170 1684 2222 Lege-

96 2241 225 2283 batur
258 2244 391 2284 enim:
424 2242 482 2283 At
512 2244 557 2283 in
590 2257 671 2298 qua
704 2256 832 2283 causa
864 2256 945 2282 non.
968 2242 1182 2296 potuisse?
1222 2242 1321 2293 Quoe
1353 2246 1409 2282 est
1431 2245 1558 2295 yrccta
1588 2254 1685 2294 qen-

94 2312 214 2354 tibus.
277 2313 317 2353 A
359 2313 506 2368 quibus
547 2327 629 2353 ‘non
659 2313 872 2367 potuisse?
915 2312 980 2353 Ab
1024 2314 1089 2366 iis,
1137 2314 1207 2368 qui
1248 2313 1429 2353 memma
1461 2311 1509 2352 P.
1547 2310 1686 2351 Clodii

96 2388 222 2424 morte
254 2385 518 2438 acquiermzt3
565 2385 608 2425 in
651 2397 736 2437 qua
773 2385 986 2436 scriptura
1027 2384 1105 2425 soli
1144 2383 1377 2425 Garatonio
1420 2382 1573 2423 oborta
1616 2384 1683 2437 est

94 2453 197 2494 levis
231 2454 455 2505 dubitatio,
497 2458 668 2497 rectene
707 2458 797 2495 tam
830 2455 943 2495 nude
976 2457 1207 2507 poneretur
1237 2453 1437 2508 psentibus,
1480 2466 1535 2493 an
1568 2453 1682 2493 exci-

95 2524 458 2566 disset-omnibus.
522 2525 607 2566 Sed
639 2525 705 2565 vel
744 2527 825 2567 hoc
865 2525 1024 2576 addito,
1073 2537 1288 2578 perverse,
1337 2523 1495 2565 omisso
1536 2522 1682 2575 populi

93 2595 279 2636 Romani
311 2585 502 2637 omnium
535 2596 733 2637 ordinum
766 2596 936 2646 iudicio,
971 2596 1086 2649 quod
1111 2596 1413 2649 gravissimum
1438 2597 1542 2644 erat,
1577 2607 1681 2646 gen-

92 2667 207 2707 tibus
240 2667 454 2717 omnibus,
494 2680 578 2720 quo
616 2668 789 2708 nomine
823 2669 981 2707 exterae
1014 2666 1319 2719 significantur,
1360 2667 1483 2718 grata
1514 2664 1681 2705 Milonis

95 2749 225 2778 causa
258 2735 483 2779 diceretur.
546 2738 599 2778 Et
645 2750 777 2790 quam
826 2739 890 2778 est
935 2737 1016 2778 hoc
1063 2737 1263 2790 languide
1312 2749 1576 2788 expressum,
1627 2739 1684 2775 est

90 2812 217 2861 ⁸yram
261 2808 467 2862 yentz‘bus!
522 2808 684 2849 Deinde
732 2808 847 2860 quod
897 2808 1119 2849 subiicitur
1167 2822 1192 2848 α
1240 2807 1387 2862 quibus
1435 2809 1476 2847 et
1524 2806 1574 2846 ab
1614 2806 1680 2853 iis,

93 2876 247 2919 falsam
279 2878 411 2919 habet
443 2879 724 2927 sententiam;
772 2878 830 2918 illi
863 2879 991 2928 enim,
1040 2879 1111 2931 qui
1154 2879 1342 2919 maxime
1376 2877 1510 2919 Clodii
1542 2878 1682 2917 morte

94 2948 359 3000 acquierunt,
408 2949 568 2990 iudices
608 2960 711 2989 sane
744 2948 1060 3001 intelliguntur;
1106 2962 1257 2989 verum
1289 2962 1422 3001 quum
1456 2947 1506 2988 ab
1542 2947 1681 3001 aliquo

1707 1474 1760 1500 155
