1915 3235
982 111 1065 152 154

224 254 344 294 pace,
392 244 506 281 tanto
546 240 639 292 otio,
687 244 800 280 tanto
838 240 1000 281 silentio
1041 239 1342 281 liberassemas.
1405 240 1453 281 In
1492 253 1577 293 qua
1609 242 1819 295 scriptura

232 312 298 351 est
323 310 484 363 aliquid
509 310 611 359 vitii,
646 310 723 351 sed
755 311 871 363 quod
903 310 1130 352 difficulter
1162 311 1385 352 sentiatur.
1433 311 1543 352 Nam
1577 311 1820 354 referuntur

231 382 325 422 haec
357 381 412 422 ad
444 380 703 434 hypothesin
745 380 862 422 illam
902 382 1189 434 superiorem:
1236 382 1274 422 si
1313 381 1499 422 Catilina
1542 383 1587 423 in
1625 383 1726 424 urbe
1764 383 1821 424 ad

232 451 340 492 ham:
372 451 481 492 diem
512 452 790 492 remansisset.
851 452 1000 504 Itaque
1033 452 1245 505 particula
1276 452 1389 502 dum,
1429 465 1526 505 quae
1558 454 1732 495 omnino
1763 454 1819 495 ab

232 521 512 563 condicionali
544 523 626 562 hac
658 522 873 563 sententia
904 522 1120 573 abhorret,
1170 525 1212 564 et
1252 524 1452 564 universa
1491 525 1699 576 temporis
1740 524 1820 565 du-

229 592 364 634 rantis
396 594 513 634 notio
545 593 687 633 minus
722 595 825 645 apta
857 596 934 643 est,
982 595 1223 646 praesertim
1267 607 1399 647 quum
1439 607 1526 635 non
1566 594 1681 636 dicat
1711 609 1819 636 nun-

157 671 210 697 190
231 678 368 718 qaam,
403 664 479 704 sed
511 677 726 718 nunquam
759 668 877 705 tanta
901 678 1021 718 pace,
1054 669 1167 705 tanto
1199 665 1292 717 otio,
1324 669 1439 705 tanto
1470 665 1645 706 silentio,
1691 665 1820 707 Reci-

228 734 387 786 pienda
418 734 545 786 igitur
577 736 669 775 erat
702 734 916 787 scriptura
948 735 1104 776 codicis
1137 735 1182 777 C.
1216 735 1423 789 Stephani
1457 734 1591 788 (apud
1616 735 1819 777 Beckium

231 818 318 846 non
349 803 530 857 notata),
565 804 702 846 Oxon.
730 823 758 854 χ
784 805 1082 859 Graevianique
1115 807 1260 859 primi:
1301 820 1427 861 quam
1460 829 1515 834 —
1549 811 1659 857 esset,
1708 820 1819 860 prae-

229 875 377 916 sertim
411 874 530 916 cuius
564 875 743 928 vestigia
776 878 935 918 sensim
969 878 1158 931 expulsae
1190 879 1465 930 superessent
1500 877 1543 917 in
1576 877 1669 918 aliis
1703 878 1819 919 codi-

227 945 369 995 cibus3
416 959 515 986 nam
564 951 663 987 esset
706 949 768 988 est
813 948 943 989 etiam
988 948 1031 988 in
1073 947 1152 989 Ox.
1186 948 1231 998 C,
1280 962 1402 1003 clitum
1444 948 1488 988 in
1519 944 1819 1000 Franciano.¹)

226 1016 287 1057 Ea
320 1017 579 1058 sententiam
611 1017 747 1059 habet
774 1016 1078 1071 aptissimam:
1118 1033 1243 1074 quum
1276 1018 1436 1072 (Germ.
1468 1018 1623 1068 tndem,
1665 1028 1818 1060 secun-

224 1087 329 1127 dum
361 1087 477 1128 illam
511 1088 790 1141 hypothesin)
823 1091 926 1142 ipso·
949 1090 1181 1131 dimicandi
1220 1092 1413 1142 tempore
1451 1089 1520 1130 ille
1551 1089 1687 1131 hostis
1721 1095 1821 1131 esset

224 1158 267 1197 in
299 1157 419 1198 urbe.
482 1158 648 1200 Fefellit
688 1160 883 1203 librarios
922 1162 991 1202 ille
1030 1161 1253 1215 particulae
1295 1175 1419 1216 quam
1462 1161 1518 1202 ad
1559 1161 1818 1215 hypothesin

223 1228 372 1270 relatae
404 1242 506 1270 usus
540 1230 623 1271 alio
656 1244 826 1284 quoque
866 1232 971 1283 loco,
1021 1246 1149 1287 quem
1189 1232 1288 1273 huic
1328 1231 1575 1284 adiungam,
1623 1234 1671 1274 ut
1710 1232 1819 1274 alter

226 1299 400 1340 alterius
433 1313 581 1341 veram
614 1302 872 1354 scripturam
913 1303 1148 1344 confirmet.
1211 1303 1323 1343 Nam
1362 1315 1440 1355 pro
1478 1303 1648 1356 Ligario
1681 1304 1720 1355 6,
1764 1303 1816 1345 19

226 1370 455 1412 edebatur:
507 1372 716 1423 Quomodo
750 1378 885 1414 (mitem
918 1378 963 1414 tu
994 1374 1044 1414 (Ze
1076 1388 1120 1414 re
1146 1374 1319 1428 publica
1361 1373 1457 1414 hene
1496 1374 1669 1414 meritas
1700 1387 1816 1427 esses,

222 1442 259 1481 si
299 1445 354 1481 tot
391 1442 609 1483 sceleratos
649 1444 846 1484 incolumi
884 1444 1087 1499 (liyizitate
1125 1459 1208 1486 esse
1246 1445 1471 1485 voluisses?
1525 1444 1610 1485 Sed
1650 1444 1816 1486 codices

221 1511 307 1552 duo
341 1513 532 1555 omnium
579 1514 702 1568 longe
742 1517 905 1568 optimi,
955 1515 1219 1558 Coloniensis
1259 1517 1301 1556 et
1338 1515 1614 1565 Erfurtensis,
1664 1529 1742 1568 pro
1780 1517 1817 1556 si

221 1582 403 1624 habent.
427 1598 565 1639 qaum.
641 1586 787 1627 Caesar
829 1587 986 1628 multos
1037 1587 1307 1628 adversarios
1356 1586 1559 1627 incolumi
1609 1586 1815 1639 dignitate

223 1666 316 1694 esse
349 1654 557 1697 voluerat.
621 1657 703 1698 Eos
737 1660 962 1699 accusator
994 1658 1224 1699 sceleratos
1258 1669 1408 1698 omnes
1442 1657 1646 1709 appellat.
1698 1656 1814 1707 Quo-

222 1724 352 1766 modo
374 1725 513 1778 igitur,
548 1726 695 1769 Cicero
717 1727 866 1781 inquit,
901 1731 947 1769 tu
980 1728 1090 1769 bene
1123 1729 1175 1769 de
1209 1741 1254 1769 re
1276 1728 1449 1781 publica
1480 1728 1658 1768 meritus
1683 1741 1813 1777 esses,

223 1808 357 1847 quum
390 1795 489 1849 (hoc
521 1810 637 1847 casu,
678 1803 725 1839 ut
767 1798 954 1841 barbare
986 1800 1227 1853 loquamur,
1276 1799 1310 1840 si
1350 1798 1453 1839 illud
1491 1811 1643 1839 verum
1684 1797 1814 1851 esset)

221 1868 282 1907 tot
314 1867 545 1910 sceleratos
586 1871 665 1910 cet.
730 1868 835 1922 [Cfr.
868 1885 909 1923 p.
945 1871 1028 1912 Mil.
1065 1871 1137 1920 19,
1177 1870 1254 1919 49,
1295 1870 1347 1910 de
1387 1869 1480 1910 Div.
1513 1869 1561 1917 II,
1603 1869 1642 1918 8,
1683 1869 1740 1910 20
1772 1871 1814 1910 et

222 1938 290 1986 61,
328 1937 445 1991 126]

337 2008 383 2049 In
422 2012 616 2052 extrema
656 2011 738 2053 hac
778 2013 971 2054 oratione
1011 2026 1104 2066 cap.
1141 2013 1206 2063 11,
1256 2012 1310 2053 26
1350 2009 1711 2063 reprehendenda
1749 2012 1814 2051 est

219 2079 335 2119 mala
368 2080 569 2132 quaedam
603 2084 869 2124 consuetudo
902 2083 1128 2133 editorum,
1162 2097 1295 2136 quum
1327 2081 1461 2124 semel
1486 2081 1709 2122 decretum
1734 2083 1811 2131 est,

219 2148 360 2190 locum
409 2150 596 2203 aliquem
646 2152 862 2194 difficilem
912 2157 954 2195 et
1000 2157 1248 2207 corruptum
1297 2165 1410 2202 esse,
1439 2152 1509 2192 *in
1564 2152 1813 2192 universum

218 2218 361 2260 locum
395 2221 652 2273 indistincte,
686 2226 896 2277 tanquam
930 2225 1259 2275 conclamatum,
1292 2222 1547 2264 irruentium
1574 2222 1812 2263 medelam-

218 2302 301 2341 que
335 2291 499 2332 vulneri
532 2294 724 2335 nondum
755 2297 923 2336 tentato
966 2296 1120 2337 afferre
1159 2295 1437 2343 studentium,
1486 2305 1598 2333 vano
1641 2294 1811 2334 conatu.

218 2359 329 2401 Nam
363 2375 496 2414 quum
529 2364 589 2404 sic
623 2365 822 2406 ederetur
855 2367 975 2407 olim:
1025 2367 1275 2421 eandemque
1306 2364 1417 2405 diem
1448 2363 1645 2417 iiitelliyo,
1687 2376 1811 2418 qaam

217 2444 338 2484 spero
371 2437 570 2474 oeternam
600 2434 706 2487 fore,
756 2441 792 2477 et
832 2437 889 2478 ad
926 2438 1101 2479 salutem
1139 2437 1256 2478 urbis
1288 2440 1324 2476 et
1355 2434 1412 2475 ad
1443 2434 1688 2474 memoriam
1720 2447 1811 2474 cons-

219 2502 381 2542 sulatus
412 2505 492 2544 mei
516 2511 815 2560 propayatam,
850 2522 1009 2563 unoque
1040 2513 1218 2562 tempore
1249 2508 1295 2547 i‘n
1325 2506 1404 2546 hac
1435 2519 1480 2546 re
1503 2504 1677 2558 publica
1709 2504 1817 2545 duco

219 2572 324 2613 cives
356 2574 568 2627 exstitisse,
617 2590 791 2631 qaorum
835 2579 942 2619 alter
975 2578 1079 2632 fines
1116 2578 1241 2620 vestri
1271 2576 1440 2629 imperii
1471 2588 1554 2615 iton
1585 2579 1709 2615 terrae
1740 2574 1812 2615 sed

221 2642 311 2682 cwli
356 2645 593 2698 ν69ἰοηὶὂῑι3
646 2649 910 2702 terminaret,
960 2650 1066 2691 alter
1112 2648 1293 2690 eiusdem
1339 2646 1508 2699 imperii
1555 2645 1808 2686 domicilium

144 2727 195 2753 191
217 2712 430 2768 sedemque
475 2722 672 2768 servaret,
722 2742 774 2746 —
823 2733 956 2772 quum
1003 2721 1076 2771 sic,
1124 2722 1321 2773 inquam,
1369 2716 1584 2766 ederetur,
1632 2716 1811 2758 offendit

218 2783 451 2835 Ernestius,
486 2786 759 2841 breviterque
793 2795 1131 2834 commemorata
1163 2789 1428 2835 difficultate,
1472 2786 1603 2827 libros
1639 2798 1809 2839 quoque

261 2933 290 2978 ²)
316 2937 368 2971 De
394 2937 536 2973 Gruteri
565 2942 600 2973 et
625 2939 846 2976 Steinmetzii
874 2943 1056 2979 codicibus
1082 2945 1265 2980 silentium
1291 2950 1353 2982 est.

1903 264 1915 354 „xv-ae
1900 204 1915 247 es
1898 143 1907 174 '⁸‘
