1915 3235
118 1180 167 1204 171

953 151 1037 193 536

193 284 293 336 Ipsa
326 282 550 335 anaphora
582 281 848 334 pronominis
881 294 1031 323 veram
1065 281 1384 323 distinctionem
1417 281 1618 331 ostendit,
1661 295 1791 334 quam

196 353 444 395 obscuravit
475 353 650 394 omissio
683 353 803 393 verbi
836 352 1097 394 substantivi
1131 354 1174 394 et
1204 365 1355 393 Versus
1388 352 1499 393 inter
1543 353 1651 394 duas
1693 366 1792 394 sen—

194 426 353 465 tentias
387 424 562 465 divisus.
625 424 720 465 Hoc
752 424 926 476 quidem
960 437 1048 465 non
1079 423 1161 464 hoc
1193 436 1278 464 uno
1322 423 1415 464 loco
1453 426 1594 476 poetae
1632 425 1791 465 nocuit.

193 496 306 536 Nam
338 496 382 536 in
414 496 548 536 satira
580 495 785 545 secunda,
828 508 913 547 quo
946 494 1038 536 loco
1071 494 1285 535 Iuvenalis
1319 494 1432 543 dicit,
1474 496 1670 534 veterum
1702 493 1792 536 illo-

193 580 290 607 rum
323 566 624 607 Romanorum
657 565 836 606 umbras
870 565 988 618 apud
1020 565 1180 606 inferos
1213 565 1439 618 indignari,
1475 565 1642 617 quoties
1675 565 1793 606 foeda

192 639 234 678 et
266 637 488 678 maculosa
519 637 618 677 talis
650 636 849 686 hominis,
899 637 1048 689 quales
1088 649 1202 677 nunc
1244 636 1368 676 multi
1401 636 1498 685 sint,
1547 636 1704 677 umbra
1736 636 1792 677 ad

192 721 264 750 eos
297 709 456 757 veniat,
507 712 548 748 et
591 707 747 748 deinde
780 708 986 759 adiungit,
1035 707 1143 747 fines
1177 707 1351 759 quidem
1384 706 1553 759 imperii
1585 707 1790 759 prolatos,

191 778 269 819 sed
300 778 435 819 victos
467 780 615 819 tamen
648 780 690 819 et
728 778 940 819 barbaros
981 777 1174 819 moribus
1221 778 1475 819 castioribus
1521 791 1615 818 esse
1660 791 1792 830 quam

190 849 428 899 Romanos,
478 862 661 901 quorum
706 849 809 890 urbs
851 849 1062 890 scelerum
1102 848 1365 890 domicilium
1399 849 1466 898 sit,
1514 848 1559 889 hi
1591 848 1791 901 leguntur

190 933 340 961 versus
375 919 475 973 (157
512 918 648 972 sqq.):

805 1027 1023 1079 Cuperent
1054 1026 1242 1076 lustrari,
1277 1027 1311 1066 si
1345 1039 1431 1078 qua
1465 1025 1672 1066 darentur

433 1097 652 1149 Sulphura
685 1110 782 1138 cum
815 1097 940 1138 taedis
974 1100 1016 1138 et
1048 1098 1083 1138 si
1117 1099 1227 1138 ioret
1259 1096 1439 1137 humida
1471 1096 1633 1137 laurus.

433 1168 548 1217 111110,
583 1168 681 1218 heu,
717 1168 861 1209 miseri
894 1168 1177 1209 traducimur.
1240 1167 1375 1208 Arma
1409 1167 1583 1219 quidem
1617 1167 1731 1208 ultra

432 1239 579 1280 Litora
611 1240 803 1280 Iuvernae
837 1240 1133 1292 promovimus
1168 1241 1247 1279 cet.

188 1345 326 1386 Nemo
360 1344 484 1385 facile
517 1345 684 1395 dixerit,
719 1359 804 1398 quo
837 1346 1052 1399 pertineat
1084 1345 1308 1386 interiecta
1340 1344 1413 1385 iila
1446 1345 1499 1385 de
1531 1346 1791 1386 necessitate

188 1415 401 1457 moriendi
449 1418 491 1456 et
539 1417 595 1457 ad
641 1416 801 1457 inferos
850 1417 1051 1458 veniendi
1100 1416 1288 1469 querela.
1360 1416 1510 1468 Itaque
1553 1416 1789 1469 Rupertius

189 1487 319 1527 aliam
361 1487 618 1539 excogitavit
657 1487 1073 1540 interpretationem,
1122 1490 1170 1528 ut
1209 1488 1308 1527 illm:
1347 1486 1615 1527 traducimm·
1655 1488 1788 1528 esset:

189 1572 231 1598 eo
264 1557 543 1611 tmpiteaedinis
578 1559 761 1599 ecmonus
787 1558 929 1611 (quasi
953 1558 1035 1599 hoc
1059 1559 1112 1598 sit
1135 1558 1304 1598 traduci
1331 1556 1501 1612 aliquo),
1535 1558 1617 1599 hoc
1641 1560 1788 1599 autem

189 1643 231 1669 eo
265 1629 321 1669 ad
354 1642 418 1678 ea,
453 1642 550 1681 quae
583 1632 836 1681 sequuntur,
870 1630 1097 1679 referatur,
1131 1629 1249 1670 nulla
1274 1629 1479 1670 orationis
1505 1630 1738 1669 structura.
1755 1625 1788 1681 l)

188 1699 362 1749 Quanto
395 1700 671 1752 praestitisset
705 1700 924 1741 Valesium
958 1699 1093 1752 sequi,
1128 1713 1153 1740 a
1187 1700 1406 1740 codicibus
1433 1699 1676 1752 praesertim
1709 1699 1787 1740 ad-

187 1770 340 1821 iutum,
376 1771 447 1823 qui
480 1771 540 1811 sic
573 1771 707 1811 verba
741 1771 935 1812 distinxit
968 1773 1010 1811 et
1042 1771 1233 1823 scripsit:

1025 1879 1067 1918 et
1099 1877 1133 1918 si
1167 1877 1278 1918 foret
1309 1877 1489 1917 humida
1521 1876 1669 1917 laurus

430 1947 531 1988 Illic.
565 1948 687 1989 Heu!
721 1948 866 1989 miseri
898 1948 1180 1989 traducimur.
1244 1948 1380 1988 Arma
1414 1949 1493 1988 cet.

187 2035 233 2071 ut
266 2030 532 2071 traducimur
564 2030 640 2071 sit:
674 2030 860 2072 ludibrio
894 2043 1057 2071 sumus.

307 2101 487 2142 Gravius
520 2101 800 2154 perturbatus
834 2106 898 2142 est
929 2115 1008 2142 nec
1047 2101 1139 2142 sola
1178 2102 1294 2142 mala
1335 2102 1568 2142 Verborum
1610 2100 1787 2142 distinc-

186 2172 315 2222 tione,
365 2173 443 2213 sed
474 2174 623 2213 tamen
662 2173 744 2213 hac
778 2186 949 2225 quoque
983 2174 1025 2213 et
1057 2172 1233 2224 quidem
1265 2172 1423 2225 saepius
1457 2173 1588 2221 locus,
1638 2172 1711 2224 qui
1743 2172 1787 2212 in

186 2242 318 2283 satira
354 2243 610 2284 duodecima
643 2243 797 2296 legitur
828 2243 927 2284 inde
962 2256 986 2283 a
1018 2256 1146 2284 Versu
1182 2243 1248 2293 17,
1290 2243 1365 2283 ubi
1404 2244 1533 2295 poeta
1567 2241 1784 2292 describit,

187 2327 283 2366 quae
315 2314 507 2366 pericula
540 2314 733 2356 Catullus
767 2314 932 2355 amicus
965 2313 1009 2354 in
1040 2314 1149 2354 mari
1182 2314 1470 2366 superaverit:

429 2421 540 2461 Nam
574 2423 732 2472 praeter
763 2420 904 2472 pelagi
938 2432 1062 2460 casus
1096 2421 1138 2460 et
1170 2419 1348 2472 fulguris
1381 2419 1513 2460 ictum

431 2491 559 2531 Evasi
593 2491 740 2532 densae
775 2491 927 2531 caelum
962 2490 1231 2532 abscondere
1264 2491 1457 2531 tenebrae

430 2561 554 2601 Nube
589 2575 674 2602 una
707 2561 964 2614 subitusque
998 2564 1210 2602 antennas
1243 2561 1414 2614 impulit
1445 2561 1567 2613 ignis,

431 2631 574 2681 Quum
608 2646 653 2673 se
687 2633 869 2685 quisque
902 2632 973 2673 illo
1006 2645 1261 2684 percussum
1296 2632 1491 2672 crederet
1524 2633 1564 2672 et
1598 2644 1700 2672 mox

428 2702 649 2743 Attonitus
682 2703 848 2743 nullum
883 2702 1065 2743 conferri
1098 2716 1225 2755 posse
1257 2705 1431 2755 putaret

225 2864 252 2908 1)
280 2864 525 2909 [Heinrichius
573 2869 734 2899 enarrat:
781 2868 814 2899 A
854 2868 1018 2909 pristina
1061 2868 1191 2900 virtute
1237 2868 1284 2900 ad
1328 2867 1420 2899 ham·
1466 2868 1658 2909 infamiam
1701 2866 1785 2899 duci

281 2936 345 2959 nos
377 2927 554 2968 patimur.
611 2924 682 2958 Nec
720 2926 803 2958 illue
841 2929 895 2959 est
933 2927 1001 2959 huc
1038 2936 1157 2970 neque
1195 2927 1423 2959 traducimur
1460 2925 1510 2958 sic
1549 2924 1618 2958 dici
1655 2923 1782 2968 potuit.

281 2982 401 3027 1842]
