1915 3235
885 102 968 143 687

131 229 286 283 possit3
333 229 480 282 itaque
524 229 655 271 etiam
699 229 964 284 Oppianicus
1006 231 1178 273 liberari
1221 235 1384 286 potest;
1431 234 1559 287 plane
1602 235 1729 288 igitur

131 300 351 342 hominem
383 301 657 353 perdamus.“

249 371 450 424 Persaepe
497 371 614 413 mala
659 372 742 413 hac
788 372 1103 414 sententiarum
1151 373 1424 416 distinctione
1471 375 1729 418 obscuratur

133 454 282 483 earum
315 441 626 494 particularum
657 442 781 493 ratio,
822 456 918 495 quae
959 443 1024 485 bis
1057 443 1208 496 positae
1242 444 1353 486 inter
1385 458 1431 487 se
1464 450 1727 489 connectun-

130 513 214 562 tur,
261 513 537 565 maximeque
583 513 666 555 hoc
711 513 772 562 fit,
821 513 896 554 ubi
942 514 1074 567 paulo
1122 514 1299 556 liberius
1346 519 1529 570 vagatur
1577 519 1727 565 oratio.

131 584 300 624 mutata
331 583 526 625 nonnihil
557 584 601 625 in
633 584 769 625 altero
801 584 1000 626 membro
1032 582 1312 639 structura.1)
1361 586 1502 637 Quam
1536 588 1660 630 facile
1686 590 1728 630 in

130 651 197 694 his
227 653 419 694 minutiis
452 657 630 704 erretur,
663 654 849 707 perspici
881 656 1023 707 potest
1055 656 1099 696 in
1131 655 1380 706 Quintiliani
1413 658 1522 700 libro
1547 659 1586 699 X
1618 672 1653 701 c.
1691 662 1727 708 1,

131 723 200 774 24,
232 723 307 764 ubi
339 724 383 764 in
415 724 480 766 his
512 724 676 766 verbis:
711 724 766 766 Et
797 724 929 765 Pollio
962 730 999 766 et
1031 725 1217 768 sssessala
1249 727 1527 781 defenderunt
1556 730 1727 779 eosdem,

131 793 404 848 Spaldingius
438 800 474 836 et
506 819 561 824 —
595 800 631 836 et
661 808 739 848 pro
772 800 858 836 tam
900 818 952 822 —
991 810 1115 851 quam
1150 798 1310 839 dictum
1345 799 1602 852 suspicatur,
1650 814 1728 842 nec

130 864 410 906 Frotscherus
443 865 654 907 dissentit.
717 866 775 907 At
808 866 910 919 quid
943 868 1135 920 apertius
1176 882 1307 921 quam
1347 870 1465 922 prius
1506 875 1542 911 et
1579 871 1729 913 referri

130 935 188 978 ad
235 949 298 985 ea,
347 949 444 989 quae
488 937 741 990 praecedunt
785 939 827 978 et
869 941 1120 990 sequuntur,
1170 939 1496 993 orationemque
1535 942 1595 983 sic
1635 955 1729 984 esse

133 1007 491 1049 continuandam:
542 1007 655 1049 Nam
688 1008 738 1048 de
777 1007 896 1048 domo
939 1008 1150 1050 Ciceronis
1189 1010 1299 1051 dioeit
1333 1011 1538 1065 Calidius,
1580 1017 1623 1054 et
1647 1028 1729 1067 pro

131 1077 288 1119 Milone
322 1101 389 1131 —,
431 1083 479 1120 et
521 1078 653 1119 Pollio
696 1083 732 1119 et
776 1078 962 1120 Messala
1002 1079 1281 1133 defenderunt
1319 1082 1491 1136 eosdem,
1541 1089 1584 1124 et
1614 1084 1731 1125 nobis

122 1149 271 1202 pueris
304 1151 383 1190 cet.
453 1149 500 1190 In
544 1149 736 1190 eiusdem
780 1150 1000 1203 scriptoris
1043 1150 1152 1192 libro
1184 1152 1254 1194 XI.
1301 1152 1339 1201 3,
1386 1153 1408 1193 7
1454 1153 1729 1208 Spaldingius

130 1219 407 1260 scribendum
440 1220 704 1274 suspicatur:
740 1221 864 1261 etiam
898 1220 958 1262 III.
988 1221 1149 1270 Ciam-m
1183 1223 1260 1263 sed
1293 1228 1329 1264 et
1360 1224 1546 1266 refertur
1578 1226 1634 1267 ad
1663 1239 1726 1268 ea.

131 1302 228 1342 quae
266 1291 541 1344 praecedunt:
592 1297 628 1332 et
666 1291 974 1332 Demosthenes.
1038 1293 1084 1332 In
1117 1293 1226 1334 libro
1258 1294 1347 1337 XII.
1392 1295 1458 1344 10,
1500 1296 1553 1336 27
1588 1295 1631 1337 in
1663 1297 1727 1337 his

129 1361 292 1402 verbis:
348 1362 515 1417 quando
574 1367 609 1403 et
655 1362 982 1404 iucundissimas
1039 1363 1295 1415 particulam
1356 1370 1391 1405 et
1437 1365 1728 1408 Buttmannus

128 1434 425 1469 ιῖνανταπόδοτον
457 1446 550 1474 esse
582 1435 729 1486 putat;
778 1433 901 1474 adest
933 1435 1094 1483 tamen,
1140 1447 1236 1487 quae
1271 1435 1326 1475 ad
1358 1435 1470 1477 hanc
1502 1437 1726 1488 referatur,

131 1503 268 1544 altera
300 1503 342 1544 in
376 1503 398 1556 ἓ
432 1504 508 1546 28:
557 1507 594 1544 et
633 1504 741 1544 velut
779 1505 825 1544 in
864 1505 996 1545 locam
1029 1518 1175 1545 earnm
1206 1505 1421 1547 suecedent
1452 1508 1608 1557 tristes;
1657 1508 1727 1550 illa

130 1576 296 1615 autem:
346 1575 455 1629 quod
494 1589 617 1630 quum
657 1575 857 1629 eontinqt't
896 1588 1032 1628 usque
1072 1575 1129 1616 ad
1161 1575 1341 1628 efficient
1372 1576 1595 1619 interiecta
1627 1584 1727 1620 sunt

131 1646 175 1685 et
214 1645 486 1698 parenthesis
525 1647 638 1687 notis
683 1646 1000 1695 concludenda;
1050 1648 1165 1687 certe
1211 1659 1278 1697 ne,
1329 1648 1444 1700 quod
1491 1648 1618 1702 vulgo
1665 1649 1725 1700 fit,

129 1715 440 1769 coniungamus
495 1716 675 1769 efficient
722 1721 758 1757 et
804 1716 1038 1766 succedent,
1094 1716 1188 1769 ipsa
1243 1718 1457 1760 sententia
1504 1719 1725 1772 prohibet;

127 1786 243 1827 unde
276 1786 407 1828 etiam
439 1787 544 1828 illud
576 1790 772 1840 apparet,
814 1801 892 1840 pro
924 1787 1139 1828 suecedent
1170 1790 1245 1829 aut
1278 1801 1330 1829 ex
1362 1789 1576 1831 nonnullis
1611 1791 1726 1832 codi-

128 1856 248 1898 cibus
281 1859 323 1899 et
355 1858 573 1899 veteribus
614 1857 873 1899 editionibus
913 1858 1206 1900 revocandum
1247 1871 1340 1900 esse
1379 1860 1600 1902 succedunt
1638 1865 1725 1909 aut,

128 1999 306 2047 habent,
355 1999 601 2041 faciendum
643 2012 737 2041 esse
777 2013 1017 2040 successere.
1080 2000 1195 2042 Ante
1234 2001 1372 2043 multa
1411 2001 1527 2042 enim
1568 2003 1724 2043 saecula

126 2069 281 2111 litterae
311 2070 346 2123 f,
387 2085 423 2122 v,
464 2086 487 2126 q
521 2084 546 2112 a
578 2070 740 2112 Latinis
774 2073 961 2123 receptae
996 2073 1119 2112 erant
1152 2073 1195 2112 et
1226 2071 1270 2112 in
1301 2072 1443 2114 locum
1476 2072 1721 2114 Graecarum

131 2140 370 2182 dulciorum
403 2144 716 2183 successerant.

244 2212 427 2253 Maiores
462 2212 612 2253 turbas
644 2212 840 2265 neglecta
873 2212 1089 2254 distinctio
1114 2212 1249 2254 movit
1272 2213 1316 2254 in
1340 2213 1591 2264 Quintiliani
1617 2214 1725 2255 libro

126 2281 197 2332 XI,
232 2282 271 2333 3,
305 2283 375 2333 40,
410 2296 539 2335 quem
572 2283 712 2324 locum
747 2296 881 2335 quum
913 2282 1077 2336 priores
1110 2283 1367 2337 interpretes
1401 2297 1551 2326 secure
1582 2287 1724 2326 trans-

126 2352 279 2403 issent,
328 2353 627 2407 Spaldingiuni
667 2353 893 2394 sententiae
934 2353 1126 2406 pravitas
1166 2367 1253 2396 non
1292 2355 1463 2404 fefellit;
1511 2355 1589 2397 sed
1628 2369 1725 2408 quae

127 2423 163 2464 is
196 2423 444 2477 disputavit,
478 2424 528 2465 iis
561 2424 686 2465 facile
719 2424 977 2473 carebimus
1022 2424 1057 2465 si
1089 2425 1149 2466 ita
1181 2424 1595 2478 interpunxerimus:
1649 2426 1725 2467 Ost·

126 2499 231 2535 nata
263 2499 320 2535 est
342 2496 650 2549 pronuntiatio,
683 2495 751 2535 eui
782 2494 1052 2549 saffrayatm·
1082 2509 1159 2536 vox
1188 2495 1347 2549 facilis,
1387 2510 1557 2551 mayna,
1592 2496 1723 2547 beata,

125 2564 335 2619 flexibilis,
372 2565 514 2619 firma,
555 2565 702 2618 dulcis,
751 2564 974 2616 durabilis,
1023 2566 1156 2619 clara,
1196 2580 1329 2620 pura,
1377 2580 1522 2608 secans
1554 2580 1658 2608 aera
1691 2572 1726 2607 et

128 2635 303 2677 auribus
333 2636 478 2678 sedens
511 2636 588 2688 (est
619 2637 728 2677 enim·
760 2636 950 2691 quceclam
987 2637 1044 2677 ad
1077 2637 1269 2678 auditum
1303 2637 1609 2678 accommodata
1643 2651 1722 2678 non

126 2707 436 2771 onayrzitudine,
462 2707 535 2749 secl
559 2708 852 2761 proprietate),
887 2708 944 2748 ad
965 2708 1039 2749 hoe
1059 2708 1167 2749 relat
1188 2708 1422 2749 tractabilis
1445 2711 1523 2749 cet.
1572 2708 1722 2749 Verbis

165 2867 195 2911 ¹)
222 2868 317 2913 [Dixi
342 2874 468 2915 postea
494 2871 538 2905 de
564 2871 632 2905 hac
658 2882 696 2905 re
722 2871 759 2905 in
791 2882 947 2906 excursu
966 2872 1084 2916 primo
1102 2872 1284 2907 Ciceronis
1309 2872 1409 2906 libris
1436 2872 1479 2906 de
1505 2872 1637 2907 finibus
1664 2873 1722 2906 bo·

222 2939 352 2963 norum
379 2930 534 2971 adiect0;
565 2930 687 2974 itaque
714 2930 771 2964 hic
797 2930 903 2974 plura
929 2931 1071 2965 sustuli.
1124 2931 1165 2965 A.
1196 2929 1314 2973 1842]

1747 1734 1798 1759 359
