1915 3235
827 151 912 193 233

76 283 249 336 quidem
296 281 465 331 sufficit,
515 281 630 334 quod
676 281 823 333 gravia
871 292 1003 321 onera
1050 279 1211 320 Latinis
1253 279 1428 320 coloniis
1469 280 1664 332 impone—

74 353 246 394 bantur.
293 352 428 393 Paulo
461 352 598 393 maior
619 364 824 392 mensura
846 351 936 404 agri
959 352 1336 399 commemoratur,
1370 349 1482 390 dena
1503 350 1664 402 iugera,

73 425 118 465 in
149 423 364 473 Saturnia,
413 435 508 475 quae
543 422 695 463 eodem
729 434 842 463 anno
877 419 997 474 (183)
1035 421 1080 461 in
1119 419 1335 461 Etruriam
1376 419 1563 461 deducta
1602 422 1667 461 est

75 494 181 547 (Liv.
213 493 404 543 XXXIX,
448 491 535 545 55),
583 492 723 533 minor
765 493 809 533 in
842 492 1068 541 Graviscis,
1113 491 1245 543 quina
1283 490 1431 543 iugera
1472 489 1545 543 (id.
1578 490 1665 540 XL,

74 563 168 618 29);
218 576 399 616 eamque
447 566 490 604 et
535 565 779 616 propterea,
829 565 871 603 et
910 561 1025 614 quod
1064 562 1107 602 in
1147 561 1317 602 Etruria
1357 562 1462 611 erat,
1511 561 1668 601 civium

75 636 286 677 coloniam
319 634 450 675 fuisse
491 636 609 686 puto.
674 633 759 675 Sed
802 632 971 674 duobus
1014 632 1203 673 millibus
1247 631 1403 672 civium
1444 631 1667 672 Romano-

73 719 182 756 rum,
226 705 298 758 qui
331 718 370 745 a.
406 704 486 744 177
521 704 688 745 Lunam
728 703 901 744 deducti
933 705 1045 753 sunt,
1090 702 1394 755 quinquagena
1427 707 1469 742 et
1501 701 1669 754 singula

73 776 221 829 iugera
253 777 296 816 et
329 774 531 816 semisses
564 775 654 827 agri
687 774 777 815 dati
810 776 922 824 sunt,
956 773 1117 826 ingenti
1150 773 1395 814 discrimine
1428 771 1534 825 (Liv.
1559 772 1666 822 XLI,

77 847 142 897 13,
177 846 231 887 al.
268 842 400 898 17).¹)
451 845 512 886 Ea
545 844 710 886 colonia
742 844 969 898 Liguribus
1002 844 1202 897 opposita
1234 846 1301 885 est
1331 843 1424 884 loco
1458 847 1666 896 opportu-

74 917 264 959 nissimo.
746 927 750 934 '

191 988 381 1040 Iamque,
416 986 550 1036 Italia,
586 987 651 1027 cui
678 985 815 1027 Gallia
840 984 1084 1038 Cispadana
1110 985 1313 1026 adiuncta
1338 986 1445 1034 erat,
1478 983 1668 1036 undique

73 1059 241 1100 munita
273 1060 316 1099 et
348 1057 629 1107 coalescente,
671 1056 850 1109 antiqua
883 1055 1147 1097 coloniarum
1181 1054 1533 1096 deducendarum
1567 1066 1668 1094 con-

74 1129 168 1170 silia
214 1141 339 1182 paene
378 1128 508 1169 finem
546 1128 807 1168 habuerunt.
876 1126 987 1167 Nam
1035 1129 1193 1179 praeter
1239 1126 1487 1174 Auximum,
1537 1137 1668 1177 quam

75 1199 286 1241 coloniam
318 1199 361 1239 in
393 1198 599 1239 Picenum
633 1211 671 1239 a.
704 1198 785 1239 15ss
820 1200 895 1238 aut
930 1198 1009 1238 157
1046 1196 1277 1237 deductam
1310 1195 1495 1236 Velleius
1522 1195 1670 1236 scribit

75 1269 274 1323 (triennio
307 1272 407 1310 ante
432 1269 630 1310 Cassium
654 1268 894 1321 Longinum
927 1280 1162 1316 censorem,
1196 1266 1240 1307 id
1272 1269 1350 1315 est,
1385 1268 1485 1307 ante
1511 1265 1667 1315 a.154,

74 1341 164 1382 fere
197 1340 391 1381 ducentis
432 1340 554 1381 annis
600 1342 700 1380 ante
744 1352 874 1392 quam
916 1339 1007 1391 ipse
1053 1351 1091 1379 a.
1127 1338 1210 1379 783
1243 1350 1284 1378 u.
1319 1349 1354 1377 c.
1389 1336 1462 1389 (30
1493 1350 1535 1389 p.
1569 1336 1668 1378 Chr.

74 1410 134 1464 n.)
174 1411 430 1464 opusculum
471 1408 743 1463 composuit),
792 1410 862 1450 vix
904 1410 1084 1461 reperio.
1135 1422 1242 1461 quas
1286 1413 1432 1449 vetere
1474 1408 1669 1448 instituto

75 1482 268 1524 conditas
300 1484 464 1534 putem,
512 1481 593 1522 nisi
636 1481 746 1522 forte
785 1480 1034 1529 Dertonam,
1084 1479 1126 1520 in
1166 1478 1405 1531 Liguribus,
1456 1478 1508 1519 de
1549 1478 1669 1518 cuius

75 1552 271 1594 deductae
304 1565 417 1593 anno
443 1565 530 1593 non
554 1554 723 1593 constat
738 1548 785 1603 ²),
820 1554 862 1592 et
886 1551 1159 1604 Eporediam,
1195 1563 1291 1603 quae
1317 1563 1354 1590 a.
1383 1549 1465 1590 100
1499 1548 1670 1589 condita

75 1626 140 1665 est
171 1623 282 1664 inter
306 1623 549 1676 Vagiennos
577 1623 620 1663 in
645 1622 783 1664 Gallia
808 1621 1139 1675 Transpadana,
1174 1620 1404 1674 Sibyllinis,
1438 1623 1484 1661 ut
1507 1619 1670 1661 Plinius

113 1786 140 1830 ¹)
166 1788 228 1822 Est
254 1788 375 1832 aliqua
400 1787 436 1821 in
469 1788 537 1821 hac
569 1788 709 1821 colonia
741 1786 944 1820 difficultas.
994 1785 1085 1819 Nam
1125 1785 1221 1829 apud
1259 1785 1400 1819 Livium
1440 1784 1476 1817 in
1514 1783 1671 1817 editione

168 1847 287 1891 prima
313 1850 367 1881 est
392 1848 553 1884 Lunam
593 1846 690 1890 quod
717 1845 952 1890 Kreyssigius‚
988 1845 1049 1889 qui
1076 1845 1247 1882 codicem,
1287 1843 1347 1888 qui
1373 1854 1468 1877 unus
1495 1845 1670 1886 superest,

169 1906 352 1947 adhibuit,
392 1907 531 1939 Lucam
563 1905 684 1946 edidit,
722 1904 1007 1939 Drakenborcliii
1039 1903 1074 1937 id
1107 1902 1396 1937 commendantis
1428 1901 1587 1936 rationes
1619 1912 1671 1936 se-

170 1969 274 1999 cutus
300 1976 378 1999 esse
411 1967 538 2009 potest.
590 1964 696 2008 Apud
730 1964 908 1998 Velleium
940 1966 1063 1997 autem
1095 1973 1126 1996 a.
1154 1961 1221 1994 178
1254 1960 1447 2004 (189-11)
1479 1962 1580 1994 Luca
1614 1960 1671 1994 de-

171 2024 278 2058 ducta
327 2024 474 2064 dicitur,
520 2034 630 2067 quam
670 2022 765 2067 apud
804 2022 946 2056 Livium
984 2021 1220 2055 substituunt.
1289 2021 1357 2055 Sed
1396 2020 1591 2064 quominus
1630 2030 1673 2053 ea

170 2083 301 2117 civium
335 2094 412 2116 esse
444 2082 612 2126 potuerit,
652 2082 781 2122 obstat,
821 2081 917 2125 quod
950 2081 1072 2115 Cicero
1105 2079 1164 2122 (ad
1190 2080 1314 2114 Famil.
1342 2079 1435 2120 XIII,
1469 2078 1528 2120 13)
1554 2077 1671 2113 muni-

170 2142 304 2186 cipium
337 2142 500 2176 Lucense
532 2141 707 2176 nominat.
747 2144 782 2174 et
813 2140 939 2173 Festus
965 2138 1006 2181 (s.
1033 2151 1065 2173 v.
1093 2138 1348 2182 Municipium)
1380 2138 1473 2172 inter
1506 2137 1673 2181 exempla

111 2221 120 2229 ·
171 2212 308 2241 eorum,
348 2200 410 2245 qui
437 2201 482 2234 ad
509 2199 692 2234 civitatem
719 2210 762 2232 ex
788 2198 1044 2243 peregrinitate
1070 2198 1311 2243 pervenerint,
1350 2197 1532 2232 Lucenses
1558 2196 1670 2241 ponit.

170 2260 296 2305 Itaque
322 2260 434 2294 Lunae
465 2269 599 2293 nomen
632 2269 674 2292 eo
712 2257 826 2301 magis
864 2258 1127 2292 restituendum
1166 2261 1255 2302 puto
1293 2256 1493 2300 Velleiique
1531 2259 1672 2290 textum

170 2319 290 2363 potius
324 2330 367 2353 ex
402 2318 552 2352 Liviano
586 2317 868 2358 emendandum,
907 2317 1004 2360 quod
1037 2317 1134 2360 apud
1166 2316 1241 2350 Liv.
1268 2316 1371 2357 XLV,
1411 2315 1455 2348 13
1488 2316 1673 2348 Lamenses

172 2377 288 2412 coloni
325 2377 483 2411 Romani
509 2388 540 2411 a.
568 2375 635 2409 168
675 2387 756 2411 cum
794 2376 934 2410 Pisanis
973 2376 1257 2410 controversiam
1296 2375 1340 2409 de
1379 2385 1463 2418 agro
1501 2373 1672 2407 habuisse

172 2439 377 2477 narrantur,
405 2436 466 2480 qui
493 2436 589 2479 quod
615 2434 827 2469 remotiores
845 2446 866 2469 a
883 2434 1022 2468 Pisanis
1040 2434 1334 2468 Drakenborchio
1353 2434 1533 2474 videntur,
1560 2432 1672 2467 nesci—

171 2506 264 2537 mus,
292 2506 403 2539 quam
428 2495 500 2529 late
526 2494 622 2539 regio
650 2493 879 2528 circumiecta
904 2493 941 2527 in
968 2493 1108 2527 dicione
1133 2493 1310 2535 Pisarum,
1346 2492 1609 2527 florentissimae
1634 2491 1672 2524 in

171 2554 240 2589 hac
271 2554 423 2589 Etruriae
454 2557 556 2598 parte
591 2553 756 2594 civitatis,
790 2552 907 2586 fuerit.
959 2550 1015 2595 [In
1047 2551 1169 2587 codice
1201 2550 1473 2586 Vindobonensi
1505 2550 1674 2584 scribitur

173 2619 204 2646 et
242 2625 315 2646 una
353 2611 517 2655 colonia]
568 2612 610 2646 A.
638 2611 706 2645 180
743 2610 864 2645 Pisani
902 2611 1076 2646 Romanis
1115 2623 1241 2656 agrum
1279 2610 1429 2656 polliciti
1466 2612 1561 2650 sunt,
1601 2619 1673 2652 quo

172 2672 311 2705 Latina
337 2671 477 2706 colonia
503 2671 757 2710 deduceretur;
797 2673 906 2713 atque
938 2670 983 2703 ad
1016 2680 1096 2704 eam
1129 2681 1206 2704 rem
1239 2668 1420 2704 triumviri
1453 2667 1563 2702 creati
1589 2669 1674 2701 sunt

174 2729 262 2772 (Liv.
289 2730 360 2770 XL,
387 2729 464 2772 43);
504 2741 547 2765 ea
579 2729 640 2764 ubi
673 2729 796 2763 sedem
829 2728 1008 2769 habuerit,
1042 2729 1181 2767 nescio;
1222 2739 1308 2763 nam
1346 2730 1487 2762 mutato
1525 2725 1673 2760 consilio

173 2789 317 2823 Lunam
344 2789 478 2823 civium
503 2800 569 2833 pro
595 2788 724 2823 Latina
754 2788 946 2821 deductam
973 2787 1094 2829 fuisse,
1120 2787 1180 2821 vix
1207 2786 1431 2822 crediderim.

118 2845 146 2890 ²)
171 2848 224 2882 De
249 2849 410 2882 Dertona
437 2849 579 2892 ambi-qi,
618 2847 776 2881 Velleius
809 2846 931 2880 scribit
964 2846 1057 2881 inter
1083 2846 1308 2890 Carthaginis
1340 2844 1386 2888 (a.
1413 2842 1495 2886 123)
1527 2846 1563 2877 et
1587 2842 1672 2876 Nar-

175 2906 279 2940 bonis
305 2905 350 2949 (a.
378 2906 461 2949 118)
487 2906 720 2941 mentionem.

1688 997 1740 1023 288
