1915 3235
103 1718 136 1741 75

933 96 990 136 60

167 226 318 267 111011115
351 225 535 278 perspici
574 225 780 277 potuisse,
829 223 865 265 si
912 237 1009 265 cum
1053 223 1255 265 universa
1292 223 1587 265 institutorum
1629 236 1759 276 eque-

166 297 317 337 strium
350 296 429 337 loci
463 294 727 347 expositione
760 294 988 335 coniuncta
1013 296 1176 344 essent3
1210 294 1288 335 sed
1310 307 1451 347 neque
1475 296 1643 336 tantam
1667 307 1759 336 rem

164 367 233 407 hic
265 366 439 419 aggredi
471 378 649 418 possum
681 377 821 417 neque
844 365 1028 406 aliorum
1051 364 1430 418 disputationibus,
1465 378 1560 418 quae
1585 365 1760 407 incertae

164 436 268 476 mihi
301 436 513 485 videntur,
562 436 645 484 uti;
693 447 834 487 neque
875 435 990 476 enim
1031 435 1265 485 dissimulo,
1315 437 1363 476 ut
1395 448 1494 476 eum
1526 435 1759 486 nominem,

164 506 284 546 cuius
314 505 530 558 praecipue
564 505 607 545 in
639 507 830 546 mentem
862 506 1008 547 venire
1039 506 1238 565 hocloco
1264 506 1406 556 debet,
1441 519 1504 556 ea,
1539 520 1635 559 quae
1660 506 1760 547 Nie-

163 575 343 617 buhrius
377 576 430 616 de
464 575 666 616 centuriis
693 575 885 627 equitum
912 578 1148 630 antiquitus
1174 577 1400 630 descriptis
1425 578 1623 630 exposuit
1647 577 1759 618 Hist.

162 645 288 687 Rom.
323 646 405 687 vol.
439 646 469 686 Ι.
503 659 545 698 p.
579 646 664 686 449
698 659 791 699 sqq.
826 647 892 688 ed.
927 648 966 697 2,
1005 661 1092 689 non
1131 649 1236 689 satis
1276 648 1382 689 mihi
1420 648 1609 700 probari.
1672 648 1759 689 Sed

162 716 215 756 de
247 717 327 766 his,
361 716 397 757 si
429 716 604 769 quando
636 717 856 769 perficere,
891 731 988 770 quae
1021 718 1197 768 institui,
1231 721 1426 771 potuero,
1461 718 1615 760 dicam.
1678 719 1760 760 Hic

162 799 213 826 ex
252 786 315 836 iis,
365 800 461 839 quae
501 787 576 837 rei,
626 788 679 829 de
718 801 804 841 qua
843 789 995 841 agitur,
1045 789 1250 830 adiuncta
1289 792 1426 839 erunt,
1475 792 1647 831 tantum
1688 803 1758 831 as-

161 869 345 906 sumam,
380 860 592 909 quantum
625 871 803 900 necesse
836 859 927 909 erit,
962 862 1260 912 quantumque
1294 860 1538 901 confirmari
1570 860 1760 902 breviter

159 928 331 979 poterit.

279 998 494 1040 Ciceronis
528 1000 625 1042 libri
658 1001 711 1042 de
743 1002 809 1042 Re
841 1001 1021 1042 Publica
1054 1001 1196 1054 quarti
1228 1001 1520 1055 fragmentum
1561 1000 1617 1054 [c.
1651 1002 1699 1052 ΙΙ,
1735 1002 1761 1042 2

158 1068 325 1121 Ηο1111.]
373 1069 417 1110 111
465 1071 610 1112 00(1100
657 1072 867 1113 Vaticano
914 1073 975 1113 ita
1023 1072 1190 1125 incipit:
1230 1071 1303 1095 *²⁸*
1341 1074 1543 1127 qratiam.
1624 1073 1761 1124 Quam

158 1139 364 1180 commode
411 1141 581 1183 ordines
628 1142 839 1197 descripti,
889 1148 1050 1195 (etates,
1099 1143 1268 1195 classes,
1319 1145 1542 1198 equitatus,
1590 1144 1636 1184 in
1682 1157 1761 1198 quo

158 1210 371 1265 suffrayia
403 1217 500 1253 sunt
533 1214 658 1253 etiam
690 1219 880 1255 senatus:
913 1215 1039 1254 nimis
1073 1214 1212 1255 nubitis
1244 1215 1330 1254 iam
1363 1215 1483 1255 stulte
1506 1214 1615 1254 lianc
1646 1215 1760 1254 utili-

158 1285 283 1322 tatem
331 1283 420 1322 tolli
467 1283 739 1336 cupientibus,
788 1286 860 1339 qui
898 1298 1048 1325 novam
1087 1285 1353 1339 largitionem
1393 1290 1587 1340 qucerunt
1619 1287 1760 1342 aliquo

150 1352 288 1406 plebei
318 1354 417 1393 scito
450 1353 759 1395 reddendorum
795 1370 1006 1411 equorum.
1069 1356 1181 1397 Hinc
1213 1356 1257 1396 in
1289 1356 1475 1397 indicem
1507 1357 1760 1398 historicum

159 1423 356 1465 editionis
390 1425 491 1465 Maii
523 1438 549 1465 a
580 1425 818 1467 Niebuhrio
851 1427 1037 1468 relatum
1069 1429 1185 1468 recte
1226 1430 1311 1468 est:
1359 1428 1569 1477 „Senatus
1603 1429 1759 1470 suffra-

158 1493 226 1546 gia
260 1494 301 1534 in
335 1495 531 1547 equitum
565 1497 768 1537 centuriis
794 1500 954 1538 erant.“
1009 1498 1211 1539 Ceterum
1234 1498 1339 1540 nihil
1364 1499 1608 1551 quisquam,
1642 1500 1759 1552 quod

158 1565 305 1614 sciam,
340 1566 396 1606 ad
430 1579 521 1607 rem
555 1566 865 1609 declarandam
899 1568 1055 1618 attulit,
1090 1582 1181 1618 nee,
1216 1569 1383 1622 largitio
1417 1583 1626 1622 equorum
1658 1570 1758 1611 red-

158 1635 399 1676 dendorum
434 1638 573 1689 qualis
608 1640 734 1689 esset,
768 1639 907 1680 Maius
940 1640 1045 1680 satis
1072 1640 1301 1693 expedivit.
1350 1641 1577 1682 Interiecto
1603 1641 1759 1682 deinde

156 1708 365 1759 tempore,
407 1721 540 1760 quum
574 1709 848 1751 Heinrichius
881 1710 974 1751 haec
1008 1710 1250 1763 fragmenta
1282 1712 1445 1753 Bonnae
1478 1712 1638 1762 ederet,
1678 1712 1759 1754 hoc

156 1776 216 1818 ita
250 1790 502 1830 expressum
537 1782 622 1821 est:
673 1782 715 1821 iu
756 1795 833 1836 quo
871 1781 1084 1836 suffraqia
1122 1787 1230 1832 sunt,
1280 1784 1405 1823 etiam
1443 1787 1624 1832 senatus,
1673 1796 1760 1835 qua

156 1848 515 1900 interpunctione,
564 1852 710 1893 nescio
753 1865 913 1893 casune
956 1866 1011 1893 an
1050 1852 1300 1895 Heinrichio
1341 1854 1536 1904 iubente,
1585 1854 1758 1895 sublata

156 1922 219 1960 est
255 1920 344 1960 eius
377 1920 452 1969 rei,
494 1935 626 1974 quam
660 1923 759 1973 dixi,
801 1923 1067 1976 significatio.
1132 1924 1258 1974 Quod
1290 1925 1551 1966 Niebuhrius
1584 1926 1758 1966 secutus

156 1988 216 2041 (in
241 1990 406 2044 Duplilc
435 2005 563 2046 qeqen
587 1993 701 2034 Hrn.
727 1992 971 2034 Steinaclcer
1002 2008 1043 2047 p.
1072 1994 1141 2047 10)
1174 1995 1403 2048 significari
1437 1996 1505 2037 hic
1539 1996 1757 2037 celebrata

154 2061 226 2102 illa
258 2061 312 2101 VI
352 2063 559 2116 suffragia
598 2064 804 2105 iudicavit
843 2065 973 2118 idque
1013 2065 1310 2107 Heinrichium
1351 2067 1626 2117 intellexisse,
1676 2067 1756 2108 etsi

154 2146 383 2174 numerum
416 2147 504 2175 non
537 2134 790 2176 addidisset.
854 2137 916 2177 Ea
956 2137 1190 2178 auctoritas
1224 2137 1441 2178 Moserum
1475 2140 1516 2179 et
1549 2137 1756 2179 Orellium

154 2204 301 2253 movit,
337 2207 384 2245 ut
415 2204 533 2245 illam
565 2205 957 2259 interpunctionem
981 2208 1229 2258 retinerent,
1262 2208 1632 2261 probabiliterque
1656 2209 1757 2249 Nie-

154 2273 358 2315 buhrium
391 2276 669 2317 scribendum
702 2278 912 2330 suspicari
944 2279 1206 2320 iudicarent:
1249 2280 1295 2319 in
1334 2293 1411 2334 quo
1443 2293 1514 2320 sex
1545 2278 1758 2334 suffrayia

154 2349 262 2384 sunt.
326 2345 378 2385 Et
411 2348 504 2387 erat
536 2360 641 2387 sane
674 2349 919 2390 necessaria
958 2350 1161 2393 mutatio:
1209 2351 1255 2390 vin
1295 2351 1480 2405 equitatu
1520 2350 1635 2391 enim
1675 2363 1758 2391 esse

153 2413 379 2469 ετιῆναρὶα,
421 2416 599 2458 ridicule
642 2418 809 2460 dicitur.
873 2420 1028 2461 Mirum
1061 2423 1222 2471 tamen,
1263 2423 1357 2462 haec
1388 2421 1555 2462 turbari
1587 2421 1630 2462 in
1663 2421 1755 2462 loco

153 2485 364 2528 hactenus
406 2488 581 2539 quidem
625 2492 789 2541 aperto,
839 2493 885 2531 ut
930 2491 982 2532 de
1026 2492 1168 2532 verbis
1210 2492 1436 2545 iungendis
1478 2505 1532 2533 ne
1576 2492 1756 2533 minima

155 2556 330 2609 quidem
364 2558 591 2599 dubitandi
625 2572 757 2601 causa
789 2562 857 2602 sit.
920 2562 1060 2612 Patet,
1101 2563 1375 2604 commodam
1407 2563 1555 2617 populi
1588 2562 1756 2604 civilem

155 2626 489 2681 descriptionem
522 2630 710 2679 laudari3
752 2645 801 2673 eo
835 2632 949 2673 enim
982 2635 1181 2686 spectant
1213 2634 1397 2683 ordines,
1439 2636 1603 2683 aetates,
1645 2634 1755 2674 clas-

155 2711 223 2739 ses
257 2698 350 2750 (cfr.
385 2700 438 2740 de
471 2701 598 2753 Legg.
632 2701 699 2750 III,
737 2702 803 2751 19,
845 2703 903 2743 44
943 2704 996 2744 de
1029 2704 1210 2745 comitiis
1244 2705 1515 2746 centuriatis:
1557 2705 1755 2758 Descrip-

155 2773 220 2809 tus
251 2771 435 2823 populus
474 2784 608 2820 censu,
650 2771 882 2820 ordinibus,
923 2774 1126 2825 aetatibus,
1167 2777 1210 2815 et
1247 2775 1300 2815 de
1341 2776 1494 2816 eadem
1527 2788 1573 2816 re
1605 2775 1672 2825 III,
1714 2775 1753 2824 3,

157 2840 201 2881 7:
237 2839 352 2880 Exin
376 2839 612 2894 (censores)
635 2845 855 2897 pecunias,
890 2846 1085 2898 (evitatas,
1119 2845 1287 2886 ordines
1302 2847 1538 2899 partiunto,
1573 2847 1752 2902 equitum

148 2911 418 2966 peditumque
442 2913 606 2965 prolem
639 2913 941 2967 describuuto);
974 2916 1017 2957 in
1049 2916 1131 2957 hac
1163 2918 1308 2958 autem
1341 2930 1387 2957 re
1420 2918 1537 2959 nulla
1569 2930 1753 2970 usquam
