1915 3235
813 116 896 157 257

61 250 310 298 redeamus,
359 248 444 288 duo
491 246 549 287 illi
596 259 746 286 versus
794 245 897 287 satis
945 248 1045 286 sunt
1090 247 1325 300 perspicui,
1374 248 1408 288 si
1457 260 1649 290 seorsum

62 319 401 368 considerantur,
451 317 638 370 seposita
688 316 998 369 aliquantisper
1040 329 1202 366 eorum,
1251 330 1348 369 quae
1396 321 1647 371 sequuntur,
1670 331 1720 356 316

61 404 176 440 cura,
217 391 445 443 ipsumque
483 387 588 428 illud
632 387 863 436 continent,
913 386 1028 439 quod
1059 387 1247 428 maxime
1280 388 1509 430 dicendum
1542 392 1648 440 erat,

59 463 94 502 si
132 473 219 502 non
250 459 323 509 ita,
367 461 415 499 ut
447 458 607 498 dictum
641 459 767 505 esset,
818 456 992 498 alternis
1042 470 1195 510 corpus
1243 459 1460 512 exciperet
1506 461 1647 510 inane,

58 533 185 572 inane
219 532 365 571 autem
398 541 565 581 corpus,
607 527 862 568 alterutrum
902 530 1063 577 tamen,
1105 531 1180 569 aut
1213 542 1366 582 corpus
1400 534 1475 572 aut
1506 532 1647 581 inane,

58 601 271 643 infinitum
317 603 490 652 patere,
540 597 674 639 altero
721 611 808 639 non
854 599 1134 647 terminante,
1190 602 1237 640 ut
1283 601 1464 654 simplex
1511 603 1648 655 quod-

58 672 159 713 dam
206 672 321 712 esset
365 669 600 717 infinituni;
647 671 818 709 tantum
865 670 964 720 post
1011 669 1259 711 alterutrum
1304 671 1649 726 interpungenda

60 742 196 784 oratio
229 743 314 782 est:

203 858 291 899 Aut
324 858 454 899 etiam
487 858 757 906 alterutrum,
791 856 871 897 nisi
903 859 1104 899 terminet
1137 859 1320 901 alterum
1355 874 1517 912 eorum,

203 928 394 981 Simplici
426 931 582 969 natura
614 930 762 980 pateat
794 931 942 969 tamen
974 929 1322 972 immoderatum.

54 1035 160 1077 Haec
192 1035 333 1076 divelli
367 1034 484 1075 nullo
517 1034 646 1075 modo
678 1037 872 1087 possunt.
936 1034 1021 1076 Sed
1062 1038 1103 1076 et
1135 1049 1203 1078 res
1237 1040 1279 1078 et
1311 1037 1481 1090 Epicuri
1514 1039 1648 1080 verba

55 1109 108 1147 et'
129 1119 193 1156 ea,
228 1119 324 1158 quae
358 1105 654 1155 subiiciuntur,
688 1107 838 1158 aperte
870 1105 1105 1156 declarant,
1132 1111 1191 1147 'ex
1222 1108 1285 1157 iis,
1321 1109 1476 1161 quibus
1504 1111 1648 1150 osten-

54 1177 243 1218 dendum
277 1178 383 1227 erat,
431 1178 631 1216 neutram
670 1177 798 1217 huius
839 1176 1135 1218 disiunctionis
1166 1181 1336 1231 partem
1370 1192 1518 1220 veram
1552 1193 1646 1221 esse

51 1260 192 1300 posse,
241 1248 401 1288 omissa
441 1259 535 1288 esse
576 1259 640 1296 ea,
690 1259 786 1298 quae
824 1247 1071 1299 pertineant
1103 1248 1159 1289 ad
1191 1248 1319 1290 inane
1350 1250 1519 1291 finitum
1553 1263 1646 1292 cor-

51 1330 156 1370 pore
187 1317 353 1358 infinito
384 1318 679 1365 terminatum,
723 1330 818 1370 quae
860 1331 934 1358 cur
968 1318 1023 1358 ab
1057 1319 1267 1370 Lucretio,
1317 1322 1388 1373 qui
1421 1321 1646 1362 studiosis-

51 1389 157 1429 sime
190 1387 362 1441 Epicuri
395 1390 650 1441 argumenta
682 1388 956 1441 persequitur
989 1391 1031 1430 et
1064 1389 1228 1440 dilatat,
1263 1393 1422 1433 omissa
1454 1393 1539 1433 sint
1572 1395 1647 1433 aut

51 1460 124 1512 qui
155 1459 295 1500 omitti
326 1459 558 1512 potuerint,
592 1459 701 1499 ratio
733 1459 855 1499 reddi
878 1473 965 1500 non
988 1463 1143 1512 potest,
1179 1461 1334 1503 deinde
1368 1476 1418 1503 ex
1451 1464 1515 1513 iis,
1549 1459 1645 1516 quae

50 1529 107 1570 ad
139 1529 320 1570 alteram
352 1532 523 1582 partem
555 1530 786 1582 pertinent,
835 1531 968 1583 ipsius
1007 1532 1259 1585 hypothesis
1292 1534 1644 1586 propositionem,

50 1600 106 1641 ad
138 1613 269 1653 quam
311 1600 555 1641 referantur
596 1600 783 1653 proximi
824 1614 988 1642 versus.
1053 1602 1283 1644 Verissime
1327 1605 1454 1657 igitur
1497 1605 1644 1645 Tana-

50 1671 206 1723 quillus
244 1670 386 1712 Faber
425 1684 574 1712 versus
615 1671 777 1724 aliquot
826 1672 1035 1713 excidisse
1083 1673 1325 1726 suspicatus
1371 1678 1456 1723 est3
1504 1688 1644 1728 neque

49 1742 163 1783 enim
205 1755 291 1783 uno
336 1744 379 1783 et
426 1742 561 1783 altero
609 1742 754 1783 omnia
801 1742 873 1783 illa
921 1744 1234 1796 comprehensa
1281 1758 1375 1786 esse
1421 1749 1643 1798 poterant,

49 1825 232 1865 eamque
265 1813 566 1865 suspicionem,
601 1814 655 1854 ab
690 1814 783 1865 ipso
815 1813 1005 1854 breviter
1029 1814 1229 1866 positam,
1263 1815 1344 1857 hac
1378 1818 1642 1858 accuratiore

49 1883 340 1936 disputatione
374 1884 479 1925 satis
513 1883 813 1924 confirmatam
846 1875 992 1936 put0.'
1030 1885 1178 1938 Itaque
1212 1886 1268 1927 ad
1301 1887 1484 1928 alterum
1517 1889 1642 1929 venio

47 1954 202 2004 locum,
251 1954 303 1995 de
337 1967 421 2007 quo
453 1967 581 1995 nemo
614 1955 860 1996 huiusmodi
895 1955 1126 2007 quicquam
1159 1957 1401 2009 suspicatus
1436 1961 1512 2008 est,
1563 1960 1641 2000 etsi

47 2024 128 2078 ipsi
161 2025 328 2066 codices
362 2025 418 2066 ad
450 2038 541 2065 reni
574 2025 875 2078 reperiendam
909 2026 1039 2067 duces
1073 2030 1185 2068 sunt.
1233 2028 1344 2069 Nam
1378 2029 1420 2069 in
1453 2029 1642 2070 secundo

48 2096 156 2137 libro
204 2096 294 2137 eius
342 2096 435 2145 loci,
485 2109 568 2148 quo
617 2095 812 2137 celeritas
861 2096 1126 2149 singularum
1168 2102 1411 2140 atomorum
1452 2113 1641 2140 comme-

48 2169 242 2208 moratur
275 2169 317 2208 et
349 2179 447 2207 cum
480 2166 580 2207 solis
617 2167 839 2208 radiorum
881 2180 1006 2208 cursu
1048 2172 1337 2221 comparatur,
1386 2171 1453 2212 hic
1494 2174 1558 2212 est
1597 2172 1641 2212 in

49 2237 307 2279 editionibus
341 2237 478 2278 exitus
513 2237 569 2289 (v,
605 2237 688 2278 160
722 2236 824 2289 [161
860 2237 928 2291 Β]
961 2237 1093 2291 sqq.):

222 2342 391 2383 Debent
423 2343 626 2384 nimirum
660 2342 828 2396 (atomi)
860 2345 1108 2397 praecellere
1139 2347 1380 2390 mobilitate

223 2413 275 2453 Et
307 2413 442 2454 multo
476 2414 598 2455 citius
632 2414 732 2455 ferri
765 2428 894 2468 quam
928 2416 1091 2457 lumina
1124 2417 1236 2467 solis,

222 2483 532 2536 Multiplexque
564 2484 645 2526 loci
677 2487 866 2538 spatium
899 2488 1194 2529 transcurrere
1227 2489 1381 2530 eodem

224 2554 453 2606 Tempore,
487 2569 571 2607 quo
604 2557 704 2597 solis
737 2557 991 2609 pervolgant
1022 2557 1191 2611 fulgura
1225 2560 1398 2609 caelum;

222 2625 335 2665 Nam
365 2638 505 2678 neque
540 2627 713 2668 consilio
746 2627 906 2668 debent
938 2629 1111 2670 tardata
1144 2632 1315 2680 morari,

143 2812 290 2846 demum
315 2813 432 2847 bonus
459 2817 512 2847 est
538 2825 675 2855 sensus,
702 2815 835 2849 habere
862 2819 1001 2850 atomos
1029 2817 1159 2851 debere
1185 2818 1336 2852 liberam
1354 2823 1571 2863 potestatem
1598 2831 1635 2853 se

143 2871 322 2913 movendi,
350 2882 393 2905 ex
419 2883 491 2915 qua
516 2872 585 2907 illis
612 2884 654 2907 ea
679 2877 838 2917 potestas
865 2878 943 2908 orta
969 2875 1023 2909 sit.

1285 2936 1329 2969 17

1658 2650 1707 2674 :317
