1915 3235
131 776 181 801 105

156 2900 206 2925 106

959 69 1015 109 84

202 206 330 245 vastae
364 205 406 243 et
437 202 534 242 latae
568 198 815 241 eruditionis
856 210 964 249 opus
997 196 1200 249 appellat,
1248 198 1363 237 recte
1402 197 1561 237 sentire
1598 196 1779 246 videtur,

198 276 246 324 si,
294 274 480 326 primum
522 272 602 312 illis
646 269 803 310 finibus
849 266 1089 320 argumenti
1131 266 1294 319 positis,
1343 267 1445 320 quid
1485 269 1560 308 aut
1597 280 1675 308 nos
1709 271 1783 308 aut

199 345 381 386 fortasse
412 341 727 383 Alexandrinus
761 338 913 390 aliquis
947 338 1117 378 criticus
1149 337 1444 390 postulaturus
1483 337 1624 387 fuerit,
1665 351 1782 391 quae-

199 415 351 459 rimus:
406 412 656 454 Latinorum
710 410 879 450 illorum
937 408 1225 449 didascalicon
1278 408 1458 461 scriptor
1513 421 1645 461 quam
1698 408 1784 449 late

200 487 404 538 evagatus
437 483 502 532 sit,
551 494 681 534 quam
722 492 901 532 operose
941 480 981 519 in
1023 478 1189 531 singula
1229 478 1508 532 inquisiverit,
1556 480 1784 520 nescimus.

200 555 309 596 Nam
343 554 456 607 quod
488 566 659 594 summa)
683 564 765 604 pro
796 550 873 590 illa
907 554 1025 590 oetate
1066 549 1266 590 doetrinae
1303 550 1463 591 librum
1502 550 1633 591 fuisse
1672 549 1785 599 dicit,

201 628 244 666 et
275 625 328 665 de
360 625 475 665 chori
508 621 813 675 negligentiore
846 620 932 661 iam
975 620 1091 673 apud
1129 620 1378 673 Euripidem
1417 633 1499 662 usu
1535 620 1676 674 fusius
1714 633 1786 661 ex-

200 696 386 748 positum
427 694 558 735 fuisse
605 706 735 745 quam
774 705 852 744 pro
891 691 995 732 Attii
1034 692 1174 732 aetatis
1216 691 1477 742 eruditione,
1526 704 1657 744 quam
1702 691 1787 732 late

202 766 298 807 fusa
329 766 456 806 fuerit
486 765 558 805 illa
590 763 837 816 disputatio,
886 775 970 803 non
1012 764 1197 811 constat,
1246 762 1451 803 doctrinae
1490 761 1664 803 laudem
1702 775 1789 803 non

202 836 381 887 detraho
413 836 531 876 libris
564 847 687 887 paene
720 834 887 886 ignotis,
937 833 1014 873 sed
1051 835 1199 873 tamen
1239 845 1291 873 ea
1331 845 1384 873 ex
1422 845 1472 874 eo
1511 846 1598 874 non
1636 833 1789 874 confir-

202 909 357 955 matur,
407 905 522 958 quod
564 904 711 946 Cicero
753 917 930 957 gravem
974 916 1164 945 errorem
1209 906 1343 953 notat,
1391 903 1527 944 Varro
1565 903 1619 944 de
1650 903 1791 945 Plauti

202 977 415 1018 comoedia
447 976 655 1024 dissentit,
699 974 858 1016 Gellius
890 974 1142 1027 scriptorem
1176 974 1337 1026 frigidis
1370 975 1634 1027 argumentis
1665 987 1791 1015 usum

202 1048 381 1095 iudicat3
415 1049 458 1087 et
488 1050 588 1087 sunt
620 1059 723 1087 sane
755 1045 922 1098 frigida.
986 1045 1234 1086 Graecarum
1268 1045 1443 1098 quidem
1475 1045 1715 1086 litterarum
1741 1058 1792 1086 ea

205 1119 399 1172 cognitio,
443 1121 490 1158 ut
522 1117 683 1170 aliquid
716 1117 768 1157 de
802 1117 973 1169 tragicis
1006 1116 1148 1156 dicere
1179 1118 1338 1168 posset,
1386 1129 1473 1158 non
1506 1117 1792 1158 dubitandum

205 1191 282 1239 est,
316 1190 419 1242 quin
450 1190 493 1229 in
524 1189 642 1229 Attio
675 1188 814 1229 fuerit.
864 1188 935 1240 qui
975 1186 1132 1227 multas
1165 1186 1335 1228 fabulas
1367 1201 1393 1228 a
1426 1187 1585 1229 Graecis
1618 1188 1674 1229 ad
1704 1188 1793 1230 Ro-

205 1273 357 1301 manos
388 1259 619 1300 transtulit.
683 1258 768 1299 Sed
800 1258 894 1310 ipsa
926 1260 991 1298 est
1030 1257 1273 1310 diligentius
1314 1259 1627 1300 consideranda
1669 1259 1794 1300 dubi-

204 1332 324 1381 tatio,
366 1331 481 1384 quod
514 1343 609 1370 cum
642 1330 705 1379 iis,
751 1341 846 1382 quae
879 1328 999 1369 initio
1032 1329 1158 1369 huius
1192 1331 1565 1371 commentationis
1598 1330 1795 1379 diximus,

207 1403 433 1443 coniuncta
467 1404 544 1450 est,
579 1401 762 1442 cadatne
794 1412 929 1453 genus
953 1402 1093 1455 totum
1117 1399 1332 1440 scribendi
1355 1399 1398 1440 in
1422 1400 1590 1442 Attium
1615 1414 1797 1454 eamque

207 1474 394 1513 aetatem.
456 1472 503 1512 In
536 1485 620 1525 quo
654 1471 895 1512 cavendum
928 1472 1005 1519 est,
1038 1483 1105 1519 ne,
1141 1470 1256 1522 quod
1289 1472 1486 1523 superius
1518 1472 1652 1524 attigi,
1693 1472 1799 1513 nihil

208 1544 413 1584 interesse
461 1543 687 1584 credamus
728 1543 839 1583 inter
885 1544 1084 1594 tempora
1130 1541 1255 1581 valde
1304 1541 1486 1588 diversa,
1537 1543 1798 1583 constituen-

209 1614 398 1667 dumque
433 1614 708 1665 accuratius,¹
738 1614 848 1653 inter
881 1626 987 1665 quos
1019 1612 1228 1664 homineS,
1278 1626 1363 1665 qua
1396 1613 1637 1654 litterarum
1671 1616 1825 1668 aetate,

209 1685 352 1725 Attius
385 1686 549 1726 vixerit.
612 1685 723 1726 Nam
763 1685 797 1725 si
836 1685 942 1725 Livii
982 1683 1216 1724 Andronici
1257 1686 1332 1724 aut
1373 1684 1506 1724 Naevii
1555 1686 1631 1725 aut
1677 1685 1798 1725 Ennii

211 1757 340 1797 etiam
372 1756 459 1797 tale
491 1756 698 1808 scriptum
731 1755 928 1803 ferretur,
964 1755 1053 1795 iure
1087 1754 1372 1795 dubitaretur.
1421 1755 1544 1796 Esset
1577 1755 1691 1796 enim
1714 1769 1802 1797 non

210 1827 351 1867 minus
390 1826 478 1867 fere
519 1827 689 1875 mirum,
739 1839 869 1878 quam
911 1825 1026 1878 quod
1068 1825 1194 1878 vulgo
1235 1825 1288 1865 de
1321 1826 1366 1866 L.
1401 1825 1545 1867 Cincio
1584 1826 1802 1868 Alimento

210 1896 407 1946 traditur,
442 1910 571 1949 quem
603 1910 654 1938 eo
686 1899 895 1949 tempore,
938 1910 1021 1949 quo
1054 1897 1218 1949 primus
1252 1896 1429 1937 annales
1461 1910 1607 1937 rerum
1639 1889 1821 1938 Roma-'

211 1981 365 2008 narum
392 1968 564 2009 Latinos
588 1968 747 2009 Fabius
773 1967 905 2008 edidit
929 1967 1254 2019 scribendaeque
1270 1967 1458 2008 historiae
1483 1970 1612 2009 tenue
1636 1968 1804 2009 initium

215 2038 375 2079 factum
410 2040 485 2088 est,
520 2038 572 2079 de
604 2038 747 2079 verbis
779 2038 941 2091 priscis,
977 2037 1029 2078 de
1063 2037 1196 2087 fastis,
1231 2037 1283 2078 de
1316 2051 1362 2078 re
1395 2038 1582 2088 militari,
1618 2038 1671 2079 de
1704 2051 1805 2080 con-

214 2109 355 2150 sulum
387 2112 602 2162 potestate
635 2109 875 2161 similiaque
909 2104 1128 2161 scripsisse
1160 2110 1358 2157 narrant;
1393 2108 1464 2160 qui
1490 2122 1620 2155 error,
1654 2109 1698 2150 in
1722 2122 1806 2162 quo

216 2180 345 2220 etiam
400 2180 660 2220 Niebuhrius
714 2179 1047 2220 fundamentum
1103 2168 1405 2231 disputationis
1459 2179 1634 2232 aliquod
1687 2180 1808 2233 ponit

216 2248 345 2303 (Hist.
378 2250 505 2291 Rom.
538 2251 573 2291 ΙΙ
606 2265 647 2303 p.
676 2251 729 2291 10
762 2250 828 2291 ed.
855 2248 912 2302 2),
947 2249 1047 2291 olim
1081 2263 1107 2290 a
1139 2250 1342 2302 Longolio
1376 2250 1704 2292 animadversus
1729 2252 1806 2299 est,

218 2334 354 2373 nuper
395 2334 420 2361 a
461 2321 659 2374 Zumptio
703 2320 763 2374 (in
801 2320 1030 2362 Iahrbiich.
1071 2320 1099 2361 f.
1139 2321 1386 2361 wissensch.
1427 2320 1741 2362 &itm-1829.
1774 2321 1810 2361 II

218 2392 269 2432 N.
306 2391 376 2444 12)
409 2392 618 2433 sublatus.
681 2392 840 2432 Verum
874 2391 1029 2440 Attius,
1063 2391 1173 2431 inter
1205 2404 1332 2444 quem
1369 2394 1411 2431 et
1443 2392 1686 2444 superiores
1717 2391 1810 2432 illos

220 2463 466 2503 interiectus
500 2463 592 2503 erat
622 2461 847 2510 Pacuvius,
889 2461 1065 2503 dimidio
1098 2462 1254 2503 saeculo
1294 2463 1444 2512 maior,
1484 2463 1590 2503 vixit
1629 2475 1725 2503 cum
1764 2461 1810 2503 C.

221 2532 394 2581 Lucilio,
428 2533 499 2585 qui
533 2533 610 2573 etsi
642 2535 748 2572 natu
780 2533 920 2573 minor
953 2532 1044 2582 fuit,
1085 2534 1233 2573 tamen
1266 2535 1367 2574 ante
1399 2533 1567 2574 Attium
1601 2535 1665 2574 est
1696 2545 1811 2574 mor-

222 2605 344 2651 tuus;
377 2603 578 2655 grandior
611 2604 700 2643 eius
734 2605 839 2643 aetas
872 2604 914 2644 in
952 2603 995 2643 id
1034 2608 1205 2656 tempus
1244 2604 1403 2651 incidit,
1443 2617 1528 2656 quo
1561 2603 1812 2656 grammati-

225 2686 371 2714 corum
404 2673 548 2714 studia
578 2673 731 2714 Romae
763 2673 990 2714 fervebant
1023 2673 1124 2726 (vid.
1158 2674 1334 2715 Sueton.
1376 2674 1429 2715 de
1469 2675 1597 2715 illust.
1631 2687 1812 2727 gramm.

225 2757 260 2784 c.
294 2742 351 2796 3),
399 2743 636 2796 habuitque
678 2757 802 2797 paene
844 2744 1070 2797 aequalem,
1119 2745 1248 2797 paulo
1291 2746 1418 2786 aetate
1458 2744 1718 2794 inferiorem,
1768 2745 1812 2785 L.

224 2813 380 2854 AElium
403 2813 609 2855 Stilonem
632 2815 944 2863 Praeconinum,
979 2815 1104 2856 huius
1137 2815 1266 2856 studii
1289 2828 1412 2868 paene
1435 2817 1672 2868 principem
1705 2815 1815 2856 inter

226 2884 459 2933 Romanos,
483 2885 684 2926 Varronis
705 2886 973 2938 magistrum,
998 2887 1069 2938 qui
1091 2899 1130 2927 a.
1149 2886 1235 2927 654
1259 2899 1292 2926 s.
1321 2886 1403 2926 100
1424 2886 1643 2927 Metellum
1666 2885 1815 2926 Numi-
