1915 3235
150 1624 197 1648 111

981 135 1067 177 488

228 277 419 318 praesens
450 263 671 314 transitus,
715 264 852 317 qualis
891 264 960 306 hic
992 264 1035 305 in
1067 265 1219 306 Latino
1252 276 1450 306 sermone
1481 263 1668 318 fingitur.
1730 265 1815 307 Ita-

229 348 311 388 que
343 337 437 377 haec
469 334 721 376 omittamus
760 335 974 388 simulque
1013 335 1119 377 illud
1158 335 1375 376 fateamur
1422 333 1554 387 (quod
1601 348 1654 376 ex
1701 348 1818 377 com-

227 407 452 459 paratione
484 406 668 458 passivae
703 405 853 447 formae
885 406 1206 459 apertissimum
1245 404 1324 458 fit),
1371 405 1479 447 fines
1517 407 1742 458 praesentis
1776 409 1818 448 et

228 476 359 518 futuri
407 476 664 518 coniunctivi
707 476 935 518 dubitativi
974 477 1114 518 nullos
1156 490 1251 518 esse
1285 478 1438 527 certos,
1485 476 1567 517 nisi
1614 477 1729 530 quod
1775 478 1819 519 in

226 547 371 589 futuro
403 546 620 588 interdum
654 545 789 600 (velut
820 547 863 588 in
902 547 1092 589 secunda
1131 560 1317 600 persona
1355 545 1651 601 hypothetica)
1689 548 1819 601 paulo

227 619 418 672 apertius
452 619 612 659 eminet
643 618 784 671 imago
819 618 1077 660 condicionis
1111 618 1343 671 aliquando
1375 620 1608 659 eventurae.

343 690 488 731 Unum
520 689 623 730 illud
659 689 833 740 addam,
873 689 1006 730 futuri
1047 689 1275 730 dubitativi
1315 702 1441 730 usum
1481 702 1654 731 omnem
1685 690 1818 742 perti-

224 773 327 802 nere
360 761 417 802 ad
449 760 685 802 sententias
717 773 794 813 per
816 772 862 801 se
891 760 1075 813 positas;
1109 760 1224 812 quod
1245 762 1422 813 propter
1443 759 1655 813 Propertii
1676 760 1817 801 locum

225 832 333 883 dico,
368 832 441 884 qui
474 833 538 873 est
569 831 612 872 in
645 830 753 872 libro
785 830 821 871 ΙΙ
854 829 926 884 (ΠΙ
958 828 1166 883 Lachm.),
1207 831 1264 872 34
1294 844 1334 871 v.
1368 830 1437 880 53,
1471 831 1545 872 ubi
1578 831 1694 884 quod
1726 831 1817 872 edi-

225 904 312 943 tur:
348 901 434 943 Nec
466 900 586 955 (solet
623 899 849 955 quaerere),
882 902 1028 955 sipost
1049 900 1219 956 Styqias
1242 902 1405 957 aliquid
1427 903 1644 943 restaverit
1665 902 1816 952 undas,

224 986 310 1015 non
342 973 481 1015 solum
514 973 569 1015 oh
603 972 789 1014 formam
822 972 961 1025 ipsam
994 972 1231 1014 barbaram
1264 973 1521 1026 reprehendi
1561 973 1693 1014 debet
1731 971 1817 1025 (cui

223 1045 296 1097 qui
330 1058 381 1085 ex
413 1044 568 1098 supino
602 1044 924 1085 excusationem
957 1046 1168 1096 quaerunt,
1217 1057 1297 1085 nec
1336 1043 1686 1096 reduplicationis
1725 1056 1818 1084 me-

222 1115 454 1165 minerunt,
488 1128 621 1168 quam
652 1115 735 1156 hoc
766 1114 949 1156 verbum
971 1114 1118 1164 habet,
1152 1127 1232 1156 nec
1255 1115 1541 1164 considerant,
1576 1127 1627 1155 ea
1651 1115 1817 1156 ratione

223 1186 353 1228 etiam
386 1187 532 1228 sonavi
563 1186 804 1239 similiaque
838 1185 1011 1226 defendi
1051 1184 1209 1238 posse),
1258 1186 1336 1227 sed
1375 1186 1491 1238 quod
1529 1198 1583 1226 ne
1622 1186 1820 1227 restiterit

222 1257 397 1310 quidem
444 1257 515 1299 illo
563 1257 656 1299 loco
704 1256 785 1297 dici
833 1269 911 1309 pro
955 1260 1075 1296 restet
1112 1258 1268 1309 potest.
1331 1256 1465 1297 Multo
1498 1258 1643 1297 autem
1675 1256 1818 1298 minus

220 1328 470 1381 Propertius
504 1328 697 1369 futurum
731 1330 933 1369 exactum
964 1341 1043 1381 pro
1075 1328 1220 1369 futuro
1254 1327 1509 1368 coniunctivi
1552 1327 1596 1368 in
1635 1326 1818 1368 interro-

220 1400 391 1452 gatione
414 1399 620 1452 pendenti
642 1399 786 1452 posuit
808 1411 858 1440 eo
881 1399 1023 1449 modo,
1058 1412 1143 1451 quo
1165 1398 1320 1439 Accius
1344 1398 1529 1451 obfueris
1552 1396 1608 1450 (V.
1631 1411 1674 1451 p.
1700 1397 1815 1450 103).

220 1470 446 1512 Notandus
487 1473 553 1511 est
600 1469 728 1523 igitur
775 1483 939 1521 versus,
990 1482 1117 1522 quem
1167 1470 1296 1511 etiam
1341 1469 1475 1510 codex
1507 1468 1818 1522 Neapolitanus

220 1541 366 1582 mendi
400 1541 552 1594 arguit.
567 1538 600 1594 1)

338 1612 387 1653 V.
449 1611 673 1653 Hactenus
706 1611 920 1664 persecuti
953 1624 1102 1652 sumus
1142 1611 1327 1652 formam
1370 1610 1500 1651 futuri
1541 1611 1692 1661 exacti,
1742 1610 1817 1652 de-

218 1683 362 1736 posita
404 1683 611 1735 praeteriti
660 1682 983 1736 significatione,
1032 1682 1075 1723 in
1123 1682 1316 1723 futurum
1365 1686 1406 1722 et
1453 1694 1577 1734 paene
1624 1694 1817 1733 praesens

220 1753 478 1794 coniunctivi
526 1754 644 1795 modi
691 1756 1006 1795 transeuntem.
1079 1753 1192 1794 Huic
1240 1754 1304 1793 est
1350 1752 1551 1793 transitui
1598 1751 1817 1794 inclinatio

219 1825 434 1866 contraria
468 1826 510 1866 et
541 1825 584 1866 in
626 1825 808 1866 alteram
847 1827 1017 1878 partem
1056 1824 1209 1877 primae
1248 1823 1432 1865 notionis
1473 1836 1666 1876 vergens,
1716 1836 1815 1876 qua,

218 1895 416 1948 deposita
448 1895 580 1937 futuri
603 1895 924 1949 significatione,
958 1895 1164 1949 praeteriti
1187 1895 1324 1936 solam
1346 1895 1503 1935 retinet
1532 1894 1665 1947 fitque
1687 1894 1816 1947 plane

217 1966 378 2008 iustum
410 1966 651 2019 perfectum
686 1967 956 2008 coniunctivi.
1012 1966 1098 2008 Sed
1129 1966 1256 2007 huius
1290 1965 1580 2007 conversionis
1614 1978 1816 2018 progres-

216 2050 288 2078 sus
321 2039 473 2078 notare
505 2050 592 2079 non
624 2050 868 2090 possumus,
903 2038 1105 2079 effectum
1137 2037 1360 2086 videmus;
1393 2037 1473 2077 nisi
1507 2036 1622 2088 quod
1652 2036 1694 2077 in
1719 2036 1814 2087 illis,

217 2121 313 2161 quae
347 2108 524 2161 exposui
558 2108 611 2149 de
645 2121 726 2149 usu
758 2108 890 2149 futuri
923 2108 1061 2150 exacti
1095 2108 1351 2150 coniunctivi
1373 2108 1414 2148 in
1440 2107 1632 2148 notando
1656 2107 1815 2148 effectu

217 2178 372 2220 futurae
406 2179 599 2229 actionis,
634 2179 705 2231 qui
738 2179 795 2220 ad
826 2181 998 2232 tempus
1030 2179 1298 2232 praeteritum
1332 2181 1374 2219 et
1406 2178 1461 2219 ad
1484 2177 1716 2230 praeteritae
1740 2191 1813 2219 ac-

216 2249 343 2290 tionis
376 2252 580 2290 eventum
613 2251 841 2302 spectaret,
875 2251 980 2291 satis
1011 2250 1192 2303 patebat
1224 2263 1358 2291 unum
1392 2249 1566 2301 aliquod
1597 2250 1659 2290 rei
1681 2249 1813 2290 vesti-

217 2319 347 2372 gium.
411 2320 555 2370 Quum
595 2320 710 2361 enim
748 2321 808 2361 sic
849 2320 1049 2362 dicimus:
1101 2320 1284 2361 Frustra
1331 2320 1588 2370 laboravero,
1636 2320 1680 2361 in
1726 2333 1812 2361 uno

217 2390 350 2432 verbo
382 2393 615 2443 utrumque
648 2393 821 2444 tempus
855 2393 940 2440 est,
989 2404 1120 2444 quum
1166 2393 1310 2432 autem
1354 2389 1456 2444 (vid.
1490 2404 1606 2443 supr.
1640 2404 1682 2444 p.
1716 2389 1810 2442 87):

252 2551 280 2597 ¹)
308 2553 431 2598 [Apud
457 2555 667 2589 Ciceronem
694 2555 730 2589 in
756 2556 847 2590 libro
874 2556 906 2590 ΙΙ
932 2556 976 2589 (10
1002 2556 1055 2589 Re
1082 2567 1115 2599 p.
1142 2554 1163 2597 ξ
1189 2555 1232 2589 54
1268 2555 1432 2589 futurum
1460 2555 1704 2589 dubitativum
1729 2555 1811 2589 sub-

310 2613 441 2648 iectum
471 2613 614 2648 videtur
640 2614 826 2658 particulae
852 2620 890 2648 ut
916 2614 952 2648 in
979 2614 1110 2648 effectu
1135 2614 1370 2658 significando
1405 2612 1469 2657 (ut,
1505 2615 1599 2657 quod
1622 2615 1811 2657 prod-itum

310 2674 482 2706 memoria
507 2678 568 2715 est,
607 2672 648 2706 X
666 2675 773 2716 viros,
813 2676 877 2718 qui
907 2675 997 2717 leges
1030 2675 1252 2717 scripserint,
1290 2675 1365 2707 sine
1384 2674 1638 2716 provocatione
1663 2678 1809 2716 creatos,

309 2733 399 2765 satis
424 2733 625 2773 ostenderit,
652 2733 808 2776 reliquos
833 2734 908 2766 sine
927 2735 1180 2776 provocatione
1205 2734 1442 2776 mam-stratus
1468 2743 1538 2766 non
1561 2731 1700 2774 fuisse).
1739 2731 1808 2765 Sed

311 2790 379 2834 ipsi
406 2790 457 2824 illi
482 2789 669 2834 particulae
694 2791 817 2824 nullus
843 2790 891 2824 ibi
918 2791 1018 2825 100115
1044 2794 1109 2832 051,
1149 2802 1261 2835 quum
1288 2792 1366 2833 hoc,
1406 2791 1503 2834 quod
1530 2790 1671 2832 dicitur,
1709 2789 1809 2824 nullo

309 2849 416 2883 modo
443 2859 486 2882 ex
513 2848 758 2892 superioribus
785 2849 972 2884 efficiatur.
1011 2850 1093 2894 Ipsa
1118 2850 1290 2884 orationis
1316 2851 1433 2884 forma
1456 2853 1492 2884 et
1510 2852 1808 2893 argumentorum

310 2906 533 2941 continuatio
560 2907 731 2948 declarat,
769 2907 1002 2942 scribendum
1029 2919 1106 2943 esse
1132 2914 1163 2942 et
1194 2907 1360 2952 (itemque
1394 2926 1437 2930 —
1471 2912 1501 2941 et
1535 2926 1578 2930 —
1610 2905 1807 2952 Luciique).

310 2964 429 3009 1842]
