1915 3235
121 1243 172 1267 2:88

947 101 1035 142 314

192 247 288 286 quae
337 233 422 273 dixi
467 232 520 273 de
562 234 685 272 textu
729 230 989 284 scriptorum
1023 231 1079 272 ad
1112 231 1280 273 codices
1312 245 1400 274 non
1432 235 1597 282 exacto,
1645 235 1789 275 trans·
1850 258 1857 271 2

193 303 371 345 ferenda
402 305 503 343 sunt
534 302 591 343 ad
623 302 728 343 alios
762 301 1006 354 scriptores.
1053 302 1181 343 Velut
1213 303 1328 355 quod
1357 316 1492 344 unum
1516 303 1626 345 Celsi
1649 304 1791 346 locum

192 374 256 427 (V,
292 374 360 424 26,
395 373 468 425 36)
503 373 703 422 afferunt,
737 372 781 413 in
803 385 888 425 quo
911 372 985 414 sit:
1021 372 1078 413 ad
1109 372 1392 414 inducendum
1415 375 1662 424 cicatricem,
1697 375 1791 428 quis

191 446 234 486 in
266 445 336 486 illo
370 445 577 498 scriptore
612 443 667 484 ad
699 443 947 485 huiusmodi
978 456 1071 484 rem
1105 444 1290 485 attendit
1322 457 1373 486 ac
1404 458 1492 486 non
1523 446 1790 498 progagavit,

192 516 307 569 quod
341 529 443 557 casu
476 518 552 557 aut
585 528 636 556 ex
668 515 796 556 unius
840 514 997 556 codicis
1041 515 1200 556 mendo
1244 515 1288 556 in
1331 515 1518 568 primam
1559 516 1792 565 editionem

192 583 451 638 venisset?¹)
499 586 663 627 Eadem
709 588 773 626 est
815 585 992 627 Senecae
1035 586 1159 636 ratio,
1210 586 1328 628 cuius
1371 588 1475 628 item
1515 587 1558 627 in
1591 587 1792 628 omnibus

191 658 394 711 operibus
427 671 538 698 unus
571 658 785 710 reperitur
816 657 934 698 locus
968 657 1208 698 contrarius
1248 658 1302 699 de
1334 658 1483 699 Benef.
1517 658 1546 707 I,
1593 660 1612 698 1
1658 656 1792 710 [nunc

192 742 214 770 e
238 728 456 770 codicibus
479 727 731 782 correctus]
780 728 930 780 Itaque
953 727 1089 768 sicubi
1112 727 1280 769 codices
1300 728 1606 781 inspiciuntur,
1641 741 1793 769 verum

191 800 419 840 invenitur.
484 799 651 841 Citatur
693 813 718 841 a
750 799 1060 840 Ruddimanno
1103 797 1155 851 (ΙΙ
1187 812 1228 851 p.
1263 799 1348 840 252
1388 802 1476 840 not.
1521 800 1588 840 ed.
1622 798 1793 852 Stallb.)

192 883 244 911 ex
276 870 420 911 Manil.
444 870 618 912 Astron.
642 871 671 921 I,
709 871 763 912 10
797 869 853 910 ad
886 874 1006 910 tanta
1039 869 1293 919 canendum
1327 870 1416 919 sed,
1452 870 1524 923 qui
1557 870 1646 911 fere
1678 871 1793 912 solus

190 942 233 982 in
267 954 318 982 eo
350 944 480 994 poeta
513 941 731 983 codicibus
755 954 857 982 usus
880 945 958 990 est,
994 941 1194 993 Scaliger,
1230 954 1281 981 ex
1304 941 1468 994 optimo
1492 941 1795 983 Gemblacensi

192 1012 448 1065 duobusque
482 1013 574 1054 aliis
608 1012 800 1053 canenda
841 1012 987 1061 edidit,
1038 1015 1241 1066 recteque
1281 1012 1501 1054 Bentleius
1541 1015 1583 1054 et
1623 1013 1795 1054 Stoeber

190 1084 474 1124 retinuerunt.
537 1084 659 1124 Unus
693 1086 758 1124 est
790 1083 908 1124 locus
952 1083 1172 1136 scriptoris
1216 1083 1347 1136 paulo
1391 1083 1635 1137 diligentius
1679 1086 1793 1124 trac-

191 1154 283 1204 tati,
317 1154 361 1195 in
394 1168 478 1207 quo
511 1155 616 1195 nihil
648 1157 835 1205 notetur,
876 1155 1070 1196 Suetonii
1103 1155 1145 1195 in
1179 1154 1328 1196 Claud.
1364 1155 1418 1195 26
1453 1153 1528 1206 (ad
1561 1154 1795 1194 ducendum

192 1239 283 1265 eum
315 1225 517 1278 virorem).
567 1226 652 1267 Sed
685 1239 739 1267 ne
774 1226 864 1267 eius
898 1226 1073 1279 quidem
1107 1225 1230 1267 codd.
1265 1225 1389 1266 11111111
1422 1227 1623 1266 accurate
1653 1225 1795 1266 collati

192 1298 312 1346 sunt3
346 1310 598 1350 quanquam
630 1310 717 1338 non
749 1297 1030 1347 intercedam,
1065 1298 1099 1338 si
1122 1299 1216 1350 quis
1239 1298 1354 1338 hunc
1383 1298 1525 1338 locum
1549 1295 1794 1343 excusabit;

192 1367 295 1420 (non
329 1370 412 1409 est:
448 1373 491 1408 ut
522 1368 689 1408 (luceret
721 1382 905 1418 umorem,
939 1382 1039 1409 nec:
1074 1373 1118 1409 ut
1150 1369 1243 1409 (luc.
1270 1382 1361 1409 eccm
1389 1382 1470 1418 zm,
1505 1367 1601 1408 sed:
1635 1371 1681 1407 ut
1705 1380 1795 1407 eum

189 1439 395 1491 femmam
435 1439 529 1480 (luc.
573 1437 672 1491 um).
742 1440 789 1480 111
822 1439 946 1481 Galb.
980 1442 1129 1481 tamen
1173 1441 1224 1481 18
1266 1442 1308 1480 et
1341 1439 1441 1480 Oth.
1478 1439 1499 1479 7
1543 1441 1713 1479 tantum
1754 1438 1797 1478 in

192 1522 278 1550 uno
311 1512 353 1550 et
386 1510 521 1551 altero
556 1510 700 1551 codice
734 1511 941 1552 mendum
975 1513 1060 1559 est;
1109 1511 1330 1552 Ernestius
1372 1511 1547 1563 quidem
1589 1508 1663 1562 (ad
1696 1509 1795 1550 Oth.

194 1578 238 1629 7‘)
271 1594 358 1622 non
392 1581 575 1631 dubitat,
625 1581 729 1633 quin
771 1583 831 1623 sic
874 1584 1043 1623 veteres
1084 1582 1283 1623 dixerint.
1348 1582 1509 1622 Verum
1554 1581 1658 1622 satis
1691 1582 1796 1634 puto

193 1651 354 1692 dictum
390 1665 484 1693 esse
519 1652 571 1693 de
604 1653 686 1693 hac
719 1666 777 1702 re,
829 1653 908 1694 etsi
946 1656 1144 1706 poteram
1185 1667 1319 1694 unum
1354 1656 1397 1694 et
1429 1653 1613 1694 alterum
1647 1651 1797 1693 similis

193 1723 359 1775 generis
393 1723 601 1764 mendum
635 1737 687 1764 ex
721 1725 814 1765 aliis
847 1725 1130 1778 scriptoribus
1174 1738 1355 1778 operose
1390 1724 1617 1766 corradere
1651 1725 1695 1764 et
1727 1736 1796 1763 ar-

192 1791 384 1846 guere.2)
448 1795 596 1847 Itaque
630 1808 765 1836 111111111
799 1796 973 1846 addam,
1015 1810 1068 1837 ne
1110 1796 1300 1837 ablativo
1335 1796 1510 1849 quidem
1543 1795 1739 1848 gerundii
1772 1807 1798 1835 a

192 1866 497 1919 praepositione
529 1868 647 1907 recto
681 1867 976 1908 accusativum
1002 1867 1177 1920 adiungi
1202 1881 1227 1908 a
1253 1867 1457 1909 Cicerone
1485 1866 1793 1919 aequalibusve,

194 1940 236 1978 et
268 1937 341 1989 qui
374 1937 577 1989 deinceps
611 1937 801 1988 fuerunt,
850 1939 931 1979 nisi
974 1938 1090 1991 quod
1136 1938 1283 1980 Cicero
1328 1938 1517 1991 primum
1560 1937 1603 1978 in
1635 1936 1796 1989 origine

194 2021 347 2049 vocum
381 2007 574 2049 notanda
607 2009 815 2061 gerundio
850 2010 1083 2051 Verborum
1108 2009 1375 2059 radicalium,
1410 2011 1458 2050 ut
1482 2010 1542 2050 ita
1567 1998 1796 2062 appellem,

234 2170 262 2214 ¹)
289 2171 584 2217 [Darembergius
611 2173 722 2207 edidit
750 2175 1002 2214 inducendam,
1029 2185 1118 2208 num
1146 2185 1165 2208 e
1190 2174 1301 2215 libris,
1329 2172 1477 2216 1105010]

233 2229 261 2274 2)
288 2232 427 2265 Citatur
466 2232 575 2266 etiam
615 2244 636 2266 a
674 2233 859 2266 nonnullis
897 2236 1023 2267 auctor
1056 2232 1334 2277 Oudendorpius
1367 2234 1413 2267 ad
1439 2233 1560 2267 Front.
1588 2232 1647 2275 ΙΙΙ,
1681 2231 1712 2264 6.
1764 2231 1797 2265 Ι5

292 2291 409 2334 igitur,
445 2296 730 2326 commemorato
763 2296 894 2336 praeter
921 2303 1016 2333 eum,
1050 2293 1086 2326 in
1114 2303 1185 2336 quo
1212 2295 1387 2333 versatur,
1422 2291 1492 2325 alio
1519 2290 1681 2325 Frontini
1707 2291 1796 2332 loco,

292 2351 433 2384 duobus
459 2350 561 2390 Livii,
601 2362 674 2385 uno
701 2351 862 2391 Caesaris,
902 2352 946 2385 de
980 2351 1111 2395 quibus
1143 2363 1253 2396 supra
1285 2352 1423 2385 dictum
1457 2354 1521 2392 est,
1561 2362 1633 2384 uno
1659 2349 1797 2390 Iustini,

292 2410 409 2443 addit:
447 2437 459 2451 „
474 2411 603 2443 Verum
630 2421 740 2453 quum
766 2412 887 2444 omnia
913 2412 985 2444 sint
1011 2411 1128 2444 dubiae
1153 2413 1381 2445 auctoritatis
1406 2416 1436 2444 et
1463 2415 1552 2443 certe
1577 2411 1679 2452 infra
1704 2414 1735 2442 et
1760 2410 1799 2442 in

296 2470 438 2502 Coesare
472 2481 514 2502 ac
547 2470 687 2503 Iustino
721 2480 802 2503 mss.
838 2481 860 2502 α
894 2481 946 2503 me
978 2471 1056 2512 visi,
1095 2471 1219 2503 saltem
1239 2471 1414 2514 plerique,
1454 2481 1533 2502 cum
1565 2470 1641 2502 edd.
1663 2470 1798 2512 primis

290 2530 529 2570 yerumlivum
555 2530 592 2561 in
616 2530 698 2571 fem.
724 2540 850 2571 ρεπεν-ε
877 2534 1083 2572 aynoscant,
1117 2540 1297 2572 nusquam
1322 2530 1385 2563 hoc
1412 2526 1657 2572 (gerundium)
1681 2529 1798 2561 intru-

292 2586 442 2620 (lerem.“
502 2587 553 2620 De
586 2588 677 2622 Flor.
706 2589 731 2629 Ι,
766 2588 786 2621 9
818 2588 889 2622 vid.
917 2587 1082 2622 Oudend.
1115 2588 1161 2621 ad
1196 2587 1282 2621 Caes.
1308 2588 1348 2621 Β.
1377 2587 1415 2621 G.
1442 2587 1504 2627 ΙΙΙ,
1538 2586 1592 2627 14,
1632 2586 1694 2620 ubi
1727 2589 1798 2619 tres

292 2645 486 2680 Leidenses
513 2647 614 2680 codd.
642 2648 806 2681 veritatis
833 2650 943 2681 testes
970 2647 1041 2681 dat.
1068 2647 1405 2681 Drakenborchiuni
1433 2646 1542 2680 etiam
1569 2646 1614 2679 ad
1638 2645 1698 2679 Sil.
1719 2645 1796 2678 Ital.

292 2705 366 2746 XV,
395 2704 462 2737 105
490 2705 612 2745 citant,
647 2706 933 2740 confundentem
960 2717 1093 2750 genera
1119 2717 1140 2739 a
1165 2716 1224 2739 me
1251 2705 1431 2745 distincta,
1467 2708 1628 2738 ceterum
1655 2714 1798 2738 accusa-

293 2764 356 2797 tivi
383 2775 403 2797 a
435 2764 689 2808 praepositione
723 2765 813 2799 recti
846 2776 962 2799 unum
997 2765 1208 2799 afferentem
1244 2764 1463 2808 exemplum,
1503 2763 1614 2808 ipsius
1647 2762 1721 2797 Silii
1755 2773 1798 2797 ex

294 2823 385 2863 VIII,
418 2822 480 2857 36:
521 2825 568 2856 ad
600 2825 706 2867 siqua
733 2825 950 2863 movendum,
991 2835 1071 2867 quae
1098 2826 1151 2857 est
1177 2824 1215 2857 N.
1244 2823 1392 2861 Heinsii,
1432 2823 1499 2856 viri
1524 2822 1797 2866 elegantiarum,

294 2893 384 2926 quas
417 2882 634 2926 appellabat,
674 2893 769 2926 saepe
802 2883 1027 2926 ineptissime
1060 2882 1222 2924 studiosi,
1263 2883 1480 2922 coniectura,
1520 2892 1633 2925 quum
1671 2892 1797 2915 01111105

294 2941 429 2985 ubique
455 2941 556 2975 codd.
585 2944 620 2975 et
646 2941 739 2981 edd„
766 2941 878 2985 ipsius
905 2952 1050 2984 quoque
1075 2941 1371 2981 Drakenborchii‚
1399 2942 1568 2975 movenda
1594 2941 1765 2974 habeant.
