1915 3235
936 111 1021 152 700

178 243 430 295 Quintiliani
461 243 554 284 loco
588 242 845 294 duobusque
878 240 1095 282 Ciceronis
1137 240 1268 293 paulo
1310 240 1407 293 plus
1447 243 1666 293 spectasse
1705 253 1775 282 me

176 315 403 368 intelliges,
437 326 570 367 quam
603 315 651 354 ut
682 313 725 353 hi
759 312 838 353 soli
870 311 951 353 loci
983 313 1099 352 recte
1131 310 1436 352 scriberentur.

295 385 440 427 Haun.
473 383 607 425 Nonis
641 381 960 424 Novembribus
993 395 1032 423 a.
1065 381 1398 424 MDCCCXLVI.

256 539 285 580 Ι.
349 538 611 590 Fragmenta
644 536 809 589 aliquot
840 535 1077 588 Sophoclis,
1112 534 1341 588 Euripidis,
1375 533 1691 588 Aristophanis.

294 630 337 684 α)
371 631 594 684 Sophoclis
628 643 680 671 ex
711 631 865 680 Ἀχαιιῦν
890 633 1047 680 συλλόγῳ
1081 629 1185 682 (150
1216 628 1376 682 Dlnd..)

174 715 436 756 scholiastes
468 713 645 754 Pindari
679 713 734 754 ad
766 713 916 754 Isthm.
941 712 990 762 Π,
1025 712 1101 753 683
1156 715 1203 749 Τό
1248 714 1321 760 γάρ
1358 714 1558 762 ἀπόνειμον
1595 713 1675 748 ἀντὶ
1712 716 1775 748 τοῖ

172 782 378 828 ἀνάγνωθι.
428 783 620 827 ,Σοφοκλῆς
651 782 691 815 ἒν
722 780 873 827 Ἀχαιῶν
905 779 1075 826 συλλόγῳ·
1126 781 1178 816 Σὺ
1213 782 1250 816 0¹³
1281 783 1322 816 ἐν
1352 781 1519 828 θρόνοισι
1549 779 1774 827 γραμμάτων

172 847 304 894 «710ch-
341 849 435 893 ἔχων
473 846 674 893 τῖπόνειμον
712 850 811 892 νέμει
842 851 891 884 τίς
922 845 964 880 οὗ
995 845 1148 892 πάρεστι,
1184 852 1235 886 τίς
1267 846 1480 893 ξυνώμοσεν·
1559 843 1773 894 Quoniam

171 918 372 965 «ἕπόνειμον
408 917 451 956 et
489 921 589 964 νέμει
624 927 712 956 non
753 915 972 955 cohaerent
1011 928 1091 956 nec
1130 916 1268 957 oratio
1299 918 1418 956 recta
1452 917 1528 956 aut
1558 913 1774 955 sententia

173 986 369 1036 efficitur,
418 986 671 1035 Brunckius,
720 985 974 1038 interposito
1014 986 1126 1027 inter
1164 986 1236 1029 illa
1274 986 1410 1027 verba
1441 989 1499 1023 καὶ
1524 987 1643 1028 πάλιν,
1687 984 1772 1025 duo

172 1058 416 1110 fragmenta
449 1057 679 1098 efficiebat.
744 1056 1031 1098 Scribendum
1066 1059 1179 1098 erat:

455 1159 505 1194 Σύ
533 1159 569 1194 δ’
594 1161 632 1195 ἒν
658 1160 823 1205 θρόνοισι
850 1158 1074 1206 γραμμάτων
1099 1159 1235 1206 πτυχᾱς
1260 1162 1352 1207 ἔχων

456 1222 615 1265 νεμεῖς,
645 1224 695 1257 τίς
721 1218 762 1253 οὗ
787 1218 945 1264 πάρεστι,
974 1223 1022 1257 τίς
1047 1218 1260 1265 ξυνώλαοσεν.

170 1317 314 1368 Quum
354 1317 611 1359 scholiastes
653 1329 751 1358 cum
784 1316 920 1357 verbo
953 1317 1192 1369 composito
1232 1329 1359 1358 usum
1400 1316 1522 1358 verbi
1565 1314 1770 1368 simplicis

170 1389 288 1441 apud
320 1388 579 1442 Sophoclem
614 1389 925 1441 comparasset,
973 1387 1115 1440 ipsum
1155 1387 1258 1428 illud
1292 1389 1490 1437 ἀπόνειμον
1525 1387 1569 1428 in
1601 1385 1770 1439 Sopho-

170 1457 243 1497 clis
284 1470 456 1498 versum
490 1458 658 1500 illatum
703 1461 781 1499 est.
844 1458 920 1499 Est
963 1461 1110 1499 autem
1153 1463 1270 1507 νεμεῖς
1310 1471 1398 1500 non
1439 1459 1641 1507 ἀναγνώσῃ,
1692 1456 1771 1498 sed

169 1527 471 1578 (linamerabz's,
513 1532 560 1570 ut
593 1531 817 1582 appareat,
852 1530 924 1582 qui
957 1532 999 1570 et
1038 1532 1143 1582 quot
1175 1529 1218 1570 in
1250 1531 1434 1582 utraque
1466 1531 1590 1582 parte
1623 1528 1720 1569 sint.
1735 1524 1769 1581 1)

288 1632 328 1687 b)
362 1635 566 1676 Eiusdem
601 1648 653 1676 ex
686 1635 879 1676 Lacaenis
913 1634 1014 1687 (337
1050 1634 1208 1687 Dind.).

167 1716 414 1758 Priscianus
456 1718 589 1758 XVIII
634 1718 714 1759 vol.
755 1718 782 1759 2
823 1732 865 1771 p.
903 1718 982 1759 197
1038 1718 1204 1759 Krehl.:
1264 1718 1394 1759 Attica·
1438 1720 1540 1767 ἄρχω
1573 1721 1676 1755 τοῦδε
1709 1722 1769 1754 καὶ

166 1790 255 1831 τόδε,
284 1790 362 1825 (ἷντὶ
394 1796 455 1825 τοῦ
489 1791 666 1838 κατάρχω.
731 1788 947 1843 Sophocles
980 1797 1200 1830 Aaxm'vmg:

456 1896 556 1931 Θεοῖς
582 1892 640 1938 ἄρ’
667 1892 801 1933 οὔποτ’,
829 1896 916 1927 εἴτι
937 1892 1010 1938 χρή
1037 1893 1167 1938 βροτὸν
1192 1895 1323 1939 λέγειν,

451 1952 578 1998 ἄρξασι
606 1953 720 1998 Φρυξὶ
746 1951 811 1993 τήν
836 1951 914 1985 κατ’
940 1951 1116 1998 Ἀργείους
1143 1952 1248 1999 ὕβριν

452 2013 610 2049 ’ξυναινῶ
636 2015 764 2044 ταῦτα·
790 2010 839 2057 μή
866 2009 988 2057 μάχου
1011 2016 1082 2056 βίᾳ.

167 2106 273 2147 Haec
304 2108 517 2150 mendosa
550 2121 658 2157 esse,
700 2108 825 2149 facile
865 2107 1136 2162 intelligitur;
1184 2121 1287 2150 nam
1324 2111 1616 2161 praeterquam
1650 2106 1767 2161 quod

166 2181 353 2219 metrum
394 2178 437 2219 in
474 2179 602 2221 tertio
645 2192 772 2220 versu
814 2178 1000 2220 fractum
1044 2182 1121 2230 est,
1171 2180 1330 2233 duplex
1372 2179 1543 2221 dativus
1586 2184 1683 2220 θεοῖς
1724 2180 1767 2220 et

169 2253 282 2295 Φρυξὶ
320 2262 417 2290 cum
460 2250 594 2291 verbo
637 2255 795 2292 ’ξυναινιῦ
837 2250 898 2291 sic
942 2250 1153 2303 coniungi,
1202 2253 1250 2292 ut
1292 2249 1507 2292 sententia
1540 2249 1764 2300 efficiatur,

166 2322 401 2371 nequeunt.
465 2320 550 2362 Sed
582 2321 626 2361 in
659 2320 805 2362 codice
839 2321 1099 2372 Monacensi,
1141 2322 1261 2363 cuius
1303 2321 1537 2363 auctoritas
1569 2321 1613 2361 in
1645 2320 1764 2362 Grae—

168 2389 226 2429 cis
259 2390 376 2442 apud
407 2391 674 2432 Priscianum
709 2391 811 2432 locis
843 2405 1016 2433 summa
1048 2395 1090 2433 et
1121 2405 1255 2445 prope
1297 2392 1390 2434 sola
1429 2395 1507 2443 est,
1555 2392 1764 2444 scriptum

167 2462 250 2500 est:
286 2466 784 2507 ΞΥΝΑΙΝΕωΤΛΤΑΥΤΑ,
817 2476 869 2502 ex
902 2476 987 2515 quo
1019 2463 1112 2504 haec
1145 2462 1408 2504 efficiuntur:

454 2566 553 2598 Θεοὶ
578 2563 664 2609 γάρ
690 2563 817 2605 οὔποτ’,
846 2568 882 2598 εἴ
902 2578 935 2598 τι
956 2565 1027 2611 χρή
1053 2565 1184 2610 βροτὸν
1209 2568 1338 2611 λέγειν,

448 2621 576 2668 ἄρξασι
604 2624 716 2667 Φρυξὶ
742 2622 807 2665 τήν
833 2623 909 2657 κατ’
936 2623 1122 2669 Ἀργείους
1149 2624 1256 2670 ὕβριν

449 2685 813 2715 συναινέσονται·
841 2686 944 2716 ταῦτα
969 2682 1020 2728 μή
1046 2682 1167 2728 μάχου
1191 2688 1261 2728 βίᾳ.

204 2879 230 2923 ¹)
256 2881 432 2925 Bergkius
458 2883 511 2917 De
534 2886 704 2927 fraymm.
735 2885 841 2926 Ερμῆ.
869 2895 903 2928 p.
924 2884 955 2918 8.
984 2882 1062 2928 νὲμ’
1088 2886 1124 2916 εἴ
1146 2896 1197 2920 τις
1223 2882 1265 2917 οὔ
1291 2882 1459 2929 πάρεστιν
1485 2883 1523 2922 ὂς
1548 2882 1759 2930 ξυνώμοσεν,

259 2940 402 2982 rectius,
429 2940 566 2984 opinor.
1508 2946 1552 2979 F.
1581 2946 1622 2979 G.
1652 2945 1688 2979 S.
