1915 3235
848 136 931 178 105

93 267 226 308 oritur
266 266 447 308 oratoris
487 266 640 315 Latini,
688 265 733 307 in
770 279 854 319 quo
892 278 1048 318 genere
1087 264 1288 317 fingendo
1327 263 1510 305 Orellius
1550 265 1682 305 inter-

93 338 196 378 dum
228 337 426 378 incautus
459 339 537 386 est,
586 337 664 377 sed
702 336 972 389 apertissime
1013 337 1055 376 et
1093 336 1221 389 plane
1261 335 1318 376 ad
1349 335 1556 388 regulam,
1604 334 1682 376 Mi·
1705 350 1754 374 ιω

91 407 291 448 thridatis
324 407 468 460 copias
508 421 533 448 a
572 407 818 448 Mithridate
851 407 1052 448 obsessas
1090 406 1235 455 fuisse,
1275 408 1489 446 narratur.
1551 405 1684 459 Atqui

91 478 233 531 ipsum
266 478 371 519 illud
411 478 590 519 verbum
630 480 854 531 receptum
896 491 923 519 a
965 477 1148 519 Grutero
1191 479 1256 518 est
1298 489 1351 517 ex
1393 476 1472 517 illis
1515 475 1683 517 duobus

91 548 265 589 familiae
299 548 565 590 Germanicae
599 548 743 597 codd.;
776 548 841 589 his
874 548 1040 590 accedit
1061 549 1213 590 tertius
1238 547 1418 595 Erfurt.;
1452 546 1505 587 de
1530 549 1684 599 quarto

92 621 135 659 et
167 619 328 671 quinto,
363 619 605 660 Coloniensi
638 622 681 660 et
712 619 957 668 Dresdensi,
991 622 1172 660 tacetur.
1222 619 1334 660 Tum
1366 618 1471 658 illud
1503 617 1684 658 verbum

92 691 215 730 vetus
243 689 494 731 scholiastes
512 689 646 731 habet
663 689 813 730 leviter
831 692 1102 742 corruptum3
1136 692 1201 730 est
1217 690 1359 743 ipsum
1376 688 1683 735 rectissimum;

91 759 207 812 quod
239 760 353 800 enim
386 760 515 802 modo
554 760 674 801 finito
713 760 944 801 dicendum
986 764 1098 802 erat:
1147 762 1274 815 copioe
1314 759 1582 800 Mithridatis
1624 760 1684 799 in-

92 835 258 872 structae
298 836 439 884 erant,
487 831 586 872 urbs
625 831 909 881 obsidebatur,
957 831 1122 873 infinito
1160 831 1226 873 fit:
1276 832 1501 872 instructas
1537 829 1683 883 fuiss&

91 901 294 942 obsessam
328 916 422 943 esse.
487 902 724 944 Omittendi
758 916 853 956 quae
886 903 1013 944 fuerit
1053 916 1197 951 causa,
1246 905 1366 955 patet
1403 901 1592 942 maxime
1633 913 1686 941 ex

92 972 260 1014 duobus
293 973 416 1014 codd.
451 973 573 1023 Oxx.,
623 974 666 1014 in
705 974 861 1026 quibus
901 974 1098 1015 additum
1137 975 1201 1014 est
1240 973 1396 1013 deletas
1428 972 1577 1025 (fuisse
1609 970 1683 1023 (1.),

91 1056 144 1084 ex
173 1034 260 1096 'quo
294 1043 450 1085 deinde
483 1044 646 1085 factum
679 1045 734 1085 ab
775 1045 868 1086 aliis
909 1058 991 1085 esse
1030 1044 1198 1085 deletas.
1269 1044 1365 1084 Non
1403 1043 1601 1084 ferebant
1642 1042 1684 1082 in

91 1114 309 1156 laudando
337 1115 513 1156 Lucullo
547 1115 730 1156 describi
755 1129 899 1156 rerum
923 1118 1106 1163 statum;
1139 1114 1307 1156 narrari
1331 1113 1492 1166 aliquid
1516 1116 1683 1166 gestum

91 1185 308 1235 volebant,
357 1189 405 1226 ut
446 1185 580 1227 voluit
624 1186 755 1227 etiam
799 1186 1068 1227 Heumanus.
1133 1186 1218 1227 Sed
1256 1185 1376 1227 obliti
1409 1187 1521 1233 sunt,
1570 1184 1685 1224 idem

91 1255 183 1296 fieri
215 1257 258 1296 in
290 1257 487 1308 proximo
519 1256 716 1298 membro
761 1255 921 1310 (urbem
963 1257 1163 1298 obsessam
1210 1255 1323 1308 esse)¹¹
1372 1258 1464 1296 tum
1509 1255 1684 1296 demum

91 1325 243 1367 subiici
276 1326 439 1368 factum
472 1328 649 1368 Luculli.

210 1397 336 1447 (1.9,
385 1398 454 1439 24.
544 1398 784 1440 Ostendere
831 1400 899 1440 hic
945 1399 1062 1440 locus
1109 1401 1272 1451 potest,
1329 1411 1459 1451 quam
1514 1397 1684 1437 incaute

91 1467 401 1520 scripturarum
443 1469 677 1510 auctoritas
716 1483 832 1522 saepe
873 1470 1157 1510 examinetur.
1221 1469 1442 1509 Edebatur
1475 1469 1609 1508 enim:
1651 1473 1686 1507 et

91 1540 256 1594 magnis
289 1540 534 1580 adventiciis
566 1541 791 1581 multorum
818 1555 957 1595 reglum
985 1546 1020 1581 et
1042 1542 1257 1581 nationum
1284 1540 1412 1593 copiis
1439 1538 1684 1585 iuvabatum

91 1624 244 1651 verum
285 1613 425 1665 copiis,
475 1612 590 1664 quod
638 1612 680 1652 in
719 1612 836 1653 nullo
883 1625 936 1652 ne
976 1612 1166 1664 pessimo
1206 1610 1378 1664 quidem
1421 1609 1565 1651 codice
1607 1611 1684 1650 est.

91 1684 212 1734 patet
243 1682 439 1723 additum
472 1696 565 1723 esse
599 1683 654 1723 ad
687 1683 904 1724 defectum
937 1682 1209 1731 substantivi,
1251 1681 1365 1734 quod
1405 1681 1447 1721 in
1486 1679 1686 1720 omnibus

91 1752 340 1805 vulgaribus
374 1754 497 1795 codd.
533 1754 756 1803 omittitur,
791 1754 1066 1806 explendum.
1130 1754 1220 1794 Iam
1252 1753 1333 1793 hoc
1366 1750 1685 1792 substantivum

90 1823 253 1864 habent
287 1825 479 1865 omnium
513 1825 663 1876 optimi
696 1827 899 1876 quattuor
932 1824 1113 1873 codices.¹
1149 1826 1190 1865 et
1222 1824 1494 1876 aptissimum
1521 1824 1561 1861 et
1586 1821 1684 1865 tale,

93 1894 207 1946 quod
240 1897 337 1947 post
378 1895 623 1936 adventiciis
661 1899 838 1948 propter
877 1896 1061 1936 similem
1109 1894 1271 1935 exitum
1321 1893 1517 1934 excidere
1565 1891 1685 1932 facil—

91 1964 191 2006 lime
224 1968 370 2018 posset
404 1966 668 2019 (adi-euticies
701 1964 906 2018 auxiliis).
970 1966 1022 2007 Et
1054 1969 1202 2007 tamen
1235 1978 1286 2006 ex
1320 1965 1565 2005 coniectura
1593 1962 1685 2003 Itali

92 2035 329 2085 cuiusdam,
364 2051 449 2090 qua
482 2037 516 2078 is
550 2037 812 2078 deteriorum
847 2037 969 2078 codd.
997 2037 1255 2090 scripturam
1281 2035 1514 2076 emendare
1539 2034 1684 2078 voluit,

92 2107 317 2158 adiectim,
352 2109 468 2161 quod
503 2108 666 2158 aderat,
700 2109 744 2149 in
771 2108 1106 2157 substantivum,
1141 2107 1257 2159 quod
1282 2106 1432 2146 deesse
1457 2104 1684 2145 sentiebat.

92 2180 273 2227 mutato,
321 2193 434 2221 nova
478 2181 723 2221 coniectura
763 2179 818 2220 ab
859 2178 1017 2220 Orellio
1049 2180 1254 2227 tentatur,
1304 2180 1348 2217 ut
1383 2176 1531 2217 Cicero
1565 2174 1686 2215 adiu-

91 2250 239 2290 mentis
272 2250 417 2291 iuvare
450 2250 577 2291 dicat.

211 2320 256 2361 C.
291 2321 329 2370 9,
364 2322 433 2362 26.
497 2321 558 2361 De
604 2321 771 2362 minuta
814 2333 859 2361 re
901 2320 1054 2361 dicam.
1124 2319 1208 2360 Pro
1251 2320 1295 2359 in
1337 2319 1426 2371 ‘ipso
1466 2317 1537 2357 illo
1580 2316 1687 2356 malo

93 2390 219 2440 edidi,
260 2392 352 2432 cod.
386 2392 696 2441 Erfurtensem,
737 2391 780 2432 id
820 2394 897 2440 est,
939 2392 1143 2443 optimos,
1184 2389 1329 2430 Haun.
1363 2391 1406 2429 et
1437 2388 1534 2428 edd.
1568 2389 1685 2430 vett..

92 2461 136 2501 id
176 2465 252 2512 est,
297 2462 532 2504 deteriores
572 2476 735 2511 omnes,
776 2467 963 2512 secutus,
1005 2463 1048 2502 in
1083 2462 1152 2502 illo
1186 2462 1272 2515 ipso
1304 2460 1427 2508 malo,
1471 2458 1687 2511 quomodo

93 2532 329 2575 Lambinus
362 2535 550 2575 scribere
584 2534 765 2574 solebat.
820 2534 858 2574 Is
893 2533 1006 2574 enim
1040 2532 1305 2585 frequentior
1337 2530 1442 2572 ordo
1475 2531 1581 2578 erat,
1616 2529 1687 2581 qui

94 2616 227 2655 quum
260 2604 486 2656 aliquoties
520 2618 545 2646 a
578 2604 761 2645 librariis
795 2604 837 2644 in
870 2617 983 2654 eum,
1025 2603 1097 2656 qui
1129 2602 1266 2643 rarior
1299 2604 1361 2642 est
1400 2601 1550 2649 multo,
1591 2612 1687 2640 mu-

92 2675 209 2714 tatus
243 2678 368 2725 esset,
418 2675 655 2728 elegantius
697 2675 827 2715 etiam
872 2676 914 2715 et
956 2673 1217 2714 reconditius
1260 2672 1459 2713 habitum
1499 2673 1564 2712 est
1601 2671 1688 2724 ipse

92 2743 175 2784 ille.
245 2744 298 2786 Iis
342 2745 496 2787 harum
543 2746 769 2787 duodecim
813 2745 1058 2786 orationum
1101 2744 1223 2793 locis,
1272 2743 1346 2784 ubi
1389 2743 1552 2784 editum
1596 2742 1688 2781 erat

93 2815 180 2867 ipse
211 2815 292 2865 ille,
327 2817 512 2858 alterum
546 2816 741 2858 ordinem
775 2816 862 2856 fere
896 2818 971 2856 aut
995 2828 1146 2856 omnes
1170 2814 1395 2855 habebant
1419 2813 1601 2860 codices,
1637 2823 1686 2851 ex

95 2885 251 2937 quibus
283 2887 387 2928 talia
420 2890 629 2928 annotata
661 2889 773 2935 sunt,
807 2891 882 2927 aut
914 2885 1275 2938 praestantissimi,
1310 2884 1432 2926 Catil.
1458 2883 1524 2931 IV,
1559 2882 1598 2930 8,
1636 2881 1684 2921 17

95 2955 180 2997 Erf.
215 2970 311 2998 cum
346 2958 442 2998 edd.
476 2961 594 3006 vett..v
628 2971 706 3010 pro
739 2957 823 2997 Mil.
850 2957 918 3005 25,
953 2957 1007 2998 68
1028 2956 1114 2997 Erf.
1149 2961 1191 2997 et
1223 2956 1471 3001 Bavaricus,
1504 2952 1591 2993 ibd.
1618 2951 1686 3000 32,

1709 2476 1757 2500 131
