1915 3235
961 94 1045 135 638

202 225 378 278 intelligi
424 225 541 265 nullo
590 224 718 265 modo
766 225 931 276 potest,
981 223 1078 273 ubi,
1131 223 1335 276 expositis
1384 223 1569 265 consulis
1617 223 1806 276 imperiis

202 295 520 349 mandatisque,
570 295 709 336 oratio
753 297 902 348 aperte
936 294 979 335 in
1011 295 1082 336 illo
1114 296 1289 336 nomine
1323 295 1380 336 ad
1411 294 1531 336 aliud
1562 293 1806 335 subiectum

202 366 464 407 transfertur
496 365 570 419 (——
602 366 713 407 iubet
745 389 798 394 —
833 365 981 406 tradit.
1046 365 1130 407 His
1162 366 1292 419 copiis
1324 365 1511 406 dimissis
1543 379 1586 406 eo
1610 366 1809 406 intentius

204 436 497 490 Romanas).
545 437 696 490 ltaque
728 437 956 478 universus
990 437 1203 478 exercitus
1235 436 1515 489 significatur,
1549 439 1610 486 ut,
1645 437 1680 477 si
1704 449 1808 477 vera

205 508 419 561 scriptura
451 511 529 558 est,
578 509 722 549 Livius
756 521 869 557 eum,
919 507 992 560 qui
1035 521 1116 548 sua
1146 508 1241 560 ipse
1273 520 1408 560 opera
1440 507 1604 560 aliquid
1637 507 1809 548 efficere

207 582 399 630 conatur,
439 580 599 620 instare
638 579 685 619 id
713 578 810 632 fieri
851 578 1009 620 dixisse
1040 578 1262 631 putandus
1295 579 1363 628 sit,
1397 578 1514 631 quod
1547 578 1678 619 etiam
1711 591 1810 631 per-

206 650 370 691 versius
411 652 488 691 est.
553 650 637 691 Sed
680 663 767 691 non
810 650 948 691 solum
993 650 1144 699 oratio,
1193 662 1345 690 verum
1388 650 1520 690 etiam
1560 662 1629 690 res
1671 663 1809 702 prava

207 724 284 762 est.
348 721 551 763 Nondum
598 721 712 762 enim
755 734 910 773 reapse
954 721 1161 762 stationes
1194 720 1480 761 Macedonum
1520 733 1565 761 se
1606 722 1809 773 capturos

207 792 434 842 Quinctius
484 794 527 833 et
571 791 761 833 Romani
809 793 1047 845 sperabant
1094 794 1170 833 aut
1209 804 1365 844 capere
1402 804 1503 832 vere
1546 791 1810 840 nitebantur,

207 863 285 904 sed
325 863 472 904 hostes
518 863 793 904 lacessebant
832 876 856 904 a
897 863 1038 904 fronte
1078 862 1170 916 (ubi
1207 862 1417 903 stationes
1457 861 1598 915 erant)
1646 863 1812 903 detine-

208 934 401 986 bantque
435 934 545 975 acris
577 933 718 987 proelii
749 934 906 986 specie,
939 947 994 975 ne
1027 935 1343 975 circumeuntes
1376 933 1483 983 illos,
1518 946 1626 986 quos
1660 935 1808 986 pastor

209 1005 410 1055 ducebat,
453 1005 870 1054 animadverterent;
911 1018 1061 1046 veram
1093 1004 1463 1058 oppugnationem
1496 1006 1589 1045 tum
1623 1005 1813 1057 coeptam

210 1089 318 1126 esse,
360 1089 495 1129 quum
528 1076 587 1117 illi
619 1077 663 1117 in
695 1076 901 1117 verticem
934 1076 1094 1117 montis
1126 1076 1441 1129 pervenissent,
1491 1075 1636 1116 Livius
1669 1074 1814 1127 proxi-

210 1148 292 1188 mis
331 1147 475 1188 verbis
517 1147 619 1188 dicit
659 1146 713 1201 (c.
750 1145 840 1199 12):
889 1151 989 1187 tum
1037 1160 1172 1197 vero,
1221 1147 1447 1200 trifariam
1486 1146 1634 1187 divisis
1672 1146 1813 1200 copiis,

211 1219 351 1260 consul
384 1221 464 1260 cet.
527 1218 620 1268 His,
669 1231 767 1271 quae
807 1218 999 1271 exposui,
1049 1218 1222 1259 latentis
1265 1218 1413 1259 mendi
1451 1217 1617 1258 indiciis
1649 1217 1816 1258 accedit

212 1290 409 1343 praeclari
441 1290 552 1331 illius
587 1289 743 1331 codicis
776 1289 1112 1342 Bambergensis
1144 1288 1454 1338 testimonium,
1489 1289 1533 1329 in
1565 1300 1650 1341 quo
1683 1288 1815 1341 scrip-

212 1365 305 1402 tum
354 1363 438 1403 est:
486 1362 616 1402 instat
662 1361 774 1415 capit
820 1361 1030 1402 stationes.
1104 1360 1248 1401 Livius
1297 1359 1549 1412 scripserat:
1598 1359 1816 1399 Romanus

212 1432 397 1487 midique
427 1433 557 1474 instat
590 1437 711 1486 aput
742 1433 951 1473 stationes.
1015 1431 1077 1472 Ex
1109 1431 1191 1472 hac
1234 1431 1448 1483 scriptura
1493 1428 1629 1484 (aput)
1669 1429 1817 1470 mendi

215 1504 333 1557 origo
366 1505 562 1557 apparet.
