<?xml version="1.0" encoding="UTF-8"?>
<!DOCTYPE html PUBLIC "-//W3C//DTD XHTML 1.0 Transitional//EN"
    "http://www.w3.org/TR/xhtml1/DTD/xhtml1-transitional.dtd">
<html xmlns="http://www.w3.org/1999/xhtml" xml:lang="en" lang="en">
 <head>
  <title>
</title>
<meta http-equiv="Content-Type" content="text/html;charset=utf-8" />
  <meta name='ocr-system' content='tesseract 3.04.00' />
  <meta name='ocr-capabilities' content='ocr_page ocr_carea ocr_par ocr_line ocrx_word'/>
</head>
<body>
  <div class='ocr_page' id='page_1' title='image "./ionicolaimadvigi00madvuoft_0323.png"; bbox 0 0 1915 3235; ppageno 0'>
   <div class='ocr_carea' id='block_1_1' title="bbox 822 97 923 144">
    <p class='ocr_par' dir='ltr' id='par_1_1' title="bbox 822 97 923 144">
     <span class='ocr_line' id='line_1_1' title="bbox 822 97 923 144; baseline -0.02 0"><span class='ocrx_word' id='word_1_1' title='bbox 822 97 923 144; x_wconf 80' lang='lat'>&#39;301</span> 
     </span>
    </p>
   </div>
   <div class='ocr_carea' id='block_1_2' title="bbox 49 229 1679 1910">
    <p class='ocr_par' dir='ltr' id='par_1_2' title="bbox 49 229 1679 1132">
     <span class='ocr_line' id='line_1_2' title="bbox 60 229 1676 284; baseline -0.001 -12"><span class='ocrx_word' id='word_1_2' title='bbox 60 232 62 234; x_wconf 80' lang='grc'><strong>’</strong></span> <span class='ocrx_word' id='word_1_3' title='bbox 89 231 358 284; x_wconf 82' lang='lat' dir='ltr'>significaret,</span> <span class='ocrx_word' id='word_1_4' title='bbox 392 230 621 272; x_wconf 85' lang='lat' dir='ltr'>manifesto</span> <span class='ocrx_word' id='word_1_5' title='bbox 653 243 789 283; x_wconf 88' lang='lat' dir='ltr'>prava</span> <span class='ocrx_word' id='word_1_6' title='bbox 810 231 1047 272; x_wconf 87' lang='lat' dir='ltr'>variatione</span> <span class='ocrx_word' id='word_1_7' title='bbox 1077 230 1295 271; x_wconf 89' lang='lat' dir='ltr'>adiectum</span> <span class='ocrx_word' id='word_1_8' title='bbox 1320 230 1376 271; x_wconf 87' lang='lat' dir='ltr'>ad</span> <span class='ocrx_word' id='word_1_9' title='bbox 1398 229 1676 271; x_wconf 86' lang='lat' dir='ltr'>molliendum</span> 
     </span>
     <span class='ocr_line' id='line_1_3' title="bbox 89 300 1679 355; baseline -0.001 -12"><span class='ocrx_word' id='word_1_10' title='bbox 89 301 323 355; x_wconf 84' lang='lat' dir='ltr'>genitivum</span> <span class='ocrx_word' id='word_1_11' title='bbox 355 314 530 354; x_wconf 87' lang='lat' dir='ltr'>prorsus</span> <span class='ocrx_word' id='word_1_12' title='bbox 571 315 622 342; x_wconf 84' lang='lat' dir='ltr'>ex</span> <span class='ocrx_word' id='word_1_13' title='bbox 655 300 869 342; x_wconf 83' lang='lat' dir='ltr'>Ciceronis</span> <span class='ocrx_word' id='word_1_14' title='bbox 902 313 1021 342; x_wconf 87' lang='lat' dir='ltr'>more</span> <span class='ocrx_word' id='word_1_15' title='bbox 1061 300 1389 353; x_wconf 87' lang='lat' dir='ltr'>superadditum</span> <span class='ocrx_word' id='word_1_16' title='bbox 1427 301 1520 341; x_wconf 89' lang='lat' dir='ltr'>voci</span> <span class='ocrx_word' id='word_1_17' title='bbox 1559 305 1679 341; x_wconf 77' lang='lat' dir='ltr'>tanta</span> 
     </span>
     <span class='ocr_line' id='line_1_4' title="bbox 88 371 1676 426; baseline -0.001 -13"><span class='ocrx_word' id='word_1_18' title='bbox 88 376 130 414; x_wconf 91' lang='lat' dir='ltr'>et</span> <span class='ocrx_word' id='word_1_19' title='bbox 147 373 203 413; x_wconf 92' lang='lat' dir='ltr'>ad</span> <span class='ocrx_word' id='word_1_20' title='bbox 219 372 334 413; x_wconf 89' lang='lat' dir='ltr'>idem</span> <span class='ocrx_word' id='word_1_21' title='bbox 352 373 670 415; x_wconf 87' lang='lat' dir='ltr'>substantivum</span> <span class='ocrx_word' id='word_1_22' title='bbox 687 373 988 426; x_wconf 82' lang='lat' dir='ltr'>pertinentem.</span> <span class='ocrx_word' id='word_1_23' title='bbox 1036 372 1148 412; x_wconf 88' lang='lat' dir='ltr'>Nam</span> <span class='ocrx_word' id='word_1_24' title='bbox 1175 384 1227 412; x_wconf 76' lang='lat' dir='ltr'>ex</span> <span class='ocrx_word' id='word_1_25' title='bbox 1243 371 1492 413; x_wconf 86' lang='lat' dir='ltr'>melioribus</span> <span class='ocrx_word' id='word_1_26' title='bbox 1521 371 1676 412; x_wconf 86' lang='lat' dir='ltr'>codici-</span> 
     </span>
     <span class='ocr_line' id='line_1_5' title="bbox 88 440 1676 495; baseline -0.001 -11"><span class='ocrx_word' id='word_1_27' title='bbox 88 444 167 484; x_wconf 99' lang='lat' dir='ltr'>bus</span> <span class='ocrx_word' id='word_1_28' title='bbox 189 443 395 495; x_wconf 88' lang='lat' dir='ltr'>Stephan.</span> <span class='ocrx_word' id='word_1_29' title='bbox 420 444 463 482; x_wconf 91' lang='lat' dir='ltr'>et</span> <span class='ocrx_word' id='word_1_30' title='bbox 484 441 637 482; x_wconf 86' lang='lat' dir='ltr'>Guelff.</span> <span class='ocrx_word' id='word_1_31' title='bbox 661 440 726 494; x_wconf 89' lang='lat' dir='ltr'>(ut</span> <span class='ocrx_word' id='word_1_32' title='bbox 748 455 801 489; x_wconf 70' lang='lat' dir='ltr'>ex</span> <span class='ocrx_word' id='word_1_33' title='bbox 821 442 1008 495; x_wconf 92' lang='lat' dir='ltr'>Zumptii</span> <span class='ocrx_word' id='word_1_34' title='bbox 1031 444 1138 483; x_wconf 86' lang='lat' dir='ltr'>nota</span> <span class='ocrx_word' id='word_1_35' title='bbox 1160 440 1372 495; x_wconf 86' lang='lat' dir='ltr'>suspicor)</span> <span class='ocrx_word' id='word_1_36' title='bbox 1404 442 1587 483; x_wconf 86' lang='lat' dir='ltr'>habent:</span> <span class='ocrx_word' id='word_1_37' title='bbox 1620 447 1676 482; x_wconf 75' lang='lat' dir='ltr'>tot</span> 
     </span>
     <span class='ocr_line' id='line_1_6' title="bbox 85 513 1676 566; baseline 0 -13"><span class='ocrx_word' id='word_1_38' title='bbox 85 513 298 554; x_wconf 77' lang='lat' dir='ltr'>hominum</span> <span class='ocrx_word' id='word_1_39' title='bbox 339 517 441 554; x_wconf 70' lang='lat' dir='ltr'>totve</span> <span class='ocrx_word' id='word_1_40' title='bbox 483 513 633 553; x_wconf 75' lang='lat' dir='ltr'>civium</span> <span class='ocrx_word' id='word_1_41' title='bbox 676 513 733 554; x_wconf 69' lang='lat' dir='ltr'>(cd</span> <span class='ocrx_word' id='word_1_42' title='bbox 774 527 814 555; x_wconf 73' lang='lat' dir='ltr'>se</span> <span class='ocrx_word' id='word_1_43' title='bbox 847 514 1029 563; x_wconf 67' lang='lat' dir='ltr'>arcessit,</span> <span class='ocrx_word' id='word_1_44' title='bbox 1076 513 1279 566; x_wconf 73' lang='lat' dir='ltr'>idemque</span> <span class='ocrx_word' id='word_1_45' title='bbox 1313 513 1546 562; x_wconf 87' lang='lat' dir='ltr'>Leidensis,</span> <span class='ocrx_word' id='word_1_46' title='bbox 1592 513 1676 554; x_wconf 90' lang='lat' dir='ltr'>nisi</span> 
     </span>
     <span class='ocr_line' id='line_1_7' title="bbox 49 580 1678 637; baseline -0.001 -11"><span class='ocrx_word' id='word_1_47' title='bbox 49 612 51 614; x_wconf 89' lang='lat'><em>-</em></span> <span class='ocrx_word' id='word_1_48' title='bbox 86 584 201 636; x_wconf 89' lang='lat' dir='ltr'>quod</span> <span class='ocrx_word' id='word_1_49' title='bbox 232 584 275 625; x_wconf 91' lang='lat' dir='ltr'>in</span> <span class='ocrx_word' id='word_1_50' title='bbox 308 596 358 625; x_wconf 89' lang='lat' dir='ltr'>eo</span> <span class='ocrx_word' id='word_1_51' title='bbox 391 585 456 624; x_wconf 89' lang='lat' dir='ltr'>est</span> <span class='ocrx_word' id='word_1_52' title='bbox 480 588 612 633; x_wconf 70' lang='grc' dir='ltr'><em>-ΐοίηες</em></span> <span class='ocrx_word' id='word_1_53' title='bbox 646 587 828 637; x_wconf 89' lang='lat' dir='ltr'>apparet</span> <span class='ocrx_word' id='word_1_54' title='bbox 858 585 1057 625; x_wconf 61' lang='lat' dir='ltr'>vecie-ieme</span> <span class='ocrx_word' id='word_1_55' title='bbox 1089 596 1184 625; x_wconf 87' lang='lat' dir='ltr'>esse</span> <span class='ocrx_word' id='word_1_56' title='bbox 1226 583 1411 624; x_wconf 74' lang='lat' dir='ltr'>Vectium</span> <span class='ocrx_word' id='word_1_57' title='bbox 1436 580 1678 637; x_wconf 66' lang='lat' dir='ltr'>(Vettium).‘</span> 
     </span>
     <span class='ocr_line' id='line_1_8' title="bbox 85 654 1678 707; baseline -0.001 -11"><span class='ocrx_word' id='word_1_58' title='bbox 85 654 239 696; x_wconf 78' lang='lat' dir='ltr'>Restat</span> <span class='ocrx_word' id='word_1_59' title='bbox 270 654 374 695; x_wconf 90' lang='lat' dir='ltr'>illud</span> <span class='ocrx_word' id='word_1_60' title='bbox 405 659 460 695; x_wconf 74' lang='lat' dir='ltr'>tot</span> <span class='ocrx_word' id='word_1_61' title='bbox 492 657 534 695; x_wconf 90' lang='lat' dir='ltr'>et</span> <span class='ocrx_word' id='word_1_62' title='bbox 565 655 840 707; x_wconf 73' lang='lat' dir='ltr'>praenominis</span> <span class='ocrx_word' id='word_1_63' title='bbox 873 655 1079 696; x_wconf 85' lang='lat' dir='ltr'>defectus.</span> <span class='ocrx_word' id='word_1_64' title='bbox 1129 654 1215 695; x_wconf 88' lang='lat' dir='ltr'>Sed</span> <span class='ocrx_word' id='word_1_65' title='bbox 1246 654 1289 695; x_wconf 92' lang='lat' dir='ltr'>in</span> <span class='ocrx_word' id='word_1_66' title='bbox 1323 654 1415 696; x_wconf 90' lang='lat' dir='ltr'>coll.</span> <span class='ocrx_word' id='word_1_67' title='bbox 1441 654 1585 695; x_wconf 87' lang='lat' dir='ltr'>Haun.</span> <span class='ocrx_word' id='word_1_68' title='bbox 1612 656 1678 695; x_wconf 88' lang='lat' dir='ltr'>est</span> 
     </span>
     <span class='ocr_line' id='line_1_9' title="bbox 84 724 1677 778; baseline -0.001 -12"><span class='ocrx_word' id='word_1_69' title='bbox 84 731 139 766; x_wconf 76' lang='lat' dir='ltr'>tot</span> <span class='ocrx_word' id='word_1_70' title='bbox 169 725 382 766; x_wconf 74' lang='lat' dir='ltr'>hominum</span> <span class='ocrx_word' id='word_1_71' title='bbox 413 730 468 766; x_wconf 73' lang='lat' dir='ltr'>tot</span> <span class='ocrx_word' id='word_1_72' title='bbox 511 725 712 775; x_wconf 63' lang='lat' dir='ltr'>Vectimm</span> <span class='ocrx_word' id='word_1_73' title='bbox 754 739 806 766; x_wconf 76' lang='lat' dir='ltr'>ex</span> <span class='ocrx_word' id='word_1_74' title='bbox 844 725 942 766; x_wconf 89' lang='lat' dir='ltr'>Par.</span> <span class='ocrx_word' id='word_1_75' title='bbox 978 725 1092 766; x_wconf 74' lang='lat'>7774</span> <span class='ocrx_word' id='word_1_76' title='bbox 1122 725 1161 765; x_wconf 80' lang='lat' dir='ltr'>A</span> <span class='ocrx_word' id='word_1_77' title='bbox 1193 725 1444 778; x_wconf 76' lang='lat' dir='ltr'>Krarupius,</span> <span class='ocrx_word' id='word_1_78' title='bbox 1486 724 1601 777; x_wconf 85' lang='lat' dir='ltr'>quod</span> <span class='ocrx_word' id='word_1_79' title='bbox 1632 725 1677 765; x_wconf 92' lang='lat' dir='ltr'>hi</span> 
     </span>
     <span class='ocr_line' id='line_1_10' title="bbox 85 794 1675 849; baseline -0.001 -12"><span class='ocrx_word' id='word_1_80' title='bbox 85 796 251 838; x_wconf 89' lang='lat' dir='ltr'>codices</span> <span class='ocrx_word' id='word_1_81' title='bbox 284 795 536 849; x_wconf 81' lang='lat' dir='ltr'>significant,</span> <span class='ocrx_word' id='word_1_82' title='bbox 581 797 790 837; x_wconf 90' lang='lat' dir='ltr'>enotavit:</span> <span class='ocrx_word' id='word_1_83' title='bbox 833 801 888 837; x_wconf 74' lang='lat' dir='ltr'>tot</span> <span class='ocrx_word' id='word_1_84' title='bbox 919 796 1145 848; x_wconf 61' lang='lat' dir='ltr'>hominum,</span> <span class='ocrx_word' id='word_1_85' title='bbox 1188 800 1216 836; x_wconf 71' lang='lat' dir='ltr'>t.</span> <span class='ocrx_word' id='word_1_86' title='bbox 1256 796 1434 836; x_wconf 57' lang='lat' dir='ltr'>‘coccium</span> <span class='ocrx_word' id='word_1_87' title='bbox 1466 794 1538 848; x_wconf 88' lang='lat' dir='ltr'>(T.</span> <span class='ocrx_word' id='word_1_88' title='bbox 1581 794 1675 835; x_wconf 73' lang='lat' dir='ltr'>Vet-</span> 
     </span>
     <span class='ocr_line' id='line_1_11' title="bbox 82 865 1675 919; baseline -0.001 -11"><span class='ocrx_word' id='word_1_89' title='bbox 82 866 218 919; x_wconf 75' lang='lat' dir='ltr'>tium).</span> <span class='ocrx_word' id='word_1_90' title='bbox 281 866 375 917; x_wconf 84' lang='lat' dir='ltr'>Quo</span> <span class='ocrx_word' id='word_1_91' title='bbox 408 866 511 919; x_wconf 88' lang='lat' dir='ltr'>quid</span> <span class='ocrx_word' id='word_1_92' title='bbox 541 869 683 919; x_wconf 86' lang='lat' dir='ltr'>potest</span> <span class='ocrx_word' id='word_1_93' title='bbox 716 880 811 908; x_wconf 82' lang='lat' dir='ltr'>esse</span> <span class='ocrx_word' id='word_1_94' title='bbox 844 868 1062 919; x_wconf 76' lang='lat' dir='ltr'>apertius?</span> <span class='ocrx_word' id='word_1_95' title='bbox 1110 867 1163 907; x_wconf 88' lang='lat' dir='ltr'>Et</span> <span class='ocrx_word' id='word_1_96' title='bbox 1193 869 1343 908; x_wconf 88' lang='lat' dir='ltr'>tamen</span> <span class='ocrx_word' id='word_1_97' title='bbox 1386 879 1489 907; x_wconf 84' lang='lat' dir='ltr'>casu</span> <span class='ocrx_word' id='word_1_98' title='bbox 1525 865 1587 916; x_wconf 87' lang='lat' dir='ltr'>fit,</span> <span class='ocrx_word' id='word_1_99' title='bbox 1629 868 1675 906; x_wconf 88' lang='lat' dir='ltr'>ut</span> 
     </span>
     <span class='ocr_line' id='line_1_12' title="bbox 82 936 1672 990; baseline -0.001 -12"><span class='ocrx_word' id='word_1_100' title='bbox 82 938 126 979; x_wconf 89' lang='lat' dir='ltr'>id</span> <span class='ocrx_word' id='word_1_101' title='bbox 159 937 413 979; x_wconf 86' lang='lat' dir='ltr'>confirmare</span> <span class='ocrx_word' id='word_1_102' title='bbox 444 938 581 990; x_wconf 82' lang='lat' dir='ltr'>magis</span> <span class='ocrx_word' id='word_1_103' title='bbox 614 939 849 990; x_wconf 84' lang='lat' dir='ltr'>possimus;</span> <span class='ocrx_word' id='word_1_104' title='bbox 882 950 984 978; x_wconf 89' lang='lat' dir='ltr'>nam</span> <span class='ocrx_word' id='word_1_105' title='bbox 1018 950 1070 978; x_wconf 78' lang='lat' dir='ltr'>ex</span> <span class='ocrx_word' id='word_1_106' title='bbox 1093 937 1188 978; x_wconf 84' lang='lat' dir='ltr'>libr.</span> <span class='ocrx_word' id='word_1_107' title='bbox 1217 937 1271 977; x_wconf 90' lang='grc' dir='ltr'>ΙΙΙ</span> <span class='ocrx_word' id='word_1_108' title='bbox 1304 949 1338 978; x_wconf 90' lang='lat' dir='ltr'>c.</span> <span class='ocrx_word' id='word_1_109' title='bbox 1360 937 1427 986; x_wconf 80' lang='lat'>71,</span> <span class='ocrx_word' id='word_1_110' title='bbox 1464 936 1545 977; x_wconf 89' lang='lat'>166</span> <span class='ocrx_word' id='word_1_111' title='bbox 1571 948 1672 977; x_wconf 89' lang='lat' dir='ltr'>con-</span> 
     </span>
     <span class='ocr_line' id='line_1_13' title="bbox 82 1007 1673 1061; baseline -0.001 -12"><span class='ocrx_word' id='word_1_112' title='bbox 82 1010 180 1057; x_wconf 87' lang='lat' dir='ltr'>stat,</span> <span class='ocrx_word' id='word_1_113' title='bbox 214 1008 340 1049; x_wconf 85' lang='lat' dir='ltr'>huius</span> <span class='ocrx_word' id='word_1_114' title='bbox 373 1009 599 1061; x_wconf 78' lang='lat' dir='ltr'>quaestoris</span> <span class='ocrx_word' id='word_1_115' title='bbox 632 1008 809 1049; x_wconf 84' lang='lat' dir='ltr'>fratrem</span> <span class='ocrx_word' id='word_1_116' title='bbox 843 1007 929 1061; x_wconf 72' lang='lat'>(72,</span> <span class='ocrx_word' id='word_1_117' title='bbox 965 1007 1065 1060; x_wconf 78' lang='lat'>168)</span> <span class='ocrx_word' id='word_1_118' title='bbox 1098 1007 1230 1049; x_wconf 86' lang='lat' dir='ltr'>fuisse</span> <span class='ocrx_word' id='word_1_119' title='bbox 1262 1007 1314 1048; x_wconf 90' lang='lat' dir='ltr'>P.</span> <span class='ocrx_word' id='word_1_120' title='bbox 1338 1008 1548 1055; x_wconf 81' lang='lat' dir='ltr'>Vettium3</span> <span class='ocrx_word' id='word_1_121' title='bbox 1581 1007 1673 1059; x_wconf 89' lang='lat' dir='ltr'>ipse</span> 
     </span>
     <span class='ocr_line' id='line_1_14' title="bbox 83 1076 1081 1132; baseline -0.001 -12"><span class='ocrx_word' id='word_1_122' title='bbox 83 1092 183 1132; x_wconf 82' lang='lat' dir='ltr'>ergo</span> <span class='ocrx_word' id='word_1_123' title='bbox 216 1081 404 1131; x_wconf 84' lang='lat' dir='ltr'>quaestor</span> <span class='ocrx_word' id='word_1_124' title='bbox 437 1079 553 1120; x_wconf 88' lang='lat' dir='ltr'>aliud</span> <span class='ocrx_word' id='word_1_125' title='bbox 585 1092 836 1132; x_wconf 84' lang='lat' dir='ltr'>praenomen</span> <span class='ocrx_word' id='word_1_126' title='bbox 866 1076 1081 1131; x_wconf 79' lang='lat' dir='ltr'>habuit.¹)</span> 
     </span>
    </p>

    <p class='ocr_par' dir='ltr' id='par_1_3' title="bbox 80 1147 1675 1765">
     <span class='ocr_line' id='line_1_15' title="bbox 199 1147 1674 1202; baseline -0.001 -12"><span class='ocrx_word' id='word_1_127' title='bbox 199 1150 269 1190; x_wconf 90' lang='lat' dir='ltr'>Ad</span> <span class='ocrx_word' id='word_1_128' title='bbox 301 1163 335 1190; x_wconf 90' lang='lat' dir='ltr'>c.</span> <span class='ocrx_word' id='word_1_129' title='bbox 353 1150 423 1199; x_wconf 84' lang='grc'>46,</span> <span class='ocrx_word' id='word_1_130' title='bbox 461 1150 539 1191; x_wconf 81' lang='grc'>121</span> <span class='ocrx_word' id='word_1_131' title='bbox 576 1150 739 1191; x_wconf 85' lang='lat' dir='ltr'>erudite</span> <span class='ocrx_word' id='word_1_132' title='bbox 773 1150 995 1202; x_wconf 90' lang='lat' dir='ltr'>Zumptius</span> <span class='ocrx_word' id='word_1_133' title='bbox 1027 1151 1220 1199; x_wconf 88' lang='lat' dir='ltr'>annotat,</span> <span class='ocrx_word' id='word_1_134' title='bbox 1254 1151 1432 1202; x_wconf 82' lang='lat' dir='ltr'>propter</span> <span class='ocrx_word' id='word_1_135' title='bbox 1455 1147 1674 1189; x_wconf 91' lang='lat' dir='ltr'>Diomedis</span> 
     </span>
     <span class='ocr_line' id='line_1_16' title="bbox 82 1219 1675 1274; baseline -0.003 -12"><span class='ocrx_word' id='word_1_136' title='bbox 82 1220 351 1274; x_wconf 77' lang='lat' dir='ltr'>grammatici</span> <span class='ocrx_word' id='word_1_137' title='bbox 398 1220 698 1262; x_wconf 87' lang='lat' dir='ltr'>auctoritatem</span> <span class='ocrx_word' id='word_1_138' title='bbox 743 1220 1019 1261; x_wconf 86' lang='lat' dir='ltr'>scribendum</span> <span class='ocrx_word' id='word_1_139' title='bbox 1071 1220 1208 1261; x_wconf 78' lang='lat' dir='ltr'>videri</span> <span class='ocrx_word' id='word_1_140' title='bbox 1255 1232 1383 1272; x_wconf 85' lang='lat' dir='ltr'>posse</span> <span class='ocrx_word' id='word_1_141' title='bbox 1431 1219 1675 1259; x_wconf 70' lang='lat' dir='ltr'>lacrimaret</span> 
     </span>
     <span class='ocr_line' id='line_1_17' title="bbox 82 1291 1674 1345; baseline -0.002 -13"><span class='ocrx_word' id='word_1_142' title='bbox 82 1305 160 1345; x_wconf 89' lang='lat' dir='ltr'>pro</span> <span class='ocrx_word' id='word_1_143' title='bbox 193 1304 256 1341; x_wconf 91' lang='lat' dir='ltr'>eo,</span> <span class='ocrx_word' id='word_1_144' title='bbox 290 1291 405 1344; x_wconf 84' lang='lat' dir='ltr'>quod</span> <span class='ocrx_word' id='word_1_145' title='bbox 429 1291 581 1340; x_wconf 81' lang='lat' dir='ltr'>editur,</span> <span class='ocrx_word' id='word_1_146' title='bbox 615 1292 932 1337; x_wconf 68' lang='grc' dir='ltr'>Ζασνίηῑανείῑινς</span> <span class='ocrx_word' id='word_1_147' title='bbox 964 1291 1046 1332; x_wconf 89' lang='lat' dir='ltr'>hoc</span> <span class='ocrx_word' id='word_1_148' title='bbox 1070 1293 1217 1332; x_wconf 89' lang='lat' dir='ltr'>tamen</span> <span class='ocrx_word' id='word_1_149' title='bbox 1242 1291 1436 1332; x_wconf 89' lang='lat' dir='ltr'>codicum</span> <span class='ocrx_word' id='word_1_150' title='bbox 1463 1301 1674 1330; x_wconf 83' lang='lat' dir='ltr'>consensu</span> 
     </span>
     <span class='ocr_line' id='line_1_18' title="bbox 83 1361 1672 1415; baseline -0.001 -13"><span class='ocrx_word' id='word_1_151' title='bbox 83 1361 286 1411; x_wconf 74' lang='lat' dir='ltr'>defendit,</span> <span class='ocrx_word' id='word_1_152' title='bbox 321 1374 372 1402; x_wconf 85' lang='lat' dir='ltr'>ex</span> <span class='ocrx_word' id='word_1_153' title='bbox 405 1361 559 1414; x_wconf 85' lang='lat' dir='ltr'>quibus</span> <span class='ocrx_word' id='word_1_154' title='bbox 593 1362 671 1403; x_wconf 84' lang='lat' dir='ltr'>soli</span> <span class='ocrx_word' id='word_1_155' title='bbox 693 1363 961 1415; x_wconf 79' lang='lat' dir='ltr'>excipiantur</span> <span class='ocrx_word' id='word_1_156' title='bbox 982 1362 1084 1414; x_wconf 81' lang='lat' dir='ltr'>Lag.</span> <span class='ocrx_word' id='word_1_157' title='bbox 1107 1362 1162 1402; x_wconf 77' lang='lat'>29</span> <span class='ocrx_word' id='word_1_158' title='bbox 1194 1364 1236 1402; x_wconf 91' lang='lat' dir='ltr'>et</span> <span class='ocrx_word' id='word_1_159' title='bbox 1257 1361 1672 1415; x_wconf 82' lang='lat' dir='ltr'>Huydecoperanus,</span> 
     </span>
     <span class='ocr_line' id='line_1_19' title="bbox 83 1430 1672 1485; baseline -0.003 -11"><span class='ocrx_word' id='word_1_160' title='bbox 83 1436 125 1474; x_wconf 91' lang='lat' dir='ltr'>et</span> <span class='ocrx_word' id='word_1_161' title='bbox 155 1433 359 1474; x_wconf 84' lang='lat' dir='ltr'>similium</span> <span class='ocrx_word' id='word_1_162' title='bbox 392 1433 575 1473; x_wconf 86' lang='lat' dir='ltr'>duarum</span> <span class='ocrx_word' id='word_1_163' title='bbox 608 1433 846 1474; x_wconf 85' lang='lat' dir='ltr'>formarum</span> <span class='ocrx_word' id='word_1_164' title='bbox 869 1432 1078 1485; x_wconf 82' lang='lat' dir='ltr'>analogia,</span> <span class='ocrx_word' id='word_1_165' title='bbox 1113 1445 1163 1473; x_wconf 89' lang='lat' dir='ltr'>ac</span> <span class='ocrx_word' id='word_1_166' title='bbox 1191 1445 1245 1473; x_wconf 92' lang='lat' dir='ltr'>ne</span> <span class='ocrx_word' id='word_1_167' title='bbox 1267 1432 1476 1473; x_wconf 89' lang='lat' dir='ltr'>Vaticano</span> <span class='ocrx_word' id='word_1_168' title='bbox 1499 1430 1672 1483; x_wconf 85' lang='lat' dir='ltr'>quidem</span> 
     </span>
     <span class='ocr_line' id='line_1_20' title="bbox 82 1501 1672 1550; baseline -0.001 -6"><span class='ocrx_word' id='word_1_169' title='bbox 82 1503 138 1545; x_wconf 90' lang='lat' dir='ltr'>ad</span> <span class='ocrx_word' id='word_1_170' title='bbox 164 1504 261 1545; x_wconf 77' lang='lat' dir='ltr'>illos</span> <span class='ocrx_word' id='word_1_171' title='bbox 294 1503 525 1545; x_wconf 83' lang='lat' dir='ltr'>accedente</span> <span class='ocrx_word' id='word_1_172' title='bbox 570 1503 781 1544; x_wconf 87' lang='lat' dir='ltr'>calculum</span> <span class='ocrx_word' id='word_1_173' title='bbox 824 1503 1017 1545; x_wconf 82' lang='lat' dir='ltr'>retrahit.</span> <span class='ocrx_word' id='word_1_174' title='bbox 1080 1503 1241 1544; x_wconf 89' lang='lat' dir='ltr'>Verum</span> <span class='ocrx_word' id='word_1_175' title='bbox 1290 1505 1438 1544; x_wconf 89' lang='lat' dir='ltr'>tamen</span> <span class='ocrx_word' id='word_1_176' title='bbox 1485 1503 1540 1543; x_wconf 90' lang='lat' dir='ltr'>ab</span> <span class='ocrx_word' id='word_1_177' title='bbox 1588 1501 1672 1550; x_wconf 92' lang='lat' dir='ltr'>illo,</span> 
     </span>
     <span class='ocr_line' id='line_1_21' title="bbox 81 1571 1672 1626; baseline -0.003 -10"><span class='ocrx_word' id='word_1_178' title='bbox 81 1587 165 1626; x_wconf 88' lang='lat' dir='ltr'>quo</span> <span class='ocrx_word' id='word_1_179' title='bbox 197 1574 358 1624; x_wconf 88' lang='lat' dir='ltr'>nititur,</span> <span class='ocrx_word' id='word_1_180' title='bbox 393 1587 604 1616; x_wconf 83' lang='lat' dir='ltr'>consensu</span> <span class='ocrx_word' id='word_1_181' title='bbox 627 1574 788 1615; x_wconf 81' lang='lat' dir='ltr'>absunt</span> <span class='ocrx_word' id='word_1_182' title='bbox 814 1578 1026 1626; x_wconf 80' lang='lat' dir='ltr'>praeterea</span> <span class='ocrx_word' id='word_1_183' title='bbox 1047 1574 1262 1626; x_wconf 84' lang='lat' dir='ltr'>principes</span> <span class='ocrx_word' id='word_1_184' title='bbox 1288 1573 1462 1614; x_wconf 83' lang='lat' dir='ltr'>familiae</span> <span class='ocrx_word' id='word_1_185' title='bbox 1485 1571 1672 1613; x_wconf 83' lang='lat' dir='ltr'>melioris</span> 
     </span>
     <span class='ocr_line' id='line_1_22' title="bbox 81 1643 1672 1703; baseline -0.003 -17"><span class='ocrx_word' id='word_1_186' title='bbox 81 1645 269 1694; x_wconf 83' lang='lat' dir='ltr'>codices3</span> <span class='ocrx_word' id='word_1_187' title='bbox 303 1658 410 1703; x_wconf 24' lang='lat' dir='ltr'>nam·</span> <span class='ocrx_word' id='word_1_188' title='bbox 438 1646 482 1686; x_wconf 91' lang='lat' dir='ltr'>in</span> <span class='ocrx_word' id='word_1_189' title='bbox 514 1645 607 1686; x_wconf 91' lang='lat' dir='ltr'>coll.</span> <span class='ocrx_word' id='word_1_190' title='bbox 640 1645 784 1685; x_wconf 89' lang='lat' dir='ltr'>Haun.</span> <span class='ocrx_word' id='word_1_191' title='bbox 819 1647 861 1685; x_wconf 90' lang='lat' dir='ltr'>et</span> <span class='ocrx_word' id='word_1_192' title='bbox 892 1644 1027 1685; x_wconf 87' lang='lat' dir='ltr'>Paris.</span> <span class='ocrx_word' id='word_1_193' title='bbox 1063 1645 1178 1685; x_wconf 74' lang='grc' dir='ltr'>ῖῖ74</span> <span class='ocrx_word' id='word_1_194' title='bbox 1201 1645 1240 1685; x_wconf 85' lang='grc' dir='ltr'><strong>Α</strong></span> <span class='ocrx_word' id='word_1_195' title='bbox 1273 1647 1340 1686; x_wconf 86' lang='lat' dir='ltr'>est</span> <span class='ocrx_word' id='word_1_196' title='bbox 1371 1643 1577 1684; x_wconf 90' lang='lat' dir='ltr'>mendose</span> <span class='ocrx_word' id='word_1_197' title='bbox 1611 1643 1672 1682; x_wconf 79' lang='grc' dir='ltr'>ἰα-</span> 
     </span>
     <span class='ocr_line' id='line_1_23' title="bbox 80 1715 1277 1765; baseline 0 -9"><span class='ocrx_word' id='word_1_198' title='bbox 80 1730 335 1765; x_wconf 74' lang='lat' dir='ltr'>crmnarmn,</span> <span class='ocrx_word' id='word_1_199' title='bbox 369 1719 417 1757; x_wconf 92' lang='lat' dir='ltr'>ut</span> <span class='ocrx_word' id='word_1_200' title='bbox 448 1717 535 1757; x_wconf 88' lang='lat' dir='ltr'>iam</span> <span class='ocrx_word' id='word_1_201' title='bbox 568 1715 757 1757; x_wconf 88' lang='lat' dir='ltr'>tollenda</span> <span class='ocrx_word' id='word_1_202' title='bbox 788 1715 860 1756; x_wconf 87' lang='lat' dir='ltr'>illa</span> <span class='ocrx_word' id='word_1_203' title='bbox 892 1715 1031 1756; x_wconf 85' lang='lat' dir='ltr'>forma</span> <span class='ocrx_word' id='word_1_204' title='bbox 1064 1715 1277 1757; x_wconf 89' lang='lat' dir='ltr'>videatur.</span> 
     </span>
    </p>

    <p class='ocr_par' dir='ltr' id='par_1_4' title="bbox 81 1783 1672 1910">
     <span class='ocr_line' id='line_1_24' title="bbox 199 1783 1670 1838; baseline -0.003 -10"><span class='ocrx_word' id='word_1_205' title='bbox 199 1786 349 1828; x_wconf 85' lang='lat' dir='ltr'>Obiter</span> <span class='ocrx_word' id='word_1_206' title='bbox 382 1786 558 1836; x_wconf 83' lang='lat' dir='ltr'>cavebo,</span> <span class='ocrx_word' id='word_1_207' title='bbox 592 1799 646 1827; x_wconf 90' lang='lat' dir='ltr'>ne</span> <span class='ocrx_word' id='word_1_208' title='bbox 680 1799 714 1827; x_wconf 92' lang='lat' dir='ltr'>c.</span> <span class='ocrx_word' id='word_1_209' title='bbox 747 1786 816 1836; x_wconf 78' lang='lat'>53,</span> <span class='ocrx_word' id='word_1_210' title='bbox 869 1786 949 1827; x_wconf 81' lang='lat'>139</span> <span class='ocrx_word' id='word_1_211' title='bbox 991 1786 1043 1827; x_wconf 92' lang='lat' dir='ltr'>de</span> <span class='ocrx_word' id='word_1_212' title='bbox 1082 1799 1185 1827; x_wconf 84' lang='lat' dir='ltr'>vera</span> <span class='ocrx_word' id='word_1_213' title='bbox 1223 1786 1436 1838; x_wconf 88' lang='lat' dir='ltr'>scriptura</span> <span class='ocrx_word' id='word_1_214' title='bbox 1477 1783 1670 1825; x_wconf 82' lang='lat' dir='ltr'>codicum</span> 
     </span>
     <span class='ocr_line' id='line_1_25' title="bbox 81 1855 1672 1910; baseline -0.003 -12"><span class='ocrx_word' id='word_1_215' title='bbox 81 1857 313 1907; x_wconf 80' lang='lat' dir='ltr'>dubitetur,</span> <span class='ocrx_word' id='word_1_216' title='bbox 347 1857 404 1898; x_wconf 90' lang='lat' dir='ltr'>ad</span> <span class='ocrx_word' id='word_1_217' title='bbox 436 1870 567 1910; x_wconf 82' lang='lat' dir='ltr'>quam</span> <span class='ocrx_word' id='word_1_218' title='bbox 599 1857 806 1898; x_wconf 89' lang='lat' dir='ltr'>tuendam</span> <span class='ocrx_word' id='word_1_219' title='bbox 839 1857 942 1897; x_wconf 88' lang='lat' dir='ltr'>nihil</span> <span class='ocrx_word' id='word_1_220' title='bbox 975 1859 1132 1909; x_wconf 84' lang='lat' dir='ltr'>praeter</span> <span class='ocrx_word' id='word_1_221' title='bbox 1155 1870 1219 1907; x_wconf 89' lang='lat' dir='ltr'>ea,</span> <span class='ocrx_word' id='word_1_222' title='bbox 1254 1870 1351 1909; x_wconf 79' lang='lat' dir='ltr'>quae</span> <span class='ocrx_word' id='word_1_223' title='bbox 1374 1856 1461 1897; x_wconf 80' lang='lat' dir='ltr'>dixi</span> <span class='ocrx_word' id='word_1_224' title='bbox 1482 1855 1526 1895; x_wconf 91' lang='lat' dir='ltr'>in</span> <span class='ocrx_word' id='word_1_225' title='bbox 1548 1855 1672 1907; x_wconf 88' lang='lat' dir='ltr'>epist.</span> 
     </span>
    </p>
   </div>
   <div class='ocr_carea' id='block_1_3' title="bbox 1695 946 1747 971">
    <p class='ocr_par' dir='ltr' id='par_1_5' title="bbox 1695 946 1747 971">
     <span class='ocr_line' id='line_1_26' title="bbox 1695 946 1747 971; baseline 0 0"><span class='ocrx_word' id='word_1_226' title='bbox 1695 946 1747 971; x_wconf 81' lang='lat'>372</span> 
     </span>
    </p>
   </div>
   <div class='ocr_carea' id='block_1_4' title="bbox 81 1925 1694 1986">
    <p class='ocr_par' dir='ltr' id='par_1_6' title="bbox 81 1925 1694 1986">
     <span class='ocr_line' id='line_1_27' title="bbox 81 1925 1694 1986; baseline -0.002 -17"><span class='ocrx_word' id='word_1_227' title='bbox 81 1928 137 1969; x_wconf 91' lang='lat' dir='ltr'>ad</span> <span class='ocrx_word' id='word_1_228' title='bbox 169 1927 298 1969; x_wconf 88' lang='lat' dir='ltr'>Orell.</span> <span class='ocrx_word' id='word_1_229' title='bbox 331 1942 373 1981; x_wconf 88' lang='lat' dir='ltr'>p.</span> <span class='ocrx_word' id='word_1_230' title='bbox 410 1928 505 1978; x_wconf 75' lang='lat'>128,</span> <span class='ocrx_word' id='word_1_231' title='bbox 539 1928 717 1969; x_wconf 90' lang='lat' dir='ltr'>allatum</span> <span class='ocrx_word' id='word_1_232' title='bbox 751 1930 835 1975; x_wconf 78' lang='lat' dir='ltr'>est3</span> <span class='ocrx_word' id='word_1_233' title='bbox 868 1927 1091 1986; x_wconf 84' lang='lat' dir='ltr'>Zumptius</span> <span class='ocrx_word' id='word_1_234' title='bbox 1125 1927 1256 1968; x_wconf 87' lang='lat' dir='ltr'>etiam</span> <span class='ocrx_word' id='word_1_235' title='bbox 1289 1928 1461 1968; x_wconf 85' lang='lat' dir='ltr'>incaute</span> <span class='ocrx_word' id='word_1_236' title='bbox 1494 1925 1564 1966; x_wconf 91' lang='lat' dir='ltr'>illo</span> <span class='ocrx_word' id='word_1_237' title='bbox 1597 1928 1694 1965; x_wconf 83' lang='lat' dir='ltr'>ex-&#39;</span> 
     </span>
    </p>
   </div>
   <div class='ocr_carea' id='block_1_5' title="bbox 78 1996 1671 2335">
    <p class='ocr_par' dir='ltr' id='par_1_7' title="bbox 78 1996 1671 2335">
     <span class='ocr_line' id='line_1_28' title="bbox 81 1996 1670 2052; baseline -0.003 -12"><span class='ocrx_word' id='word_1_238' title='bbox 81 1999 221 2052; x_wconf 85' lang='lat' dir='ltr'>emplo</span> <span class='ocrx_word' id='word_1_239' title='bbox 254 2012 357 2040; x_wconf 86' lang='lat' dir='ltr'>usus</span> <span class='ocrx_word' id='word_1_240' title='bbox 391 2002 469 2048; x_wconf 89' lang='lat' dir='ltr'>est,</span> <span class='ocrx_word' id='word_1_241' title='bbox 511 2012 594 2052; x_wconf 88' lang='lat' dir='ltr'>quo</span> <span class='ocrx_word' id='word_1_242' title='bbox 628 1998 933 2039; x_wconf 88' lang='lat' dir='ltr'>abstinendum</span> <span class='ocrx_word' id='word_1_243' title='bbox 967 2011 1059 2039; x_wconf 86' lang='lat' dir='ltr'>esse</span> <span class='ocrx_word' id='word_1_244' title='bbox 1093 1998 1192 2039; x_wconf 85' lang='lat' dir='ltr'>dixi.</span> <span class='ocrx_word' id='word_1_245' title='bbox 1257 1997 1344 2039; x_wconf 83' lang='lat' dir='ltr'>Sed</span> <span class='ocrx_word' id='word_1_246' title='bbox 1382 1996 1670 2050; x_wconf 77' lang='lat' dir='ltr'>participium,</span> 
     </span>
     <span class='ocr_line' id='line_1_29' title="bbox 81 2066 1671 2122; baseline -0.003 -12"><span class='ocrx_word' id='word_1_247' title='bbox 81 2069 195 2122; x_wconf 89' lang='lat' dir='ltr'>quod</span> <span class='ocrx_word' id='word_1_248' title='bbox 226 2083 304 2122; x_wconf 87' lang='lat' dir='ltr'>per</span> <span class='ocrx_word' id='word_1_249' title='bbox 336 2082 380 2110; x_wconf 87' lang='lat' dir='ltr'>se</span> <span class='ocrx_word' id='word_1_250' title='bbox 412 2083 490 2122; x_wconf 90' lang='lat' dir='ltr'>pro</span> <span class='ocrx_word' id='word_1_251' title='bbox 535 2069 806 2110; x_wconf 74' lang='lat' dir='ltr'>substantivo</span> <span class='ocrx_word' id='word_1_252' title='bbox 848 2070 949 2122; x_wconf 92' lang='lat' dir='ltr'>poni</span> <span class='ocrx_word' id='word_1_253' title='bbox 990 2082 1077 2110; x_wconf 90' lang='lat' dir='ltr'>non</span> <span class='ocrx_word' id='word_1_254' title='bbox 1119 2069 1268 2118; x_wconf 87' lang='lat' dir='ltr'>soleat,</span> <span class='ocrx_word' id='word_1_255' title='bbox 1319 2068 1389 2109; x_wconf 91' lang='lat' dir='ltr'>alii</span> <span class='ocrx_word' id='word_1_256' title='bbox 1430 2066 1671 2120; x_wconf 88' lang='lat' dir='ltr'>participio,</span> 
     </span>
     <span class='ocr_line' id='line_1_30' title="bbox 81 2137 1669 2193; baseline -0.003 -12"><span class='ocrx_word' id='word_1_257' title='bbox 81 2140 196 2193; x_wconf 88' lang='lat' dir='ltr'>quod</span> <span class='ocrx_word' id='word_1_258' title='bbox 241 2140 285 2181; x_wconf 89' lang='lat' dir='ltr'>in</span> <span class='ocrx_word' id='word_1_259' title='bbox 332 2141 590 2182; x_wconf 82' lang='lat' dir='ltr'>substantivi</span> <span class='ocrx_word' id='word_1_260' title='bbox 637 2143 840 2181; x_wconf 88' lang='lat' dir='ltr'>naturam</span> <span class='ocrx_word' id='word_1_261' title='bbox 886 2141 1125 2190; x_wconf 86' lang='lat' dir='ltr'>transierit,</span> <span class='ocrx_word' id='word_1_262' title='bbox 1175 2139 1429 2180; x_wconf 85' lang='lat' dir='ltr'>adiunctum</span> <span class='ocrx_word' id='word_1_263' title='bbox 1477 2137 1669 2179; x_wconf 91' lang='lat' dir='ltr'>eiusdem</span> 
     </span>
     <span class='ocr_line' id='line_1_31' title="bbox 78 2207 1670 2264; baseline -0.003 -12"><span class='ocrx_word' id='word_1_264' title='bbox 78 2213 247 2252; x_wconf 84' lang='lat' dir='ltr'>naturae</span> <span class='ocrx_word' id='word_1_265' title='bbox 278 2211 383 2261; x_wconf 87' lang='lat' dir='ltr'>fieri,</span> <span class='ocrx_word' id='word_1_266' title='bbox 433 2210 639 2264; x_wconf 77' lang='lat' dir='ltr'>exemplis</span> <span class='ocrx_word' id='word_1_267' title='bbox 679 2211 928 2252; x_wconf 83' lang='lat' dir='ltr'>confirmavi</span> <span class='ocrx_word' id='word_1_268' title='bbox 965 2212 1009 2251; x_wconf 91' lang='lat' dir='ltr'>in</span> <span class='ocrx_word' id='word_1_269' title='bbox 1052 2211 1329 2251; x_wconf 84' lang='lat' dir='ltr'>annotatione</span> <span class='ocrx_word' id='word_1_270' title='bbox 1369 2207 1670 2250; x_wconf 86' lang='lat' dir='ltr'>Henrichsenii</span> 
     </span>
     <span class='ocr_line' id='line_1_32' title="bbox 81 2280 1670 2335; baseline -0.002 -13"><span class='ocrx_word' id='word_1_271' title='bbox 81 2281 136 2322; x_wconf 90' lang='lat' dir='ltr'>ad</span> <span class='ocrx_word' id='word_1_272' title='bbox 168 2281 252 2323; x_wconf 88' lang='lat' dir='ltr'>Cic.</span> <span class='ocrx_word' id='word_1_273' title='bbox 287 2281 340 2322; x_wconf 91' lang='lat' dir='ltr'>de</span> <span class='ocrx_word' id='word_1_274' title='bbox 379 2281 498 2323; x_wconf 90' lang='lat' dir='ltr'>Orat.</span> <span class='ocrx_word' id='word_1_275' title='bbox 533 2282 580 2332; x_wconf 89' lang='grc' dir='ltr'>Π,</span> <span class='ocrx_word' id='word_1_276' title='bbox 627 2282 693 2331; x_wconf 82' lang='grc'>74,</span> <span class='ocrx_word' id='word_1_277' title='bbox 735 2281 820 2322; x_wconf 79' lang='grc'>302</span> <span class='ocrx_word' id='word_1_278' title='bbox 858 2280 924 2334; x_wconf 69' lang='lat' dir='ltr'>(esc</span> <span class='ocrx_word' id='word_1_279' title='bbox 962 2281 1143 2322; x_wconf 69' lang='lat' dir='ltr'>oratoris</span> <span class='ocrx_word' id='word_1_280' title='bbox 1184 2280 1291 2321; x_wconf 71' lang='lat' dir='ltr'>dieto</span> <span class='ocrx_word' id='word_1_281' title='bbox 1331 2280 1576 2335; x_wconf 60' lang='lat' dir='ltr'>aliquodue?</span> <span class='ocrx_word' id='word_1_282' title='bbox 1609 2292 1670 2319; x_wconf 75' lang='lat' dir='ltr'>re-</span> 
     </span>
    </p>
   </div>
   <div class='ocr_carea' id='block_1_6' title="bbox 79 2349 1718 2413">
    <p class='ocr_par' dir='ltr' id='par_1_8' title="bbox 79 2349 1718 2413">
     <span class='ocr_line' id='line_1_33' title="bbox 79 2349 1718 2413; baseline -0.002 -21"><span class='ocrx_word' id='word_1_283' title='bbox 79 2365 225 2406; x_wconf 71' lang='lat' dir='ltr'>sponso</span> <span class='ocrx_word' id='word_1_284' title='bbox 257 2357 330 2393; x_wconf 72' lang='lat' dir='ltr'>aut</span> <span class='ocrx_word' id='word_1_285' title='bbox 361 2358 517 2407; x_wconf 71' lang='lat' dir='ltr'>royato,</span> <span class='ocrx_word' id='word_1_286' title='bbox 551 2366 628 2405; x_wconf 86' lang='lat' dir='ltr'>pro</span> <span class='ocrx_word' id='word_1_287' title='bbox 662 2365 745 2405; x_wconf 83' lang='lat' dir='ltr'>quo</span> <span class='ocrx_word' id='word_1_288' title='bbox 778 2352 1091 2394; x_wconf 85' lang='lat' dir='ltr'>substituerant</span> <span class='ocrx_word' id='word_1_289' title='bbox 1122 2356 1295 2405; x_wconf 57' lang='lat' dir='ltr'>rogatu,</span> <span class='ocrx_word' id='word_1_290' title='bbox 1329 2351 1381 2392; x_wconf 93' lang='lat' dir='ltr'>de</span> <span class='ocrx_word' id='word_1_291' title='bbox 1416 2349 1487 2391; x_wconf 90' lang='lat' dir='ltr'>Or.</span> <span class='ocrx_word' id='word_1_292' title='bbox 1515 2349 1563 2399; x_wconf 93' lang='lat' dir='ltr'>II,</span> <span class='ocrx_word' id='word_1_293' title='bbox 1601 2349 1667 2399; x_wconf 81' lang='lat'>15,</span> <span class='ocrx_word' id='word_1_294' title='bbox 1716 2411 1718 2413; x_wconf 23' lang='grc'>-</span> 
     </span>
    </p>
   </div>
   <div class='ocr_carea' id='block_1_7' title="bbox 81 2415 1668 2477">
    <p class='ocr_par' dir='ltr' id='par_1_9' title="bbox 81 2415 1668 2477">
     <span class='ocr_line' id='line_1_34' title="bbox 81 2415 1668 2477; baseline -0.002 -14"><span class='ocrx_word' id='word_1_295' title='bbox 81 2422 137 2463; x_wconf 91' lang='grc'>64</span> <span class='ocrx_word' id='word_1_296' title='bbox 160 2427 385 2477; x_wconf 68' lang='lat' dir='ltr'>prcecepta,</span> <span class='ocrx_word' id='word_1_297' title='bbox 420 2423 656 2472; x_wconf 53' lang='lat' dir='ltr'>admonium</span> <span class='ocrx_word' id='word_1_298' title='bbox 688 2436 766 2475; x_wconf 87' lang='lat' dir='ltr'>pro</span> <span class='ocrx_word' id='word_1_299' title='bbox 799 2423 901 2465; x_wconf 85' lang='lat' dir='ltr'>Sull.</span> <span class='ocrx_word' id='word_1_300' title='bbox 929 2423 1005 2473; x_wconf 73' lang='lat'>26,</span> <span class='ocrx_word' id='word_1_301' title='bbox 1032 2423 1087 2463; x_wconf 79' lang='lat'>72</span> <span class='ocrx_word' id='word_1_302' title='bbox 1119 2422 1243 2463; x_wconf 65' lang='lat' dir='ltr'>huius</span> <span class='ocrx_word' id='word_1_303' title='bbox 1272 2422 1435 2474; x_wconf 77' lang='lat' dir='ltr'>factum</span> <span class='ocrx_word' id='word_1_304' title='bbox 1468 2425 1541 2461; x_wconf 70' lang='lat' dir='ltr'>aut</span> <span class='ocrx_word' id='word_1_305' title='bbox 1564 2415 1668 2461; x_wconf 68' lang='lat' dir='ltr'>edm-</span> 
     </span>
    </p>
   </div>
   <div class='ocr_carea' id='block_1_8' title="bbox 1578 2619 1643 2627">
    <p class='ocr_par' dir='ltr' id='par_1_10' title="bbox 1578 2619 1643 2627">
     <span class='ocr_line' id='line_1_35' title="bbox 1578 2619 1643 2627; baseline -0.015 0"><span class='ocrx_word' id='word_1_306' title='bbox 1578 2619 1643 2627; x_wconf 67' lang='lat' dir='ltr'>-v—u-</span> 
     </span>
    </p>
   </div>
   <div class='ocr_carea' id='block_1_9' title="bbox 119 2615 1668 2901">
    <p class='ocr_par' dir='ltr' id='par_1_11' title="bbox 119 2615 1668 2901">
     <span class='ocr_line' id='line_1_36' title="bbox 119 2615 1668 2667; baseline -0.003 -11"><span class='ocrx_word' id='word_1_307' title='bbox 119 2620 144 2664; x_wconf 82' lang='lat'>¹)</span> <span class='ocrx_word' id='word_1_308' title='bbox 171 2622 438 2667; x_wconf 76' lang='lat' dir='ltr'>Insignissimus</span> <span class='ocrx_word' id='word_1_309' title='bbox 464 2627 518 2657; x_wconf 84' lang='lat' dir='ltr'>est</span> <span class='ocrx_word' id='word_1_310' title='bbox 543 2623 642 2657; x_wconf 83' lang='lat' dir='ltr'>locus</span> <span class='ocrx_word' id='word_1_311' title='bbox 668 2623 776 2666; x_wconf 83' lang='lat' dir='ltr'>paulo</span> <span class='ocrx_word' id='word_1_312' title='bbox 802 2623 896 2657; x_wconf 86' lang='lat' dir='ltr'>infra</span> <span class='ocrx_word' id='word_1_313' title='bbox 921 2620 990 2664; x_wconf 79' lang='lat'>(44,</span> <span class='ocrx_word' id='word_1_314' title='bbox 1017 2621 1101 2664; x_wconf 83' lang='lat'>115)</span> <span class='ocrx_word' id='word_1_315' title='bbox 1126 2622 1172 2656; x_wconf 85' lang='lat' dir='ltr'>ad</span> <span class='ocrx_word' id='word_1_316' title='bbox 1197 2621 1329 2656; x_wconf 87' lang='lat' dir='ltr'>codicis</span> <span class='ocrx_word' id='word_1_317' title='bbox 1346 2615 1557 2655; x_wconf 84' lang='lat' dir='ltr'>Pa&#39;risiensis</span> <span class='ocrx_word' id='word_1_318' title='bbox 1583 2619 1668 2652; x_wconf 66' lang='lat' dir='ltr'>‹tae4</span> 
     </span>
     <span class='ocr_line' id='line_1_37' title="bbox 173 2678 1667 2723; baseline -0.003 -7"><span class='ocrx_word' id='word_1_319' title='bbox 173 2682 205 2715; x_wconf 91' lang='lat' dir='ltr'>A</span> <span class='ocrx_word' id='word_1_320' title='bbox 231 2686 266 2716; x_wconf 90' lang='lat' dir='ltr'>et</span> <span class='ocrx_word' id='word_1_321' title='bbox 291 2682 379 2723; x_wconf 77' lang='lat' dir='ltr'>eius,</span> <span class='ocrx_word' id='word_1_322' title='bbox 406 2682 507 2716; x_wconf 85' lang='lat' dir='ltr'>cuius</span> <span class='ocrx_word' id='word_1_323' title='bbox 533 2686 587 2716; x_wconf 83' lang='lat' dir='ltr'>est</span> <span class='ocrx_word' id='word_1_324' title='bbox 612 2682 754 2716; x_wconf 84' lang='lat' dir='ltr'>collatio</span> <span class='ocrx_word' id='word_1_325' title='bbox 779 2682 910 2723; x_wconf 87' lang='lat' dir='ltr'>Haun.,</span> <span class='ocrx_word' id='word_1_326' title='bbox 937 2681 1183 2715; x_wconf 82' lang='lat' dir='ltr'>diversitatem</span> <span class='ocrx_word' id='word_1_327' title='bbox 1210 2684 1245 2715; x_wconf 89' lang='lat' dir='ltr'>et</span> <span class='ocrx_word' id='word_1_328' title='bbox 1271 2681 1317 2715; x_wconf 89' lang='lat' dir='ltr'>ad</span> <span class='ocrx_word' id='word_1_329' title='bbox 1343 2680 1451 2715; x_wconf 87' lang='lat' dir='ltr'>huius</span> <span class='ocrx_word' id='word_1_330' title='bbox 1468 2679 1563 2714; x_wconf 86' lang='lat' dir='ltr'>inter</span> <span class='ocrx_word' id='word_1_331' title='bbox 1588 2678 1667 2712; x_wconf 86' lang='lat' dir='ltr'>reli—</span> 
     </span>
     <span class='ocr_line' id='line_1_38' title="bbox 175 2739 1666 2785; baseline -0.003 -10"><span class='ocrx_word' id='word_1_332' title='bbox 175 2751 264 2784; x_wconf 85' lang='lat' dir='ltr'>quos</span> <span class='ocrx_word' id='word_1_333' title='bbox 296 2741 459 2775; x_wconf 83' lang='lat' dir='ltr'>eiusdem</span> <span class='ocrx_word' id='word_1_334' title='bbox 490 2741 629 2785; x_wconf 83' lang='lat' dir='ltr'>generis</span> <span class='ocrx_word' id='word_1_335' title='bbox 660 2741 918 2785; x_wconf 88' lang='lat' dir='ltr'>proprietatem</span> <span class='ocrx_word' id='word_1_336' title='bbox 950 2740 1231 2777; x_wconf 60' lang='lat' dir='ltr'>ostendendam</span> <span class='ocrx_word' id='word_1_337' title='bbox 1270 2751 1357 2774; x_wconf 81' lang='lat' dir='ltr'>nam</span> <span class='ocrx_word' id='word_1_338' title='bbox 1393 2739 1452 2773; x_wconf 87' lang='lat' dir='ltr'>hic</span> <span class='ocrx_word' id='word_1_339' title='bbox 1489 2748 1585 2772; x_wconf 88' lang='lat' dir='ltr'>unus</span> <span class='ocrx_word' id='word_1_340' title='bbox 1624 2748 1666 2770; x_wconf 82' lang='lat' dir='ltr'>ex</span> 
     </span>
     <span class='ocr_line' id='line_1_39' title="bbox 174 2794 1668 2844; baseline -0.003 -11"><span class='ocrx_word' id='word_1_341' title='bbox 174 2799 382 2834; x_wconf 82' lang='lat' dir='ltr'>melioribus</span> <span class='ocrx_word' id='word_1_342' title='bbox 406 2799 490 2841; x_wconf 84' lang='lat' dir='ltr'>(nisi</span> <span class='ocrx_word' id='word_1_343' title='bbox 517 2800 612 2844; x_wconf 85' lang='lat' dir='ltr'>quod</span> <span class='ocrx_word' id='word_1_344' title='bbox 630 2799 828 2833; x_wconf 88' lang='lat' dir='ltr'>Lambinus</span> <span class='ocrx_word' id='word_1_345' title='bbox 854 2809 998 2843; x_wconf 86' lang='lat' dir='ltr'>quoque</span> <span class='ocrx_word' id='word_1_346' title='bbox 1023 2798 1113 2840; x_wconf 87' lang='lat' dir='ltr'>silet,</span> <span class='ocrx_word' id='word_1_347' title='bbox 1140 2799 1169 2833; x_wconf 87' lang='lat' dir='ltr'>si</span> <span class='ocrx_word' id='word_1_348' title='bbox 1195 2810 1268 2833; x_wconf 90' lang='lat' dir='ltr'>non</span> <span class='ocrx_word' id='word_1_349' title='bbox 1295 2798 1423 2834; x_wconf 87' lang='lat' dir='ltr'>eodem</span> <span class='ocrx_word' id='word_1_350' title='bbox 1447 2797 1477 2831; x_wconf 83' lang='lat' dir='ltr'>is</span> <span class='ocrx_word' id='word_1_351' title='bbox 1494 2807 1581 2830; x_wconf 80' lang='lat' dir='ltr'>usus</span> <span class='ocrx_word' id='word_1_352' title='bbox 1600 2794 1668 2838; x_wconf 88' lang='lat' dir='ltr'>est)</span> 
     </span>
     <span class='ocr_line' id='line_1_40' title="bbox 174 2856 1346 2901; baseline 0 -9"><span class='ocrx_word' id='word_1_353' title='bbox 174 2869 246 2892; x_wconf 92' lang='lat' dir='ltr'>non</span> <span class='ocrx_word' id='word_1_354' title='bbox 271 2858 382 2893; x_wconf 88' lang='lat' dir='ltr'>habet</span> <span class='ocrx_word' id='word_1_355' title='bbox 407 2858 697 2892; x_wconf 82' lang='lat' dir='ltr'>additamentum</span> <span class='ocrx_word' id='word_1_356' title='bbox 723 2858 811 2892; x_wconf 92' lang='lat' dir='ltr'>illud</span> <span class='ocrx_word' id='word_1_357' title='bbox 837 2859 985 2901; x_wconf 73' lang='lat' dir='ltr'>Indiym&#39;</span> <span class='ocrx_word' id='word_1_358' title='bbox 1008 2856 1188 2901; x_wconf 67' lang='lat' dir='ltr'>(Indz‘yne)</span> <span class='ocrx_word' id='word_1_359' title='bbox 1213 2859 1346 2901; x_wconf 71' lang='lat' dir='ltr'>ferunt.</span> 
     </span>
    </p>
   </div>
  </div>
 </body>
</html>
