1915 3235
818 111 900 152 347

67 252 162 293 qum
194 238 412 279 efficerent
434 243 648 294 tanquam,
682 240 798 292 quod
820 240 855 280 si
879 240 1087 291 scriptum
1112 238 1212 279 olim
1242 237 1402 285 fuisset
1439 236 1652 287 corrumpi

64 310 289 362 potuisset,
333 309 410 350 sed
441 309 501 350 ita
534 309 714 350 distrahi
746 310 1001 362 duobusque
1036 309 1138 349 locis
1170 307 1272 360 poni
1307 320 1391 348 non
1428 307 1652 359 potuisset.

67 379 178 431 (Hoc
210 380 351 432 ipsum
383 384 584 434 tanquam
618 380 746 420 ceteri
778 381 894 421 recte
925 380 1134 420 hactenus
1174 378 1223 418 iis
1263 377 1420 426 verbis,
1469 389 1652 429 quorum

66 449 208 490 audax
230 450 485 502 metaphora
507 450 630 490 leniri
652 450 793 499 debet,
827 451 1105 502 praeponunt;
1139 448 1335 497 Orellius,
1370 447 1651 489 Garatonium

65 523 250 571 secutus,
283 520 674 562 incommodissime
707 521 868 573 posuit:
901 525 1102 575 tanquam
1134 521 1178 560 ‘in
1210 520 1274 559 rei
1297 518 1478 572 publicae
1504 531 1654 572 mayno

64 588 207 643 motu.)
269 590 354 631 Sed
386 591 520 632 multo
553 593 652 631 sunt
683 591 880 644 graviora
911 591 1022 631 illius
1060 591 1284 642 scripturae
1324 589 1514 638 vulnera,
1557 601 1652 640 quae

63 661 159 701 ideo
192 661 397 714 aperiam,
438 663 486 701 ut
517 662 663 702 statim
696 661 971 714 perspicuum
1003 662 1070 710 sit,
1120 661 1203 701 alia
1235 661 1305 700 via
1337 659 1393 700 ad
1424 659 1652 699 veritatem

63 731 276 784 perveniri
309 731 480 772 debere.
542 731 749 781 Primum,
783 745 945 773 annum
979 732 1061 773 dici
1094 745 1239 772 arcum
1271 732 1314 771 et
1347 743 1492 770 arcum
1524 729 1654 769 inten-

65 806 163 851 tum,
199 802 307 843 adeo
340 804 405 843 est
436 815 522 843 non
554 802 694 843 solum
726 816 861 855 prava
894 805 936 843 et
957 815 1161 855 perversa
1183 801 1452 854 metaphora„
1487 802 1534 840 ut
1557 812 1653 840 eam

66 871 214 913 Cicero
247 872 414 925 eligere,
464 885 613 913 verum
661 874 792 914 etiam
839 875 928 914 tam
972 875 1167 914 contorta
1210 874 1253 912 et
1296 885 1317 911 a
1358 871 1476 911 nulla
1508 882 1652 910 rerum

66 942 342 984 similitudine
375 944 570 996 specieve
605 944 746 993 ducta,
796 946 843 984 ut
884 944 927 984 in
970 956 1065 984 eam
1109 942 1295 983 incidere
1334 954 1420 982 non
1452 940 1653 993 potuerit.

65 1013 151 1053 Sed
182 1013 320 1054 maius
353 1013 469 1063 illud,
503 1014 618 1066 quod
650 1016 742 1055 tota
774 1027 856 1063 res,
891 1014 943 1054 de
977 1027 1061 1066 qua
1087 1013 1233 1055 Cicero
1266 1012 1379 1061 dicit,
1414 1011 1520 1052 mire
1554 1023 1654 1051 con-

64 1084 257 1125 funditur
290 1087 332 1125 et
364 1084 633 1125 obscuratur.
699 1085 858 1125 Totum
899 1098 944 1125 se
990 1084 1091 1124 dicit
1133 1083 1363 1136 superioris
1406 1081 1506 1122 anni
1546 1094 1654 1121 nau-

64 1154 248 1206 fragium
289 1154 348 1195 rei
383 1155 567 1207 publicae
611 1156 918 1207 expositurum,
967 1155 1008 1195 id
1055 1157 1120 1195 est
1164 1155 1268 1203 eius,
1319 1153 1390 1205 qui
1434 1152 1512 1192 fuit
1555 1153 1655 1192 ante

65 1224 192 1265 Sestii
222 1225 505 1266 tribunatum.
568 1226 607 1266 Is
640 1225 719 1266 fuit
758 1239 896 1266 annus
934 1225 1090 1266 Pisone
1130 1227 1172 1265 et
1214 1223 1396 1265 Gabinio
1437 1235 1558 1271 coss„
1600 1221 1654 1262 58

64 1308 102 1336 a.
137 1295 234 1336 Chr.
268 1298 377 1344 nat.;
426 1309 528 1336 nam
562 1309 599 1336 a.
633 1296 686 1336 57
727 1296 907 1337 Lentulo
947 1300 989 1336 et
1028 1295 1198 1336 Metello
1239 1307 1346 1335 coss.
1385 1293 1654 1333 tribunatum

64 1365 206 1418 gessit.
270 1366 359 1406 Iam
395 1379 526 1418 quum
561 1367 626 1407 his
659 1367 878 1408 subiiciat:
916 1366 1075 1406 Fuerat
1108 1366 1175 1406 ille
1208 1379 1344 1406 (mnus
1372 1387 1422 1391 —
1455 1368 1653 1417 tanquam

65 1437 245 1476 intentus
277 1450 412 1487 arcus,
447 1437 639 1490 profecto
672 1437 860 1490 loquitur
893 1437 946 1477 de
979 1437 1128 1477 eodeni
1164 1436 1256 1488 ipso
1286 1448 1412 1475 anno.
1447 1447 1531 1486 quo
1556 1433 1656 1474 Piso

66 1510 108 1547 et
156 1507 362 1548 Gabinius
411 1508 607 1549 consules
646 1508 838 1557 fuerunt;
888 1520 1136 1560 quanquam
1184 1505 1456 1546 incommode
1505 1504 1558 1544 de
1606 1516 1656 1544 eo

66 1591 192 1627 anno,
240 1576 294 1618 de
337 1592 421 1631 quo
463 1591 577 1619 nunc
619 1579 758 1631 ipsum
804 1578 945 1618 dicere
988 1577 1224 1630 ingreditur
1257 1578 1295 1616 et
1331 1575 1533 1627 deinceps
1565 1576 1655 1615 tam

64 1649 201 1690 multa
232 1662 310 1701 per
341 1661 544 1702 magnam
577 1652 743 1701 partem
779 1648 982 1690 orationis
1017 1648 1130 1696 dicit,
1175 1648 1256 1688 hoc
1294 1659 1380 1687 uno
1413 1646 1505 1686 loco
1538 1645 1655 1697 plus-

66 1720 439 1773 quamperfectum
472 1721 606 1772 ponit.
654 1719 813 1760 Verum
847 1719 917 1760 illo
951 1732 1064 1760 anno
1098 1731 1183 1759 non
1217 1720 1282 1758 est
1315 1718 1503 1757 intentus
1531 1728 1655 1756 arcus

66 1791 107 1831 in
141 1791 391 1832 Ciceronem
422 1790 692 1831 traductione
726 1790 780 1830 ad
803 1789 973 1842 plebem
998 1789 1045 1830 P.
1070 1789 1225 1837 Clodii;
1258 1801 1358 1828 nam
1385 1800 1483 1827 eum
1507 1798 1655 1827 omnes

65 1864 223 1903 norunt
255 1874 368 1902 anno
401 1860 621 1913 superiore
655 1859 759 1913 (59),
794 1860 964 1901 Caesare
998 1862 1040 1900 et
1071 1859 1224 1900 Bibulo
1253 1871 1375 1907 coss„
1408 1857 1657 1898 traductum

66 1945 174 1973 esse.
252 1932 401 1984 Itaque
447 1932 494 1972 P.
535 1931 752 1971 Manutius
801 1934 949 1971 contra
996 1930 1205 1970 sermonis
1253 1929 1445 1981 regulam
1495 1941 1655 1969 annum

66 2004 181 2044 hunc
213 2002 419 2055 intelligit,
462 2001 719 2043 Garatonius
753 2003 898 2041 autem
931 2000 1108 2041 mirifice
1141 2000 1301 2049 scribit,
1343 2013 1503 2040 annum
1537 1999 1657 2039 illum

66 2073 233 2115 Pisonis
267 2073 522 2125 Gabiniique
556 2073 686 2113 fuisse
718 2074 929 2123 tanquam
961 2084 1110 2112 arcum
1144 2071 1186 2111 in
1226 2071 1473 2112 Ciceronem
1517 2070 1656 2109 inten—

66 2147 157 2185 tum
191 2144 461 2185 traductione
494 2143 549 2184 ad
587 2143 756 2195 plebem
791 2143 838 2183 P.
873 2142 1022 2192 Clodii,
1072 2156 1162 2196 quse
1198 2141 1318 2193 facta
1354 2141 1487 2193 fuerit
1511 2140 1658 2193 priore

69 2228 190 2264 αηνιο,
239 2215 361 2267 quasi
409 2217 500 2254 tum
549 2227 635 2254 non
684 2213 751 2253 hic
798 2214 914 2266 prior
962 2226 1100 2253 annus
1141 2225 1265 2253 arcus
1305 2212 1384 2252 iste
1416 2210 1504 2250 fiat.
1567 2209 1657 2250 Iam

66 2285 303 2334 videamus,
353 2287 526 2337 quantae
566 2285 706 2324 turbae
745 2297 877 2337 quam
917 2283 1040 2324 facile
1074 2283 1254 2323 ducibus
1289 2281 1506 2322 codicibus
1541 2293 1657 2321 com-

66 2357 302 2408 ponantur:
346 2355 505 2395 Fuerat
542 2355 613 2395 ille
651 2368 787 2395 armus
826 2356 914 2395 iam
953 2354 1047 2407 (pro
1080 2352 1182 2405 tam)
1222 2354 1267 2393 in
1304 2365 1350 2392 re
1375 2351 1560 2405 publica,
1596 2351 1656 2390 iu-

68 2426 191 2478 dices,
240 2440 361 2481 quum
410 2427 453 2465 in
502 2439 652 2479 mayno
700 2430 811 2465 motu
858 2430 894 2465 et
940 2425 1163 2465 multorum
1201 2424 1346 2464 timore
1384 2423 1565 2462 intentus
1604 2425 1660 2461 est

69 2510 192 2538 arcus
225 2498 267 2537 in
300 2511 361 2537 me
392 2510 518 2536 unum
555 2499 633 2536 cet.
698 2496 785 2536 Iam
826 2496 1000 2548 optime,
1050 2497 1282 2547 antequam
1324 2493 1380 2534 ad
1417 2491 1584 2533 Pisonis
1618 2493 1661 2531 et

69 2567 238 2609 Gabinii
272 2580 430 2608 annum
466 2567 644 2615 accedit,
679 2566 839 2607 fontem
874 2566 1088 2607 malorum
1116 2565 1309 2607 omnium
1335 2577 1388 2604 ex
1412 2563 1659 2604 Caesariano

69 2638 139 2678 illo
172 2651 285 2679 anno
318 2637 538 2689 Clodiique
572 2637 755 2677 transitu
789 2637 844 2677 ad
876 2637 1047 2689 plebem
1081 2648 1284 2677 manasse
1309 2633 1519 2682 ostendit3
1546 2646 1658 2686 prce-

69 2713 257 2757 cesserat,
290 2709 439 2761 inquit,
473 2709 542 2748 ille
576 2721 732 2756 annu&
777 2707 931 2748 deinde
963 2707 1020 2748 ad
1052 2719 1163 2755 eum,
1198 2705 1270 2758 qui
1302 2704 1547 2757 propositus
1581 2705 1658 2749 est.

70 2779 186 2820 venit
217 2779 346 2832 paulo
379 2781 496 2831 post:
549 2778 628 2829 Qui
670 2777 862 2818 tribunus
896 2777 1032 2831 plebis
1075 2778 1154 2817 cet.
1216 2776 1361 2816 Unum
1406 2773 1551 2815 addidi
1591 2778 1659 2821 est,

71 2850 186 2901 quod
218 2850 384 2902 quoties
417 2852 514 2902 post
545 2850 662 2890 illam
694 2847 1043 2889 terminationem
1075 2847 1400 2900 participiorum
1443 2843 1659 2892 exciderit,

72 2919 156 2960 dixi
202 2920 303 2961 alibi
346 2920 562 2973 (Append.
604 2920 762 2971 disput.
803 2918 856 2958 de
888 2917 1073 2959 Asconio
1105 2931 1146 2970 p.
1180 2915 1246 2969 4);
1294 2929 1372 2956 nec
1416 2913 1661 2967 exemplum
