<?xml version="1.0" encoding="UTF-8"?>
<!DOCTYPE html PUBLIC "-//W3C//DTD XHTML 1.0 Transitional//EN"
    "http://www.w3.org/TR/xhtml1/DTD/xhtml1-transitional.dtd">
<html xmlns="http://www.w3.org/1999/xhtml" xml:lang="en" lang="en">
 <head>
  <title>
</title>
<meta http-equiv="Content-Type" content="text/html;charset=utf-8" />
  <meta name='ocr-system' content='tesseract 3.04.00' />
  <meta name='ocr-capabilities' content='ocr_page ocr_carea ocr_par ocr_line ocrx_word'/>
</head>
<body>
  <div class='ocr_page' id='page_1' title='image "./ionicolaimadvigi00madvuoft_0749.png"; bbox 0 0 1915 3235; ppageno 0'>
   <div class='ocr_carea' id='block_1_1' title="bbox 844 90 928 131">
    <p class='ocr_par' dir='ltr' id='par_1_1' title="bbox 844 90 928 131">
     <span class='ocr_line' id='line_1_1' title="bbox 844 90 928 131; baseline 0 0"><span class='ocrx_word' id='word_1_1' title='bbox 844 90 928 131; x_wconf 79' lang='lat'>723</span> 
     </span>
    </p>
   </div>
   <div class='ocr_carea' id='block_1_2' title="bbox 72 219 1683 2889">
    <p class='ocr_par' dir='ltr' id='par_1_2' title="bbox 72 219 1683 2889">
     <span class='ocr_line' id='line_1_2' title="bbox 89 219 1683 277; baseline 0.004 -17"><span class='ocrx_word' id='word_1_2' title='bbox 89 221 207 261; x_wconf 79' lang='lat' dir='ltr'>lenta</span> <span class='ocrx_word' id='word_1_3' title='bbox 255 220 490 261; x_wconf 81' lang='lat' dir='ltr'>constantis</span> <span class='ocrx_word' id='word_1_4' title='bbox 543 220 736 261; x_wconf 87' lang='lat' dir='ltr'>omnium</span> <span class='ocrx_word' id='word_1_5' title='bbox 784 219 979 261; x_wconf 83' lang='lat' dir='ltr'>codic-um</span> <span class='ocrx_word' id='word_1_6' title='bbox 1027 223 1103 262; x_wconf 88' lang='lat' dir='ltr'>aut</span> <span class='ocrx_word' id='word_1_7' title='bbox 1148 222 1411 274; x_wconf 84' lang='lat' dir='ltr'>optimorum</span> <span class='ocrx_word' id='word_1_8' title='bbox 1458 225 1683 277; x_wconf 69' lang='lat' dir='ltr'>scripturae</span> 
     </span>
     <span class='ocr_line' id='line_1_3' title="bbox 87 290 1682 346; baseline 0.004 -15"><span class='ocrx_word' id='word_1_9' title='bbox 87 292 341 332; x_wconf 76' lang='lat' dir='ltr'><strong>mutatione.</strong></span> <span class='ocrx_word' id='word_1_10' title='bbox 388 291 437 331; x_wconf 82' lang='lat' dir='ltr'>ln</span> <span class='ocrx_word' id='word_1_11' title='bbox 466 290 713 332; x_wconf 85' lang='lat' dir='ltr'>huiusmodi</span> <span class='ocrx_word' id='word_1_12' title='bbox 744 290 848 332; x_wconf 87' lang='lat' dir='ltr'>locis</span> <span class='ocrx_word' id='word_1_13' title='bbox 879 291 1068 344; x_wconf 83' lang='lat' dir='ltr'>primum</span> <span class='ocrx_word' id='word_1_14' title='bbox 1090 291 1261 333; x_wconf 86' lang='lat' dir='ltr'>difficile</span> <span class='ocrx_word' id='word_1_15' title='bbox 1285 295 1350 334; x_wconf 89' lang='lat' dir='ltr'>est</span> <span class='ocrx_word' id='word_1_16' title='bbox 1370 293 1511 346; x_wconf 88' lang='lat' dir='ltr'>ipsum</span> <span class='ocrx_word' id='word_1_17' title='bbox 1535 308 1682 339; x_wconf 89' lang='lat' dir='ltr'>secum</span> 
     </span>
     <span class='ocr_line' id='line_1_4' title="bbox 88 361 1682 418; baseline 0.004 -16"><span class='ocrx_word' id='word_1_18' title='bbox 88 362 362 410; x_wconf 84' lang='lat' dir='ltr'>constituere,</span> <span class='ocrx_word' id='word_1_19' title='bbox 397 361 499 413; x_wconf 89' lang='lat' dir='ltr'>quid</span> <span class='ocrx_word' id='word_1_20' title='bbox 532 362 575 402; x_wconf 88' lang='lat' dir='ltr'>in</span> <span class='ocrx_word' id='word_1_21' title='bbox 605 361 746 414; x_wconf 83' lang='lat' dir='ltr'>ipsum</span> <span class='ocrx_word' id='word_1_22' title='bbox 773 361 1025 414; x_wconf 77' lang='lat' dir='ltr'>scriptorem</span> <span class='ocrx_word' id='word_1_23' title='bbox 1051 362 1235 404; x_wconf 83' lang='lat' dir='ltr'>conferri</span> <span class='ocrx_word' id='word_1_24' title='bbox 1256 364 1405 416; x_wconf 83' lang='lat' dir='ltr'>possit,</span> <span class='ocrx_word' id='word_1_25' title='bbox 1439 365 1542 418; x_wconf 86' lang='lat' dir='ltr'>quid</span> <span class='ocrx_word' id='word_1_26' title='bbox 1565 366 1682 408; x_wconf 86' lang='lat' dir='ltr'>nullo</span> 
     </span>
     <span class='ocr_line' id='line_1_5' title="bbox 87 432 1682 485; baseline 0.003 -12"><span class='ocrx_word' id='word_1_27' title='bbox 87 432 218 473; x_wconf 88' lang='lat' dir='ltr'>modo</span> <span class='ocrx_word' id='word_1_28' title='bbox 257 432 407 484; x_wconf 86' lang='lat' dir='ltr'>possit,</span> <span class='ocrx_word' id='word_1_29' title='bbox 456 434 503 472; x_wconf 87' lang='lat' dir='ltr'>ut</span> <span class='ocrx_word' id='word_1_30' title='bbox 542 432 695 485; x_wconf 82' lang='lat' dir='ltr'>corrigi</span> <span class='ocrx_word' id='word_1_31' title='bbox 731 445 908 485; x_wconf 89' lang='lat' dir='ltr'>prorsus</span> <span class='ocrx_word' id='word_1_32' title='bbox 949 432 1120 482; x_wconf 87' lang='lat' dir='ltr'>debeat,</span> <span class='ocrx_word' id='word_1_33' title='bbox 1169 433 1344 484; x_wconf 90' lang='lat' dir='ltr'>deinde,</span> <span class='ocrx_word' id='word_1_34' title='bbox 1393 435 1428 476; x_wconf 90' lang='lat' dir='ltr'>si</span> <span class='ocrx_word' id='word_1_35' title='bbox 1476 437 1682 478; x_wconf 81' lang='lat' dir='ltr'>correctio</span> 
     </span>
     <span class='ocr_line' id='line_1_6' title="bbox 88 502 1683 558; baseline 0.002 -14"><span class='ocrx_word' id='word_1_36' title='bbox 88 503 334 544; x_wconf 85' lang='lat' dir='ltr'>necessaria</span> <span class='ocrx_word' id='word_1_37' title='bbox 367 502 459 543; x_wconf 86' lang='lat' dir='ltr'>visa</span> <span class='ocrx_word' id='word_1_38' title='bbox 492 505 570 552; x_wconf 89' lang='lat' dir='ltr'>est,</span> <span class='ocrx_word' id='word_1_39' title='bbox 605 502 698 544; x_wconf 77' lang='lat' dir='ltr'>ali-is</span> <span class='ocrx_word' id='word_1_40' title='bbox 730 503 994 555; x_wconf 88' lang='lat' dir='ltr'>persuadere</span> <span class='ocrx_word' id='word_1_41' title='bbox 1027 508 1069 544; x_wconf 86' lang='lat' dir='ltr'>et</span> <span class='ocrx_word' id='word_1_42' title='bbox 1100 503 1232 545; x_wconf 89' lang='lat' dir='ltr'>fidem</span> <span class='ocrx_word' id='word_1_43' title='bbox 1271 507 1541 558; x_wconf 80' lang='lat' dir='ltr'>extorquere.</span> <span class='ocrx_word' id='word_1_44' title='bbox 1597 506 1683 547; x_wconf 86' lang='lat' dir='ltr'>Sed</span> 
     </span>
     <span class='ocr_line' id='line_1_7' title="bbox 88 572 1681 628; baseline 0.003 -15"><span class='ocrx_word' id='word_1_45' title='bbox 88 573 329 626; x_wconf 82' lang='lat' dir='ltr'>profectum</span> <span class='ocrx_word' id='word_1_46' title='bbox 363 573 450 613; x_wconf 89' lang='lat' dir='ltr'>iam</span> <span class='ocrx_word' id='word_1_47' title='bbox 483 573 646 625; x_wconf 86' lang='lat' dir='ltr'>aliquid</span> <span class='ocrx_word' id='word_1_48' title='bbox 675 572 766 623; x_wconf 90' lang='lat' dir='ltr'>erit,</span> <span class='ocrx_word' id='word_1_49' title='bbox 801 573 970 614; x_wconf 76' lang='lat' dir='ltr'>etiamsi</span> <span class='ocrx_word' id='word_1_50' title='bbox 1001 573 1176 615; x_wconf 86' lang='lat' dir='ltr'>librario</span> <span class='ocrx_word' id='word_1_51' title='bbox 1200 574 1370 628; x_wconf 87' lang='lat' dir='ltr'>culpam</span> <span class='ocrx_word' id='word_1_52' title='bbox 1405 576 1681 618; x_wconf 77' lang='lat' dir='ltr'>tribuendam</span> 
     </span>
     <span class='ocr_line' id='line_1_8' title="bbox 88 643 1682 699; baseline 0.004 -16"><span class='ocrx_word' id='word_1_53' title='bbox 88 656 183 684; x_wconf 88' lang='lat' dir='ltr'>esse</span> <span class='ocrx_word' id='word_1_54' title='bbox 212 656 301 684; x_wconf 87' lang='lat' dir='ltr'>non</span> <span class='ocrx_word' id='word_1_55' title='bbox 333 643 611 695; x_wconf 79' lang='lat' dir='ltr'>persuaseris,</span> <span class='ocrx_word' id='word_1_56' title='bbox 660 644 696 684; x_wconf 92' lang='lat' dir='ltr'>si</span> <span class='ocrx_word' id='word_1_57' title='bbox 738 647 885 686; x_wconf 85' lang='lat' dir='ltr'>tamen</span> <span class='ocrx_word' id='word_1_58' title='bbox 927 644 1164 697; x_wconf 84' lang='lat' dir='ltr'>prudentes</span> <span class='ocrx_word' id='word_1_59' title='bbox 1206 659 1356 687; x_wconf 89' lang='lat' dir='ltr'>omnes</span> <span class='ocrx_word' id='word_1_60' title='bbox 1400 647 1588 699; x_wconf 85' lang='lat' dir='ltr'>coegeris</span> <span class='ocrx_word' id='word_1_61' title='bbox 1629 647 1682 689; x_wconf 91' lang='lat' dir='ltr'>de</span> 
     </span>
     <span class='ocr_line' id='line_1_9' title="bbox 86 714 1680 769; baseline 0.003 -14"><span class='ocrx_word' id='word_1_62' title='bbox 86 714 313 755; x_wconf 81' lang='lat' dir='ltr'>sententiae</span> <span class='ocrx_word' id='word_1_63' title='bbox 346 714 448 755; x_wconf 87' lang='lat' dir='ltr'>vitio</span> <span class='ocrx_word' id='word_1_64' title='bbox 481 714 673 755; x_wconf 85' lang='lat' dir='ltr'>confiteri</span> <span class='ocrx_word' id='word_1_65' title='bbox 695 714 1032 768; x_wconf 83' lang='lat' dir='ltr'>intelligereque,</span> <span class='ocrx_word' id='word_1_66' title='bbox 1065 714 1122 768; x_wconf 73' lang='lat' dir='ltr'>id,</span> <span class='ocrx_word' id='word_1_67' title='bbox 1156 716 1272 769; x_wconf 88' lang='lat' dir='ltr'>quod</span> <span class='ocrx_word' id='word_1_68' title='bbox 1296 717 1505 769; x_wconf 88' lang='lat' dir='ltr'>scriptum</span> <span class='ocrx_word' id='word_1_69' title='bbox 1529 720 1680 767; x_wconf 79' lang='lat' dir='ltr'>exstet,</span> 
     </span>
     <span class='ocr_line' id='line_1_10' title="bbox 85 784 1682 839; baseline 0.003 -14"><span class='ocrx_word' id='word_1_70' title='bbox 85 784 122 826; x_wconf 91' lang='lat' dir='ltr'>si</span> <span class='ocrx_word' id='word_1_71' title='bbox 156 785 211 825; x_wconf 88' lang='lat' dir='ltr'>ab</span> <span class='ocrx_word' id='word_1_72' title='bbox 244 784 338 837; x_wconf 87' lang='lat' dir='ltr'>ipso</span> <span class='ocrx_word' id='word_1_73' title='bbox 370 785 579 837; x_wconf 86' lang='lat' dir='ltr'>scriptore</span> <span class='ocrx_word' id='word_1_74' title='bbox 610 784 800 837; x_wconf 83' lang='lat' dir='ltr'>positum</span> <span class='ocrx_word' id='word_1_75' title='bbox 835 786 902 835; x_wconf 85' lang='lat' dir='ltr'>sit,</span> <span class='ocrx_word' id='word_1_76' title='bbox 935 785 1167 826; x_wconf 87' lang='lat' dir='ltr'>oscitantia</span> <span class='ocrx_word' id='word_1_77' title='bbox 1187 786 1378 839; x_wconf 86' lang='lat' dir='ltr'>quadam</span> <span class='ocrx_word' id='word_1_78' title='bbox 1404 789 1447 828; x_wconf 88' lang='lat' dir='ltr'>et</span> <span class='ocrx_word' id='word_1_79' title='bbox 1464 788 1682 830; x_wconf 85' lang='lat' dir='ltr'>oblivione</span> 
     </span>
     <span class='ocr_line' id='line_1_11' title="bbox 85 855 1683 908; baseline 0.003 -12"><span class='ocrx_word' id='word_1_80' title='bbox 85 856 275 908; x_wconf 88' lang='lat' dir='ltr'>positum</span> <span class='ocrx_word' id='word_1_81' title='bbox 308 868 423 904; x_wconf 88' lang='lat' dir='ltr'>esse;</span> <span class='ocrx_word' id='word_1_82' title='bbox 471 855 681 907; x_wconf 86' lang='lat' dir='ltr'>imperitis</span> <span class='ocrx_word' id='word_1_83' title='bbox 704 858 768 896; x_wconf 83' lang='lat' dir='ltr'>et</span> <span class='ocrx_word' id='word_1_84' title='bbox 809 855 1117 908; x_wconf 81' lang='lat' dir='ltr'>superstitiosis</span> <span class='ocrx_word' id='word_1_85' title='bbox 1160 857 1203 897; x_wconf 93' lang='lat' dir='ltr'>in</span> <span class='ocrx_word' id='word_1_86' title='bbox 1242 857 1320 898; x_wconf 84' lang='lat' dir='ltr'>tali</span> <span class='ocrx_word' id='word_1_87' title='bbox 1363 870 1409 898; x_wconf 86' lang='lat' dir='ltr'>re</span> <span class='ocrx_word' id='word_1_88' title='bbox 1451 858 1558 899; x_wconf 88' lang='lat' dir='ltr'>fides</span> <span class='ocrx_word' id='word_1_89' title='bbox 1591 859 1683 900; x_wconf 87' lang='lat' dir='ltr'>fieri</span> 
     </span>
     <span class='ocr_line' id='line_1_12' title="bbox 86 925 1681 980; baseline 0.002 -13"><span class='ocrx_word' id='word_1_90' title='bbox 86 927 247 979; x_wconf 83' lang='lat' dir='ltr'>nequit.</span> <span class='ocrx_word' id='word_1_91' title='bbox 311 925 570 967; x_wconf 89' lang='lat' dir='ltr'>Huiusmodi</span> <span class='ocrx_word' id='word_1_92' title='bbox 604 928 668 966; x_wconf 89' lang='lat' dir='ltr'>est</span> <span class='ocrx_word' id='word_1_93' title='bbox 697 926 947 968; x_wconf 88' lang='lat' dir='ltr'>notissimus</span> <span class='ocrx_word' id='word_1_94' title='bbox 978 926 1097 968; x_wconf 90' lang='lat' dir='ltr'>locus</span> <span class='ocrx_word' id='word_1_95' title='bbox 1130 926 1173 967; x_wconf 86' lang='lat' dir='ltr'>in</span> <span class='ocrx_word' id='word_1_96' title='bbox 1205 927 1299 980; x_wconf 91' lang='lat' dir='ltr'>ipso</span> <span class='ocrx_word' id='word_1_97' title='bbox 1331 927 1605 970; x_wconf 81' lang='lat' dir='ltr'>divinationis</span> <span class='ocrx_word' id='word_1_98' title='bbox 1638 929 1681 970; x_wconf 86' lang='lat' dir='ltr'>in</span> 
     </span>
     <span class='ocr_line' id='line_1_13' title="bbox 84 996 1681 1049; baseline 0.002 -11"><span class='ocrx_word' id='word_1_99' title='bbox 84 996 303 1038; x_wconf 82' lang='lat' dir='ltr'>Caecilium</span> <span class='ocrx_word' id='word_1_100' title='bbox 337 996 469 1044; x_wconf 70' lang='lat' dir='ltr'>initio,</span> <span class='ocrx_word' id='word_1_101' title='bbox 518 996 591 1037; x_wconf 91' lang='lat' dir='ltr'>ubi</span> <span class='ocrx_word' id='word_1_102' title='bbox 632 1010 710 1049; x_wconf 89' lang='lat' dir='ltr'>pro</span> <span class='ocrx_word' id='word_1_103' title='bbox 748 997 979 1049; x_wconf 89' lang='lat' dir='ltr'>perspicua</span> <span class='ocrx_word' id='word_1_104' title='bbox 1009 997 1093 1038; x_wconf 90' lang='lat' dir='ltr'>hac</span> <span class='ocrx_word' id='word_1_105' title='bbox 1125 1000 1168 1039; x_wconf 92' lang='lat' dir='ltr'>et</span> <span class='ocrx_word' id='word_1_106' title='bbox 1199 998 1445 1039; x_wconf 90' lang='lat' dir='ltr'>necessaria</span> <span class='ocrx_word' id='word_1_107' title='bbox 1474 1000 1681 1041; x_wconf 87' lang='lat' dir='ltr'>orationis</span> 
     </span>
     <span class='ocr_line' id='line_1_14' title="bbox 86 1066 1680 1123; baseline 0.003 -16"><span class='ocrx_word' id='word_1_108' title='bbox 86 1067 245 1109; x_wconf 84' lang='lat' dir='ltr'>forma:</span> <span class='ocrx_word' id='word_1_109' title='bbox 295 1066 342 1108; x_wconf 81' lang='lat' dir='ltr'>Si</span> <span class='ocrx_word' id='word_1_110' title='bbox 373 1068 465 1122; x_wconf 74' lang='lat' dir='ltr'>quis</span> <span class='ocrx_word' id='word_1_111' title='bbox 502 1072 683 1108; x_wconf 73' lang='lat' dir='ltr'>vestrum</span> <span class='ocrx_word' id='word_1_112' title='bbox 721 1068 918 1119; x_wconf 73' lang='lat' dir='ltr'>miratur,</span> <span class='ocrx_word' id='word_1_113' title='bbox 953 1081 1047 1120; x_wconf 80' lang='lat' dir='ltr'>me,</span> <span class='ocrx_word' id='word_1_114' title='bbox 1087 1069 1159 1122; x_wconf 76' lang='lat' dir='ltr'>qui</span> <span class='ocrx_word' id='word_1_115' title='bbox 1191 1091 1246 1096; x_wconf 92' lang='lat'>—</span> <span class='ocrx_word' id='word_1_116' title='bbox 1278 1069 1340 1109; x_wconf 74' lang='lat' dir='ltr'>ita</span> <span class='ocrx_word' id='word_1_117' title='bbox 1370 1069 1449 1109; x_wconf 76' lang='lat' dir='ltr'>sim</span> <span class='ocrx_word' id='word_1_118' title='bbox 1481 1075 1680 1123; x_wconf 75' lang='lat' dir='ltr'>versatus,</span> 
     </span>
     <span class='ocr_line' id='line_1_15' title="bbox 84 1137 1681 1193; baseline 0.003 -15"><span class='ocrx_word' id='word_1_119' title='bbox 84 1143 129 1178; x_wconf 77' lang='lat' dir='ltr'>ut</span> <span class='ocrx_word' id='word_1_120' title='bbox 161 1137 421 1190; x_wconf 76' lang='lat' dir='ltr'>defenderim</span> <span class='ocrx_word' id='word_1_121' title='bbox 455 1162 511 1166; x_wconf 96' lang='lat'><strong>—</strong></span> <span class='ocrx_word' id='word_1_122' title='bbox 543 1139 722 1179; x_wconf 78' lang='lat' dir='ltr'>Zoeserim</span> <span class='ocrx_word' id='word_1_123' title='bbox 756 1161 824 1191; x_wconf 77' lang='lat'>—‚</span> <span class='ocrx_word' id='word_1_124' title='bbox 864 1152 974 1178; x_wconf 74' lang='lat' dir='ltr'>nunc</span> <span class='ocrx_word' id='word_1_125' title='bbox 1007 1161 1059 1166; x_wconf 93' lang='lat'>—</span> <span class='ocrx_word' id='word_1_126' title='bbox 1101 1138 1425 1188; x_wconf 73' lang='lat' dir='ltr'>descendere,</span> <span class='ocrx_word' id='word_1_127' title='bbox 1474 1140 1681 1193; x_wconf 82' lang='lat' dir='ltr'>quidquid</span> 
     </span>
     <span class='ocr_line' id='line_1_16' title="bbox 83 1208 1680 1264; baseline 0.001 -14"><span class='ocrx_word' id='word_1_128' title='bbox 83 1211 151 1250; x_wconf 88' lang='lat' dir='ltr'>est</span> <span class='ocrx_word' id='word_1_129' title='bbox 181 1209 407 1250; x_wconf 89' lang='lat' dir='ltr'>meliorum</span> <span class='ocrx_word' id='word_1_130' title='bbox 442 1209 650 1259; x_wconf 88' lang='lat' dir='ltr'>codicum,</span> <span class='ocrx_word' id='word_1_131' title='bbox 691 1208 985 1250; x_wconf 83' lang='lat' dir='ltr'>consentiente</span> <span class='ocrx_word' id='word_1_132' title='bbox 1026 1222 1089 1258; x_wconf 92' lang='lat' dir='ltr'>eo,</span> <span class='ocrx_word' id='word_1_133' title='bbox 1138 1208 1211 1261; x_wconf 87' lang='lat' dir='ltr'>qui</span> <span class='ocrx_word' id='word_1_134' title='bbox 1242 1209 1453 1251; x_wconf 87' lang='lat' dir='ltr'>Asconius</span> <span class='ocrx_word' id='word_1_135' title='bbox 1487 1211 1680 1264; x_wconf 88' lang='lat' dir='ltr'>appella-</span> 
     </span>
     <span class='ocr_line' id='line_1_17' title="bbox 85 1278 1681 1335; baseline 0.002 -15"><span class='ocrx_word' id='word_1_136' title='bbox 85 1279 226 1329; x_wconf 89' lang='lat' dir='ltr'>batur,</span> <span class='ocrx_word' id='word_1_137' title='bbox 276 1279 558 1320; x_wconf 72' lang='lat' dir='ltr'>descenderim</span> <span class='ocrx_word' id='word_1_138' title='bbox 602 1279 757 1329; x_wconf 88' lang='lat' dir='ltr'>habet;</span> <span class='ocrx_word' id='word_1_139' title='bbox 805 1282 849 1320; x_wconf 88' lang='lat' dir='ltr'>et</span> <span class='ocrx_word' id='word_1_140' title='bbox 889 1281 1037 1320; x_wconf 84' lang='lat' dir='ltr'>tamen</span> <span class='ocrx_word' id='word_1_141' title='bbox 1075 1278 1136 1320; x_wconf 85' lang='lat' dir='ltr'>ita</span> <span class='ocrx_word' id='word_1_142' title='bbox 1168 1279 1419 1321; x_wconf 89' lang='lat' dir='ltr'>Ciceronem</span> <span class='ocrx_word' id='word_1_143' title='bbox 1459 1281 1502 1321; x_wconf 89' lang='lat' dir='ltr'>in</span> <span class='ocrx_word' id='word_1_144' title='bbox 1540 1281 1681 1335; x_wconf 88' lang='lat' dir='ltr'>prima</span> 
     </span>
     <span class='ocr_line' id='line_1_18' title="bbox 83 1349 1680 1402; baseline 0.002 -12"><span class='ocrx_word' id='word_1_145' title='bbox 83 1349 262 1402; x_wconf 89' lang='lat' dir='ltr'>periodo</span> <span class='ocrx_word' id='word_1_146' title='bbox 302 1350 633 1392; x_wconf 88' lang='lat' dir='ltr'>elaboratissimi</span> <span class='ocrx_word' id='word_1_147' title='bbox 681 1349 844 1392; x_wconf 82' lang='lat' dir='ltr'>exordii</span> <span class='ocrx_word' id='word_1_148' title='bbox 891 1349 1087 1392; x_wconf 83' lang='lat' dir='ltr'>instituta</span> <span class='ocrx_word' id='word_1_149' title='bbox 1133 1350 1339 1392; x_wconf 83' lang='lat' dir='ltr'>orationis</span> <span class='ocrx_word' id='word_1_150' title='bbox 1385 1351 1524 1394; x_wconf 86' lang='lat' dir='ltr'>forma</span> <span class='ocrx_word' id='word_1_151' title='bbox 1567 1352 1680 1393; x_wconf 83' lang='lat' dir='ltr'>exci-</span> 
     </span>
     <span class='ocr_line' id='line_1_19' title="bbox 84 1420 1677 1474; baseline 0.003 -14"><span class='ocrx_word' id='word_1_152' title='bbox 84 1420 211 1470; x_wconf 86' lang='lat' dir='ltr'>disse,</span> <span class='ocrx_word' id='word_1_153' title='bbox 253 1420 333 1461; x_wconf 86' lang='lat' dir='ltr'>etsi</span> <span class='ocrx_word' id='word_1_154' title='bbox 365 1420 552 1468; x_wconf 80' lang='lat' dir='ltr'>fuerunt,</span> <span class='ocrx_word' id='word_1_155' title='bbox 597 1420 783 1473; x_wconf 26' lang='lat' dir='ltr'>quivsibi</span> <span class='ocrx_word' id='word_1_156' title='bbox 814 1420 1139 1474; x_wconf 83' lang='lat' dir='ltr'>persuaderent,</span> <span class='ocrx_word' id='word_1_157' title='bbox 1188 1420 1300 1462; x_wconf 88' lang='lat' dir='ltr'>inter</span> <span class='ocrx_word' id='word_1_158' title='bbox 1332 1434 1439 1474; x_wconf 85' lang='lat' dir='ltr'>quos</span> <span class='ocrx_word' id='word_1_159' title='bbox 1471 1422 1677 1472; x_wconf 86' lang='lat' dir='ltr'>Muretus,</span> 
     </span>
     <span class='ocr_line' id='line_1_20' title="bbox 83 1491 1680 1544; baseline 0.003 -13"><span class='ocrx_word' id='word_1_160' title='bbox 83 1503 211 1532; x_wconf 90' lang='lat' dir='ltr'>nemo</span> <span class='ocrx_word' id='word_1_161' title='bbox 243 1493 392 1532; x_wconf 89' lang='lat' dir='ltr'>tamen</span> <span class='ocrx_word' id='word_1_162' title='bbox 422 1491 846 1544; x_wconf 86' lang='lat' dir='ltr'>pauloprudentior</span> <span class='ocrx_word' id='word_1_163' title='bbox 884 1504 1011 1542; x_wconf 89' lang='lat' dir='ltr'>nunc,</span> <span class='ocrx_word' id='word_1_164' title='bbox 1059 1491 1224 1544; x_wconf 88' lang='lat' dir='ltr'>opinor,</span> <span class='ocrx_word' id='word_1_165' title='bbox 1274 1492 1433 1533; x_wconf 80' lang='lat' dir='ltr'>credet.</span> <span class='ocrx_word' id='word_1_166' title='bbox 1495 1492 1582 1535; x_wconf 86' lang='lat' dir='ltr'>Sed</span> <span class='ocrx_word' id='word_1_167' title='bbox 1618 1493 1680 1535; x_wconf 90' lang='lat' dir='ltr'>ibi</span> 
     </span>
     <span class='ocr_line' id='line_1_21' title="bbox 82 1561 1678 1615; baseline 0.001 -13"><span class='ocrx_word' id='word_1_168' title='bbox 82 1561 250 1603; x_wconf 83' lang='lat' dir='ltr'>facilius</span> <span class='ocrx_word' id='word_1_169' title='bbox 284 1565 348 1603; x_wconf 86' lang='lat' dir='ltr'>est</span> <span class='ocrx_word' id='word_1_170' title='bbox 378 1561 510 1603; x_wconf 88' lang='lat' dir='ltr'>fidem</span> <span class='ocrx_word' id='word_1_171' title='bbox 543 1562 698 1613; x_wconf 86' lang='lat' dir='ltr'>facere,</span> <span class='ocrx_word' id='word_1_172' title='bbox 747 1561 864 1615; x_wconf 87' lang='lat' dir='ltr'>quod</span> <span class='ocrx_word' id='word_1_173' title='bbox 903 1564 946 1604; x_wconf 90' lang='lat' dir='ltr'>et</span> <span class='ocrx_word' id='word_1_174' title='bbox 976 1561 1020 1602; x_wconf 92' lang='lat' dir='ltr'>in</span> <span class='ocrx_word' id='word_1_175' title='bbox 1051 1575 1138 1604; x_wconf 88' lang='lat' dir='ltr'>uno</span> <span class='ocrx_word' id='word_1_176' title='bbox 1170 1562 1303 1604; x_wconf 83' lang='lat' dir='ltr'>verbo</span> <span class='ocrx_word' id='word_1_177' title='bbox 1336 1562 1543 1604; x_wconf 91' lang='lat' dir='ltr'>mendum</span> <span class='ocrx_word' id='word_1_178' title='bbox 1577 1576 1678 1604; x_wconf 86' lang='lat' dir='ltr'>con—</span> 
     </span>
     <span class='ocr_line' id='line_1_22' title="bbox 82 1632 1680 1686; baseline 0.001 -13"><span class='ocrx_word' id='word_1_179' title='bbox 82 1632 244 1674; x_wconf 83' lang='lat' dir='ltr'>tinetur</span> <span class='ocrx_word' id='word_1_180' title='bbox 276 1635 318 1673; x_wconf 90' lang='lat' dir='ltr'>et</span> <span class='ocrx_word' id='word_1_181' title='bbox 351 1633 440 1674; x_wconf 90' lang='lat' dir='ltr'>eius</span> <span class='ocrx_word' id='word_1_182' title='bbox 472 1633 618 1674; x_wconf 85' lang='lat' dir='ltr'>mendi</span> <span class='ocrx_word' id='word_1_183' title='bbox 650 1633 768 1686; x_wconf 85' lang='lat' dir='ltr'>origo</span> <span class='ocrx_word' id='word_1_184' title='bbox 801 1632 1032 1674; x_wconf 82' lang='lat' dir='ltr'>manifesta</span> <span class='ocrx_word' id='word_1_185' title='bbox 1064 1635 1281 1683; x_wconf 62' lang='lat' dir='ltr'>est‚„nata</span> <span class='ocrx_word' id='word_1_186' title='bbox 1313 1646 1366 1674; x_wconf 83' lang='lat' dir='ltr'>ex</span> <span class='ocrx_word' id='word_1_187' title='bbox 1397 1633 1524 1675; x_wconf 87' lang='lat' dir='ltr'>huius</span> <span class='ocrx_word' id='word_1_188' title='bbox 1557 1634 1680 1675; x_wconf 82' lang='lat' dir='ltr'>verbi</span> 
     </span>
     <span class='ocr_line' id='line_1_23' title="bbox 83 1702 1676 1756; baseline 0.001 -12"><span class='ocrx_word' id='word_1_189' title='bbox 83 1703 139 1744; x_wconf 88' lang='lat' dir='ltr'>ad</span> <span class='ocrx_word' id='word_1_190' title='bbox 187 1716 251 1753; x_wconf 90' lang='lat' dir='ltr'>ea,</span> <span class='ocrx_word' id='word_1_191' title='bbox 300 1716 397 1755; x_wconf 85' lang='lat' dir='ltr'>quae</span> <span class='ocrx_word' id='word_1_192' title='bbox 443 1703 487 1744; x_wconf 90' lang='lat' dir='ltr'>in</span> <span class='ocrx_word' id='word_1_193' title='bbox 532 1703 786 1756; x_wconf 88' lang='lat' dir='ltr'>interposita</span> <span class='ocrx_word' id='word_1_194' title='bbox 831 1703 1046 1745; x_wconf 86' lang='lat' dir='ltr'>sententia</span> <span class='ocrx_word' id='word_1_195' title='bbox 1091 1703 1346 1756; x_wconf 81' lang='lat' dir='ltr'>praecedunt</span> <span class='ocrx_word' id='word_1_196' title='bbox 1384 1702 1676 1756; x_wconf 77' lang='lat' dir='ltr'>(defenderim,</span> 
     </span>
     <span class='ocr_line' id='line_1_24' title="bbox 82 1772 1677 1826; baseline 0.001 -12"><span class='ocrx_word' id='word_1_197' title='bbox 82 1772 292 1826; x_wconf 73' lang='lat' dir='ltr'>laeserim),</span> <span class='ocrx_word' id='word_1_198' title='bbox 333 1774 747 1816; x_wconf 83' lang='lat' dir='ltr'>accommodatione.</span> <span class='ocrx_word' id='word_1_199' title='bbox 811 1772 916 1825; x_wconf 86' lang='lat' dir='ltr'>[Cfr.</span> <span class='ocrx_word' id='word_1_200' title='bbox 949 1773 1248 1814; x_wconf 60' lang='lat' dir='ltr'>EmnnLivv,</span> <span class='ocrx_word' id='word_1_201' title='bbox 1288 1787 1330 1826; x_wconf 91' lang='lat' dir='ltr'>p.</span> <span class='ocrx_word' id='word_1_202' title='bbox 1362 1773 1484 1826; x_wconf 68' lang='lat'>417]</span> <span class='ocrx_word' id='word_1_203' title='bbox 1553 1774 1677 1816; x_wconf 88' lang='lat' dir='ltr'>Eius-</span> 
     </span>
     <span class='ocr_line' id='line_1_25' title="bbox 80 1843 1677 1898; baseline 0.001 -13"><span class='ocrx_word' id='word_1_204' title='bbox 80 1844 181 1885; x_wconf 90' lang='lat' dir='ltr'>dem</span> <span class='ocrx_word' id='word_1_205' title='bbox 216 1847 281 1885; x_wconf 88' lang='lat' dir='ltr'>est</span> <span class='ocrx_word' id='word_1_206' title='bbox 312 1844 492 1897; x_wconf 83' lang='lat' dir='ltr'>generis,</span> <span class='ocrx_word' id='word_1_207' title='bbox 526 1845 766 1898; x_wconf 77' lang='lat' dir='ltr'>pravitatis,</span> <span class='ocrx_word' id='word_1_208' title='bbox 807 1845 843 1885; x_wconf 91' lang='lat' dir='ltr'>si</span> <span class='ocrx_word' id='word_1_209' title='bbox 874 1843 966 1885; x_wconf 90' lang='lat' dir='ltr'>fieri</span> <span class='ocrx_word' id='word_1_210' title='bbox 998 1846 1153 1897; x_wconf 85' lang='lat' dir='ltr'>potest,</span> <span class='ocrx_word' id='word_1_211' title='bbox 1195 1844 1515 1895; x_wconf 87' lang='lat' dir='ltr'>manifestioris,</span> <span class='ocrx_word' id='word_1_212' title='bbox 1560 1845 1677 1898; x_wconf 88' lang='lat' dir='ltr'>quod</span> 
     </span>
     <span class='ocr_line' id='line_1_26' title="bbox 81 1914 1675 1968; baseline 0.001 -12"><span class='ocrx_word' id='word_1_213' title='bbox 81 1915 125 1956; x_wconf 91' lang='lat' dir='ltr'>in</span> <span class='ocrx_word' id='word_1_214' title='bbox 157 1915 332 1956; x_wconf 85' lang='lat' dir='ltr'>Senecae</span> <span class='ocrx_word' id='word_1_215' title='bbox 365 1915 419 1956; x_wconf 89' lang='lat' dir='ltr'>de</span> <span class='ocrx_word' id='word_1_216' title='bbox 450 1915 722 1968; x_wconf 85' lang='lat' dir='ltr'>providentia</span> <span class='ocrx_word' id='word_1_217' title='bbox 753 1914 884 1957; x_wconf 90' lang='lat' dir='ltr'>libelli</span> <span class='ocrx_word' id='word_1_218' title='bbox 916 1915 1010 1967; x_wconf 85' lang='lat' dir='ltr'>ipsa</span> <span class='ocrx_word' id='word_1_219' title='bbox 1041 1915 1182 1967; x_wconf 87' lang='lat' dir='ltr'>prima</span> <span class='ocrx_word' id='word_1_220' title='bbox 1213 1916 1428 1958; x_wconf 80' lang='lat' dir='ltr'>sententia</span> <span class='ocrx_word' id='word_1_221' title='bbox 1455 1915 1675 1958; x_wconf 85' lang='lat' dir='ltr'>Fickertus</span> 
     </span>
     <span class='ocr_line' id='line_1_27' title="bbox 80 1984 1673 2040; baseline 0 -14"><span class='ocrx_word' id='word_1_222' title='bbox 80 1988 126 2026; x_wconf 87' lang='lat' dir='ltr'>et</span> <span class='ocrx_word' id='word_1_223' title='bbox 155 1985 345 2027; x_wconf 89' lang='lat' dir='ltr'>Haasius</span> <span class='ocrx_word' id='word_1_224' title='bbox 377 1986 502 2027; x_wconf 89' lang='lat' dir='ltr'>nobis</span> <span class='ocrx_word' id='word_1_225' title='bbox 536 1999 558 2027; x_wconf 94' lang='lat' dir='ltr'>e</span> <span class='ocrx_word' id='word_1_226' title='bbox 590 1985 808 2027; x_wconf 85' lang='lat' dir='ltr'>codicibus</span> <span class='ocrx_word' id='word_1_227' title='bbox 831 1984 1089 2026; x_wconf 86' lang='lat' dir='ltr'>obtrudunt:</span> <span class='ocrx_word' id='word_1_228' title='bbox 1127 1985 1321 2036; x_wconf 66' lang='lat' dir='ltr'>Quaesisti</span> <span class='ocrx_word' id='word_1_229' title='bbox 1353 1999 1379 2025; x_wconf 84' lang='grc' dir='ltr'>α</span> <span class='ocrx_word' id='word_1_230' title='bbox 1410 1999 1486 2038; x_wconf 75' lang='lat' dir='ltr'>me,</span> <span class='ocrx_word' id='word_1_231' title='bbox 1521 1985 1673 2040; x_wconf 72' lang='lat' dir='ltr'>Lucili,</span> 
     </span>
     <span class='ocr_line' id='line_1_28' title="bbox 82 2054 1675 2111; baseline 0.001 -15"><span class='ocrx_word' id='word_1_232' title='bbox 82 2056 183 2111; x_wconf 79' lang='lat' dir='ltr'>quid</span> <span class='ocrx_word' id='word_1_233' title='bbox 215 2057 289 2109; x_wconf 75' lang='lat' dir='ltr'>ita,</span> <span class='ocrx_word' id='word_1_234' title='bbox 322 2057 360 2097; x_wconf 81' lang='lat' dir='ltr'>si</span> <span class='ocrx_word' id='word_1_235' title='bbox 383 2057 618 2110; x_wconf 73' lang='lat' dir='ltr'>prudentia</span> <span class='ocrx_word' id='word_1_236' title='bbox 649 2056 830 2098; x_wconf 75' lang='lat' dir='ltr'>mundus</span> <span class='ocrx_word' id='word_1_237' title='bbox 863 2060 1069 2110; x_wconf 59' lang='lat' dir='ltr'>afferetur,</span> <span class='ocrx_word' id='word_1_238' title='bbox 1112 2055 1245 2096; x_wconf 75' lang='lat' dir='ltr'>multa</span> <span class='ocrx_word' id='word_1_239' title='bbox 1278 2054 1393 2096; x_wconf 80' lang='lat' dir='ltr'>bonis</span> <span class='ocrx_word' id='word_1_240' title='bbox 1424 2056 1528 2096; x_wconf 69' lang='lat' dir='ltr'>viris</span> <span class='ocrx_word' id='word_1_241' title='bbox 1559 2057 1675 2097; x_wconf 81' lang='lat' dir='ltr'><em>mala</em></span> 
     </span>
     <span class='ocr_line' id='line_1_29' title="bbox 83 2125 1674 2180; baseline 0.001 -14"><span class='ocrx_word' id='word_1_242' title='bbox 83 2126 337 2179; x_wconf 72' lang='lat' dir='ltr'>accidere,</span> <span class='ocrx_word' id='word_1_243' title='bbox 385 2140 464 2180; x_wconf 88' lang='lat' dir='ltr'>pro</span> <span class='ocrx_word' id='word_1_244' title='bbox 497 2127 750 2176; x_wconf 77' lang='lat' dir='ltr'>acciderent3</span> <span class='ocrx_word' id='word_1_245' title='bbox 799 2126 876 2168; x_wconf 88' lang='lat' dir='ltr'>sed</span> <span class='ocrx_word' id='word_1_246' title='bbox 908 2125 1053 2167; x_wconf 90' lang='lat' dir='ltr'>mendi</span> <span class='ocrx_word' id='word_1_247' title='bbox 1086 2125 1170 2167; x_wconf 90' lang='lat' dir='ltr'>alia</span> <span class='ocrx_word' id='word_1_248' title='bbox 1201 2125 1260 2166; x_wconf 88' lang='lat' dir='ltr'>ibi</span> <span class='ocrx_word' id='word_1_249' title='bbox 1293 2138 1424 2167; x_wconf 87' lang='lat' dir='ltr'>causa</span> <span class='ocrx_word' id='word_1_250' title='bbox 1455 2125 1548 2176; x_wconf 87' lang='lat' dir='ltr'>fuit,</span> <span class='ocrx_word' id='word_1_251' title='bbox 1588 2126 1674 2167; x_wconf 86' lang='lat' dir='ltr'>for-</span> 
     </span>
     <span class='ocr_line' id='line_1_30' title="bbox 81 2195 1674 2251; baseline 0 -13"><span class='ocrx_word' id='word_1_252' title='bbox 81 2200 197 2238; x_wconf 89' lang='lat' dir='ltr'>tasse</span> <span class='ocrx_word' id='word_1_253' title='bbox 230 2210 253 2238; x_wconf 91' lang='lat' dir='ltr'>e</span> <span class='ocrx_word' id='word_1_254' title='bbox 293 2198 509 2239; x_wconf 89' lang='lat' dir='ltr'>scribendi</span> <span class='ocrx_word' id='word_1_255' title='bbox 548 2198 817 2251; x_wconf 80' lang='lat' dir='ltr'>compendio,</span> <span class='ocrx_word' id='word_1_256' title='bbox 863 2197 982 2238; x_wconf 91' lang='lat' dir='ltr'>cuius</span> <span class='ocrx_word' id='word_1_257' title='bbox 1014 2196 1058 2236; x_wconf 92' lang='lat' dir='ltr'>in</span> <span class='ocrx_word' id='word_1_258' title='bbox 1089 2196 1171 2236; x_wconf 89' lang='lat' dir='ltr'>hac</span> <span class='ocrx_word' id='word_1_259' title='bbox 1203 2195 1435 2237; x_wconf 86' lang='lat' dir='ltr'>verborum</span> <span class='ocrx_word' id='word_1_260' title='bbox 1467 2197 1674 2238; x_wconf 86' lang='lat' dir='ltr'>termina-</span> 
     </span>
     <span class='ocr_line' id='line_1_31' title="bbox 80 2266 1673 2322; baseline -0.002 -12"><span class='ocrx_word' id='word_1_261' title='bbox 80 2269 196 2310; x_wconf 90' lang='lat' dir='ltr'>tione</span> <span class='ocrx_word' id='word_1_262' title='bbox 229 2267 308 2322; x_wconf 67' lang='grc' dir='ltr'>(πί)</span> <span class='ocrx_word' id='word_1_263' title='bbox 340 2270 427 2310; x_wconf 87' lang='lat' dir='ltr'>iam</span> <span class='ocrx_word' id='word_1_264' title='bbox 460 2269 503 2310; x_wconf 91' lang='lat' dir='ltr'>in</span> <span class='ocrx_word' id='word_1_265' title='bbox 534 2268 800 2322; x_wconf 88' lang='lat' dir='ltr'>perantiquis</span> <span class='ocrx_word' id='word_1_266' title='bbox 833 2267 1051 2309; x_wconf 89' lang='lat' dir='ltr'>codicibus</span> <span class='ocrx_word' id='word_1_267' title='bbox 1073 2266 1253 2319; x_wconf 70' lang='lat' dir='ltr'>vestigia</span> <span class='ocrx_word' id='word_1_268' title='bbox 1273 2268 1376 2308; x_wconf 89' lang='lat' dir='ltr'>sunt</span> <span class='ocrx_word' id='word_1_269' title='bbox 1398 2268 1440 2307; x_wconf 89' lang='lat' dir='ltr'>et</span> <span class='ocrx_word' id='word_1_270' title='bbox 1462 2268 1673 2320; x_wconf 73' lang='lat' dir='ltr'>exempla.</span> 
     </span>
     <span class='ocr_line' id='line_1_32' title="bbox 79 2337 1675 2391; baseline -0.001 -10"><span class='ocrx_word' id='word_1_271' title='bbox 79 2339 223 2380; x_wconf 84' lang='lat' dir='ltr'>Sentis</span> <span class='ocrx_word' id='word_1_272' title='bbox 255 2340 438 2381; x_wconf 87' lang='lat' dir='ltr'>fortasse</span> <span class='ocrx_word' id='word_1_273' title='bbox 470 2340 570 2390; x_wconf 84' lang='lat' dir='ltr'>iarn,</span> <span class='ocrx_word' id='word_1_274' title='bbox 615 2352 700 2391; x_wconf 85' lang='lat' dir='ltr'>quo</span> <span class='ocrx_word' id='word_1_275' title='bbox 732 2341 826 2380; x_wconf 79' lang='lat' dir='ltr'>haec</span> <span class='ocrx_word' id='word_1_276' title='bbox 858 2340 1023 2391; x_wconf 90' lang='lat' dir='ltr'>spectet</span> <span class='ocrx_word' id='word_1_277' title='bbox 1055 2337 1213 2385; x_wconf 87' lang='lat' dir='ltr'>oratio;</span> <span class='ocrx_word' id='word_1_278' title='bbox 1252 2337 1440 2389; x_wconf 86' lang='lat' dir='ltr'>pertinet</span> <span class='ocrx_word' id='word_1_279' title='bbox 1472 2338 1585 2378; x_wconf 89' lang='lat' dir='ltr'>enim</span> <span class='ocrx_word' id='word_1_280' title='bbox 1618 2339 1675 2379; x_wconf 89' lang='lat' dir='ltr'>ad</span> 
     </span>
     <span class='ocr_line' id='line_1_33' title="bbox 80 2406 1673 2463; baseline -0.002 -11"><span class='ocrx_word' id='word_1_281' title='bbox 80 2410 174 2451; x_wconf 84' lang='lat' dir='ltr'>haec</span> <span class='ocrx_word' id='word_1_282' title='bbox 207 2411 411 2452; x_wconf 88' lang='lat' dir='ltr'>orationis</span> <span class='ocrx_word' id='word_1_283' title='bbox 443 2424 521 2463; x_wconf 89' lang='lat' dir='ltr'>pro</span> <span class='ocrx_word' id='word_1_284' title='bbox 550 2409 721 2451; x_wconf 81' lang='lat' dir='ltr'>Caecina</span> <span class='ocrx_word' id='word_1_285' title='bbox 752 2408 904 2450; x_wconf 84' lang='lat' dir='ltr'>verba:</span> <span class='ocrx_word' id='word_1_286' title='bbox 941 2407 1037 2448; x_wconf 63' lang='lat' dir='ltr'>Nisi</span> <span class='ocrx_word' id='word_1_287' title='bbox 1066 2408 1176 2460; x_wconf 76' lang='lat' dir='ltr'>forte</span> <span class='ocrx_word' id='word_1_288' title='bbox 1208 2407 1281 2448; x_wconf 70' lang='lat' dir='ltr'>hoc</span> <span class='ocrx_word' id='word_1_289' title='bbox 1312 2408 1490 2448; x_wconf 68' lang='lat' dir='ltr'>rationis</span> <span class='ocrx_word' id='word_1_290' title='bbox 1523 2406 1673 2461; x_wconf 89' lang='lat' dir='ltr'>(AEbu-</span> 
     </span>
     <span class='ocr_line' id='line_1_34' title="bbox 80 2478 1673 2536; baseline -0.002 -15"><span class='ocrx_word' id='word_1_291' title='bbox 80 2478 183 2534; x_wconf 90' lang='lat' dir='ltr'>tius)</span> <span class='ocrx_word' id='word_1_292' title='bbox 230 2481 398 2522; x_wconf 74' lang='lat' dir='ltr'>habuit:</span> <span class='ocrx_word' id='word_1_293' title='bbox 445 2482 654 2536; x_wconf 63' lang='lat' dir='ltr'>quoniam,</span> <span class='ocrx_word' id='word_1_294' title='bbox 703 2481 740 2521; x_wconf 80' lang='lat' dir='ltr'>si</span> <span class='ocrx_word' id='word_1_295' title='bbox 774 2480 892 2532; x_wconf 76' lang='lat' dir='ltr'>facta</span> <span class='ocrx_word' id='word_1_296' title='bbox 932 2480 993 2519; x_wconf 73' lang='lat' dir='ltr'>vis</span> <span class='ocrx_word' id='word_1_297' title='bbox 1034 2483 1133 2519; x_wconf 76' lang='lat' dir='ltr'>esset</span> <span class='ocrx_word' id='word_1_298' title='bbox 1166 2478 1359 2531; x_wconf 73' lang='lat' dir='ltr'>moribus,</span> <span class='ocrx_word' id='word_1_299' title='bbox 1407 2480 1598 2532; x_wconf 71' lang='lat' dir='ltr'>superior</span> <span class='ocrx_word' id='word_1_300' title='bbox 1629 2480 1673 2519; x_wconf 72' lang='lat' dir='ltr'>in</span> 
     </span>
     <span class='ocr_line' id='line_1_35' title="bbox 72 2549 1673 2605; baseline -0.002 -13"><span class='ocrx_word' id='word_1_301' title='bbox 72 2552 330 2605; x_wconf 75' lang='lat' dir='ltr'>possessione</span> <span class='ocrx_word' id='word_1_302' title='bbox 360 2551 579 2593; x_wconf 69' lang='lat' dir='ltr'>retinenda</span> <span class='ocrx_word' id='word_1_303' title='bbox 611 2565 693 2591; x_wconf 73' lang='lat' dir='ltr'>non</span> <span class='ocrx_word' id='word_1_304' title='bbox 722 2550 883 2603; x_wconf 73' lang='lat' dir='ltr'>fuisset,</span> <span class='ocrx_word' id='word_1_305' title='bbox 918 2550 1017 2604; x_wconf 68' lang='lat' dir='ltr'>quid</span> <span class='ocrx_word' id='word_1_306' title='bbox 1050 2549 1281 2589; x_wconf 75' lang='lat' dir='ltr'>contraius</span> <span class='ocrx_word' id='word_1_307' title='bbox 1302 2562 1536 2603; x_wconf 73' lang='lat' dir='ltr'>moremque</span> <span class='ocrx_word' id='word_1_308' title='bbox 1553 2549 1673 2601; x_wconf 74' lang='lat' dir='ltr'>faeta</span> 
     </span>
     <span class='ocr_line' id='line_1_36' title="bbox 79 2618 1672 2675; baseline -0.003 -12"><span class='ocrx_word' id='word_1_309' title='bbox 79 2623 146 2675; x_wconf 69' lang='lat' dir='ltr'>sit,</span> <span class='ocrx_word' id='word_1_310' title='bbox 189 2622 243 2663; x_wconf 85' lang='lat' dir='ltr'>A.</span> <span class='ocrx_word' id='word_1_311' title='bbox 280 2622 489 2663; x_wconf 72' lang='lat' dir='ltr'>Cceeinam</span> <span class='ocrx_word' id='word_1_312' title='bbox 520 2636 610 2662; x_wconf 71' lang='lat' dir='ltr'>cum</span> <span class='ocrx_word' id='word_1_313' title='bbox 643 2622 790 2662; x_wconf 69' lang='lat' dir='ltr'>amicis</span> <span class='ocrx_word' id='word_1_314' title='bbox 822 2626 930 2661; x_wconf 71' lang='lat' dir='ltr'>metu</span> <span class='ocrx_word' id='word_1_315' title='bbox 958 2620 1228 2673; x_wconf 66' lang='lat' dir='ltr'>perterritant</span> <span class='ocrx_word' id='word_1_316' title='bbox 1253 2618 1517 2674; x_wconf 68' lang='lat' dir='ltr'>profuylsse:</span> <span class='ocrx_word' id='word_1_317' title='bbox 1566 2634 1672 2659; x_wconf 68' lang='lat' dir='ltr'>mmc-</span> 
     </span>
     <span class='ocr_line' id='line_1_37' title="bbox 81 2690 1669 2748; baseline -0.002 -16"><span class='ocrx_word' id='word_1_318' title='bbox 81 2706 236 2748; x_wconf 68' lang='lat' dir='ltr'>quoque</span> <span class='ocrx_word' id='word_1_319' title='bbox 268 2694 313 2734; x_wconf 72' lang='lat' dir='ltr'>in</span> <span class='ocrx_word' id='word_1_320' title='bbox 343 2694 514 2746; x_wconf 68' lang='lat' dir='ltr'>iudicio,</span> <span class='ocrx_word' id='word_1_321' title='bbox 548 2693 585 2733; x_wconf 70' lang='lat' dir='ltr'>si</span> <span class='ocrx_word' id='word_1_322' title='bbox 616 2706 745 2732; x_wconf 69' lang='lat' dir='ltr'>causa</span> <span class='ocrx_word' id='word_1_323' title='bbox 773 2705 884 2732; x_wconf 74' lang='lat' dir='ltr'>more</span> <span class='ocrx_word' id='word_1_324' title='bbox 910 2692 1171 2744; x_wconf 65' lang='lat' dir='ltr'>institutoque</span> <span class='ocrx_word' id='word_1_325' title='bbox 1195 2691 1378 2730; x_wconf 77' lang='lat' dir='ltr'>omnium</span> <span class='ocrx_word' id='word_1_326' title='bbox 1403 2690 1669 2742; x_wconf 67' lang='lat' dir='ltr'>defemlatur,</span> 
     </span>
     <span class='ocr_line' id='line_1_38' title="bbox 80 2761 1670 2817; baseline -0.003 -14"><span class='ocrx_word' id='word_1_327' title='bbox 80 2777 154 2803; x_wconf 72' lang='lat' dir='ltr'>nos</span> <span class='ocrx_word' id='word_1_328' title='bbox 184 2764 409 2817; x_wconf 76' lang='lat' dir='ltr'>inferiores</span> <span class='ocrx_word' id='word_1_329' title='bbox 440 2765 482 2803; x_wconf 76' lang='lat' dir='ltr'>in</span> <span class='ocrx_word' id='word_1_330' title='bbox 518 2763 676 2817; x_wconf 56' lang='lat' dir='ltr'>essendo</span> <span class='ocrx_word' id='word_1_331' title='bbox 714 2775 796 2802; x_wconf 45' lang='lat' dir='ltr'>‘nonv</span> <span class='ocrx_word' id='word_1_332' title='bbox 826 2761 1019 2814; x_wconf 75' lang='lat' dir='ltr'>futm·os;</span> <span class='ocrx_word' id='word_1_333' title='bbox 1066 2762 1131 2801; x_wconf 74' lang='lat' dir='ltr'>sin</span> <span class='ocrx_word' id='word_1_334' title='bbox 1171 2775 1197 2800; x_wconf 77' lang='grc' dir='ltr'>(ι</span> <span class='ocrx_word' id='word_1_335' title='bbox 1235 2761 1525 2801; x_wconf 68' lang='lat' dir='ltr'>consuetudine</span> <span class='ocrx_word' id='word_1_336' title='bbox 1564 2774 1670 2800; x_wconf 75' lang='lat' dir='ltr'>reee-</span> 
     </span>
     <span class='ocr_line' id='line_1_39' title="bbox 82 2830 1668 2889; baseline -0.003 -15"><span class='ocrx_word' id='word_1_337' title='bbox 82 2833 222 2887; x_wconf 74' lang='lat' dir='ltr'>datur,</span> <span class='ocrx_word' id='word_1_338' title='bbox 264 2848 318 2887; x_wconf 76' lang='lat' dir='ltr'>se,</span> <span class='ocrx_word' id='word_1_339' title='bbox 367 2848 444 2889; x_wconf 73' lang='lat' dir='ltr'>quo</span> <span class='ocrx_word' id='word_1_340' title='bbox 483 2833 766 2887; x_wconf 71' lang='lat' dir='ltr'>impudentius</span> <span class='ocrx_word' id='word_1_341' title='bbox 800 2833 938 2886; x_wconf 67' lang='lat' dir='ltr'>eyerc&#39;t,</span> <span class='ocrx_word' id='word_1_342' title='bbox 986 2831 1058 2871; x_wconf 78' lang='lat' dir='ltr'>hoe</span> <span class='ocrx_word' id='word_1_343' title='bbox 1090 2832 1345 2885; x_wconf 69' lang='lat' dir='ltr'>superiorem</span> <span class='ocrx_word' id='word_1_344' title='bbox 1377 2830 1668 2871; x_wconf 74' lang='lat' dir='ltr'>discessurum.</span> 
     </span>
    </p>
   </div>
   <div class='ocr_carea' id='block_1_3' title="bbox 79 2900 1669 3003">
    <p class='ocr_par' dir='ltr' id='par_1_3' title="bbox 79 2900 1669 3003">
     <span class='ocr_line' id='line_1_40' title="bbox 79 2900 1669 2957; baseline -0.003 -12"><span class='ocrx_word' id='word_1_345' title='bbox 79 2904 340 2946; x_wconf 85' lang='lat' dir='ltr'>Pravissime</span> <span class='ocrx_word' id='word_1_346' title='bbox 389 2904 572 2957; x_wconf 89' lang='lat' dir='ltr'>(infinita</span> <span class='ocrx_word' id='word_1_347' title='bbox 626 2903 697 2944; x_wconf 91' lang='lat' dir='ltr'>illa</span> <span class='ocrx_word' id='word_1_348' title='bbox 746 2903 938 2943; x_wconf 82' lang='lat' dir='ltr'>oratione</span> <span class='ocrx_word' id='word_1_349' title='bbox 982 2902 1035 2942; x_wconf 81' lang='lat' dir='ltr'>A.</span> <span class='ocrx_word' id='word_1_350' title='bbox 1083 2902 1286 2942; x_wconf 70' lang='lat' dir='ltr'>Cceeincmn</span> <span class='ocrx_word' id='word_1_351' title='bbox 1332 2924 1386 2928; x_wconf 55' lang='lat'>»—</span> <span class='ocrx_word' id='word_1_352' title='bbox 1430 2900 1669 2954; x_wconf 68' lang='lat' dir='ltr'>profaqe&#39;sse</span> 
     </span>
     <span class='ocr_line' id='line_1_41' title="bbox 1322 2970 1387 3003; baseline 0 0"><span class='ocrx_word' id='word_1_353' title='bbox 1322 2970 1387 3003; x_wconf 69' lang='lat'>46*</span> 
     </span>
    </p>
   </div>
  </div>
 </body>
</html>
