1915 3235
185 1933 236 1959 205

1009 158 1096 200 564

252 290 430 343 propter
470 288 678 330 Pallantis
726 301 887 330 nomen
928 301 1062 341 prave
1107 288 1238 329 etiam
1270 287 1440 330 Licinus
1474 288 1643 331 Claudii
1673 289 1852 332 libertus

252 359 420 409 dicitur,
454 372 555 400 mox
587 359 734 400 omnia
765 359 938 412 copiose
970 357 1270 412 explicantur),
1305 359 1511 409 Licinum,
1555 359 1601 402 C.
1634 360 1728 402 Iulii
1758 360 1853 403 Cae-

251 429 361 472 saris
393 443 568 471 servum
601 432 644 472 et
675 430 1033 483 dispensatorem,
1068 429 1252 480 Gallum,
1286 430 1342 471 ab
1375 431 1469 483 ipso
1502 430 1548 472 C.
1574 430 1746 473 Caesare
1779 433 1855 474 aut

252 501 309 544 ab
340 501 538 554 Augusto
571 501 904 551 manumissum,
946 500 1103 542 deinde
1135 501 1285 542 Galliae
1316 503 1658 553 procuratorem,
1697 501 1854 544 intelli-

251 575 378 626 gunt3
427 574 578 625 estque
619 585 671 613 ea
712 585 901 625 persona
941 572 1180 625 aptissima.
1243 571 1439 613 Eundem
1474 571 1607 614 Licini
1638 572 1855 614 tumulum

252 643 461 686 Martialis
495 643 736 696 significare
778 643 949 684 videtur
980 643 1085 693 VIII,
1131 643 1170 693 3,
1216 643 1263 684 6:
1314 643 1496 698 Altaque
1543 657 1670 698 quum
1713 643 1856 685 Licini

251 728 472 755 marmora
510 715 654 768 pulvis
701 719 835 755 eruut.
908 714 1018 755 Illud
1065 713 1246 754 dubium
1295 713 1431 755 videri
1477 716 1633 767 potest,
1682 716 1855 756 rectene

252 785 423 827 Horatii
455 785 708 827 scholiastes
741 785 929 826 eundem
961 797 1057 826 esse
1089 786 1213 837 putet
1244 784 1439 826 Licinum
1474 788 1694 827 tonsorem
1726 785 1771 826 in
1802 786 1854 827 A.

252 856 300 898 P.
333 870 374 897 V.
408 856 490 897 301
525 855 820 905 nominatum
869 868 1121 908 quanquam
1154 869 1296 909 neque
1328 855 1578 897 incredibile
1611 858 1689 907 est,
1737 856 1855 898 illam

253 941 433 981 operam
467 929 567 968 ante
601 926 990 968 manumissionem
1024 927 1219 968 Licinum
1242 927 1427 968 dominis
1449 927 1704 980 praestitisse
1729 928 1856 969 satis-

254 1012 337 1052 que
370 998 414 1039 id
446 998 628 1040 Horatio
660 998 793 1039 fuisse
828 998 884 1039 ad
917 1011 1014 1039 eum
1048 998 1235 1039 tonsoris
1275 999 1450 1039 nomine
1491 1001 1533 1039 et
1574 1011 1756 1040 munere
1787 1012 1857 1041 or-

253 1069 469 1120 nandum,
522 1072 564 1110 et
610 1069 746 1110 Persii
794 1082 967 1122 quoque
1015 1068 1269 1110 scholiastes
1318 1073 1524 1110 tonsorem
1571 1083 1620 1110 ac
1665 1069 1858 1111 libertum

253 1141 438 1194 Augusti
471 1140 655 1182 Caesaris
695 1140 901 1193 appellat.
965 1140 1211 1193 Augustum
1252 1142 1403 1181 tamen
1442 1139 1558 1181 dicat
1597 1140 1750 1194 aliquis
1789 1140 1859 1182 vix

255 1225 305 1254 eo
338 1212 513 1253 homine
546 1211 589 1252 in
620 1212 696 1252 tali
729 1211 967 1252 ministerio
1011 1211 1211 1261 abusum,
1261 1224 1390 1263 quem
1434 1211 1727 1264 procurationi
1768 1212 1859 1254 ido-

253 1296 386 1324 neum
418 1282 642 1332 iudicaret,
677 1285 719 1324 et
751 1282 982 1324 Horatium
1016 1284 1237 1323 tonsorem
1270 1286 1409 1323 artem
1433 1282 1560 1336 vulgo
1585 1287 1859 1325 exercentem

254 1354 510 1408 significare.
573 1354 684 1406 Ergo
723 1354 806 1395 hoc
845 1354 1072 1394 incertum.
1136 1353 1222 1394 Sed
1266 1353 1385 1394 illum
1428 1353 1613 1406 Augusti
1655 1354 1857 1396 libertum

255 1428 298 1467 et
329 1427 655 1479 procuratorem
699 1438 841 1477 prosae
884 1424 1090 1466 orationis
1134 1424 1365 1477 scriptores
1410 1424 1500 1465 fere
1534 1424 1749 1466 Licinium
1781 1438 1859 1478 ap-

254 1497 418 1550 pellant
451 1508 587 1549 eoque
620 1496 797 1537 nomine
829 1495 887 1536 illi
930 1496 975 1536 in
1014 1495 1260 1536 divitiarum
1303 1495 1502 1548 exemplo
1540 1497 1734 1537 utuntur.
1796 1495 1860 1537 De

254 1568 559 1621 procuratione
603 1566 888 1619 rapacissima
926 1568 1062 1625 ‚notus
1101 1565 1248 1606 Dionis
1289 1568 1355 1607 est
1386 1566 1506 1607 locus
1538 1566 1583 1607 in
1614 1566 1724 1608 libro
1755 1566 1859 1617 LIV,

256 1635 372 1691 211),
422 1651 558 1691 eoque
603 1640 803 1691 spectant
835 1637 1025 1686 Senecae,
1075 1637 1110 1677 si
1143 1637 1319 1678 Senecae
1354 1639 1468 1687 sunt,
1517 1638 1652 1678 verba
1684 1638 1727 1678 in
1759 1637 1862 1680 ludo

255 1710 309 1751 de
341 1712 480 1751 morte
514 1708 682 1763 Claudii
715 1722 750 1749 c.
784 1709 830 1749 6:
866 1708 1069 1763 Luydum'
1102 1707 1295 1748 Licinius
1326 1708 1476 1748 multos
1501 1721 1633 1749 anuos
1656 1709 1861 1763 requavit.

254 1781 495 1822 Patronum
528 1780 774 1832 Augustum
816 1781 858 1820 et
889 1780 1085 1832 ingentes
1119 1778 1291 1820 divitias
1325 1779 1571 1820 Macrobius
1604 1779 1778 1821 Saturn.
1811 1779 1861 1830 ΙΙ,

255 1853 282 1893 4
316 1852 643 1893 commemorat.
708 1849 905 1890 Licinum
946 1852 1097 1891 tamen
1139 1850 1360 1902 appellare
1402 1850 1573 1891 videtur
1612 1850 1779 1892 Seneca
1819 1851 1863 1892 in

257 1923 440 1976 epistola
475 1922 572 1971 119,
622 1922 647 1963 9
689 1921 883 1977 (quorum
922 1922 1093 1961 uomina
1132 1935 1224 1961 eum
1260 1920 1411 1962 Crasso
1452 1920 1680 1977 Licinoque
1718 1936 1862 1963 nume-

256 1992 428 2046 rantur)
458 1995 499 2034 et
531 1993 628 2043 120,
665 1993 717 2034 19
749 1992 966 2045 (Licinum
999 1991 1172 2044 divitiis,
1206 1991 1405 2045 Apicium
1437 1993 1560 2046 cenis,
1595 1992 1865 2034 Maecenatem

256 2065 418 2105 deliciis
442 2062 705 2118 provocant),
740 2064 813 2116 qui
841 2063 1087 2116 Augustum
1119 2076 1207 2104 non
1238 2064 1448 2113 nominat,
1483 2063 1573 2114 sed,
1606 2077 1784 2116 prorsus
1816 2066 1864 2105 ut

256 2135 471 2176 Iuvenalis
505 2137 548 2176 et
585 2135 772 2185 Persius,
821 2147 900 2187 pro
941 2134 1152 2176 ditissimo
1191 2134 1366 2174 homine
1408 2135 1489 2175 hoc
1530 2147 1690 2175 nomen
1721 2135 1863 2187 ponit;

259 2206 337 2248 sed
368 2206 779 2259 Schweighauserus
812 2208 997 2258 utroque
1038 2205 1132 2246 loco
1166 2217 1218 2245 ex
1250 2204 1452 2246 omnibus
1487 2205 1721 2255 codicibus,
1755 2218 1864 2257 quos

258 2277 413 2318 habuit
444 2277 841 2330 praestantissimos,
877 2275 1044 2316 Licinio
1077 2278 1120 2316 et
1152 2274 1369 2316 Licinium
1396 2275 1582 2329 scripsit.
1596 2272 1630 2328 2)
1678 2276 1866 2317 Restant

258 2348 504 2398 Suetonius,
538 2348 657 2401 apud
690 2360 819 2401 quem
851 2347 895 2387 in
928 2348 1069 2400 capite
1092 2347 1145 2388 67
1180 2347 1281 2388 vitae
1303 2346 1544 2397 Octaviani,
1579 2347 1654 2388 ubi
1686 2347 1865 2389 libertos

260 2419 350 2460 eius
383 2420 593 2471 gratiosos
626 2407 953 2467 commemorat,
1003 2418 1144 2459 editur
1183 2417 1294 2458 fere:
1344 2417 1559 2458 Licinium
1605 2417 1866 2459 Enceladum

260 2490 456 2544 aliosque,
497 2489 575 2530 sed
614 2503 636 2530 e
671 2489 867 2530 codicum
900 2488 1089 2542 vestigiis
1123 2480 1457 2541 Oudendorpius
1489 2488 1701 2529 restituit:
1752 2487 1865 2529 Mei-

258 2574 373 2612 uum,
408 2560 592 2613 Emeum,
628 2560 842 2609 Celadum,
878 2572 1129 2612 quanquam
1152 2558 1363 2611 Licinum,
1389 2558 1661 2600 Liciniumne
1685 2559 1865 2612 propius

298 2699 327 2743 l)
354 2700 472 2734 Etiam
498 2700 683 2744 Xiphilino
710 2703 874 2737 Λικίνιος
902 2703 966 2735 est,

297 2758 326 2802 ²)
355 2760 395 2793 In
427 2770 628 2804 paucorum
660 2760 830 2794 manibus
863 2760 925 2794 illa
959 2759 1269 2803 Schweighauseri
1302 2759 1411 2794 editio
1444 2770 1522 2794 esse
1556 2758 1715 2795 videtur;
1754 2767 1866 2802 quan-

357 2830 467 2862 quam
493 2819 599 2862 pauci
625 2819 775 2853 omnino
802 2819 889 2853 istas
916 2819 1086 2863 epistolas
1112 2819 1253 2863 legum
1293 2819 1356 2853 sed
1390 2821 1493 2852 tanta
1518 2821 1573 2852 est
1599 2817 1745 2852 illorum
1771 2815 1865 2850 codi-

357 2888 438 2912 cum
466 2877 687 2922 praestantia,
726 2880 777 2919 ut,
816 2877 878 2921 qui
904 2877 1003 2911 illinc
1029 2877 1238 2912 testimonia
1264 2887 1408 2911 sumere
1435 2875 1531 2914 velit,
1572 2876 1659 2911 satis
1685 2878 1763 2910 tuto
1791 2885 1866 2910 non

356 2939 477 2971 sumat
504 2935 572 2969 nisi
599 2936 921 2980 Schweighausero
947 2936 1121 2971 adhibito.
1172 2935 1300 2979 [Video
1335 2945 1432 2969 nunc
1467 2934 1545 2970 eius
1579 2934 1746 2970 editionis
1777 2945 1865 2978 prae-

357 2994 529 3029 stantiam
556 2994 779 3030 intellectam
806 3006 884 3030 esse
913 3006 934 3029 a
960 2995 1135 3030 Fickerto.
1188 2992 1308 3037 1842]
