1915 3235
861 88 947 129 413

108 219 171 258 vir
203 217 353 258 doctus
387 216 442 256 ad
475 216 685 268 reliquam
717 217 975 258 sententiam
1016 230 1146 269 quam
1180 217 1235 258 ad
1267 218 1378 258 solos
1412 218 1556 270 apices
1589 219 1699 259 illius

108 287 305 328 vocabuli
339 286 536 328 attendit.
551 284 583 338 1)
647 287 694 327 In
726 287 789 336 iis,
824 300 920 339 quae
954 288 1264 340 adiunguntur:
1299 302 1424 342 quum
1448 289 1599 342 palam,
1624 303 1699 343 po-

100 358 198 411 puli
229 357 411 398 Romani
441 357 682 410 imperator,
717 358 915 398 ‘instructo
941 359 1132 411 exercitu,
1166 358 1379 399 dexteram
1405 359 1586 411 tendens,
1621 373 1700 400 non

109 428 166 468 acl
197 428 364 468 laudem
396 428 546 468 milites
578 428 830 481 hortaretur,
863 429 935 469 sed
966 430 1107 469 omnia
1138 428 1218 469 sibi
1250 434 1285 470 et
1310 434 1443 482 empta
1469 434 1504 469 et
1529 430 1700 470 emendo

111 512 193 539 esse
225 499 430 547 clameret,
463 498 628 539 habent
659 512 763 539 sane
797 499 962 540 codices
996 498 1145 552 (etiam
1177 498 1242 552 P),
1276 503 1323 540 ut
1345 499 1529 541 Orellius
1556 500 1700 548 edidit,

108 569 294 609 hortetur
317 591 372 596 ——
401 570 567 618 clamet3
602 582 651 610 ac
683 572 831 610 tamen
862 570 1114 622 imperfecta
1147 570 1372 611 retinenda
1404 575 1509 623 puto
1541 572 1702 623 partini

110 639 164 680 ob
212 639 353 691 ipsam
400 640 659 681 narrationis
708 640 893 681 formam
945 644 987 681 et
1034 641 1379 682 coniunctionem
1429 639 1582 694 (actum
1633 647 1702 694 est,

111 723 235 763 quarm
268 732 324 737 —
356 709 588 762 clamaret),
622 713 715 750 tum
747 711 936 752 maxime
969 712 1082 764 quod
1115 711 1327 764 particula
1360 726 1484 765 quum
1519 725 1581 761 eo,
1619 726 1704 765 quo
1724 724 1738 747 <f

108 780 188 830 hic,
223 781 352 821 modo
388 781 490 832 poni
530 782 752 821 consuevit
790 785 959 823 tantum
1000 795 1094 822 cum
1136 782 1388 835 imperfecto
1429 783 1704 830 conjunctivi;

109 852 334 903 praesentis
368 851 578 903 temporis
611 851 890 893 indicativum
922 852 1125 905 postulat.
1175 852 1299 905 Saepe
1332 852 1445 893 enim
1478 853 1522 893 in
1553 867 1704 894 narra-

108 921 236 971 tione,
271 922 476 962 adiuncta
509 934 586 974 per
617 923 873 974 particulam
908 937 1032 978 quum
1055 924 1282 973 sententia,
1316 923 1470 964 modus
1493 937 1543 965 ac
1566 924 1705 965 forma

111 992 171 1032 rei
204 995 311 1033 actae
345 993 614 1043 describitur,
650 996 697 1034 ut
729 996 804 1034 aut
835 994 1061 1046 participia
1095 998 1169 1034 aut
1196 994 1387 1043 ablativi,
1422 1007 1529 1046 quos
1556 995 1705 1047 appel-

110 1063 213 1113 lant,
263 1064 583 1116 consequentiae
626 1066 701 1104 aut
742 1077 869 1105 voces
914 1078 956 1105 eo
995 1064 1127 1116 modo,
1176 1069 1221 1104 ut
1258 1064 1470 1105 similesve
1503 1065 1705 1118 loquendi

112 1133 308 1174 formulae
340 1134 545 1174 substitui
587 1135 765 1186 possint.
829 1135 1109 1176 Recentiores
1154 1135 1197 1175 in
1240 1148 1336 1176 eam
1378 1138 1548 1187 partem
1586 1136 1705 1176 incli-

111 1206 229 1253 nant,
265 1206 311 1244 ut
343 1204 444 1244 dum
476 1209 641 1257 ponant
674 1205 834 1258 (Germ.
868 1204 1039 1258 indm).
1103 1206 1216 1247 Usus
1255 1219 1342 1247 non
1381 1207 1526 1258 ignoti,
1566 1206 1643 1247 sed
1681 1219 1707 1247 a

112 1274 242 1324 nullo,
277 1275 393 1328 quod
427 1276 573 1325 sciam,
608 1277 712 1317 satis
747 1276 928 1329 expositi
961 1263 1159 1329 exempla
1192 1277 1386 1326 afferam,
1422 1289 1552 1328 quum
1588 1277 1706 1330 prius

113 1345 272 1394 dixero,
307 1359 356 1386 eo
389 1347 526 1399 magis
558 1347 601 1387 in
632 1347 713 1388 hoc
746 1348 838 1388 loco
872 1360 897 1388 a
930 1347 1147 1388 codicibus
1173 1348 1391 1388 discedere
1418 1346 1557 1397 licere,
1592 1348 1707 1399 quod

111 1415 155 1455 in
186 1416 297 1457 notis
330 1416 424 1466 illis,
474 1417 631 1468 quibus
672 1417 715 1457 in
755 1418 877 1458 codd.
912 1418 1287 1470 distinguebantur
1319 1418 1507 1458 hortetur
1540 1420 1581 1458 et
1613 1418 1706 1458 leor-

112 1490 274 1526 teretur
307 1489 349 1527 et
381 1487 549 1537 similia,
583 1488 626 1528 in
658 1488 723 1528 his
757 1489 1024 1530 orationibus
1057 1489 1213 1541 saepius
1247 1491 1438 1529 erratum
1467 1492 1552 1537 est,
1586 1492 1632 1530 ut
1665 1489 1707 1530 in

113 1557 208 1597 Vat.
246 1558 311 1606 14,
346 1558 402 1598 34
436 1561 478 1598 et
509 1559 542 1599 P
576 1562 617 1600 et
650 1559 682 1600 E
715 1562 758 1600 et
790 1559 972 1600 fortasse
1012 1572 1162 1600 omnes
1201 1559 1324 1600 codd.
1366 1559 1597 1600 arbitretur
1628 1573 1706 1612 pro

115 1626 398 1668 arbitraretur
438 1629 615 1670 habent.
678 1630 753 1671 Illo
785 1630 912 1682 igitur
944 1630 1073 1671 modo
1114 1630 1260 1671 Cicero
1300 1631 1343 1670 in
1376 1630 1494 1671 Verr.
1528 1631 1594 1680 IV,
1634 1631 1704 1680 43,

117 1697 219 1738 106:
268 1712 372 1752 quas
411 1698 562 1753 (faces)
601 1701 681 1741 sibi
720 1715 843 1755 quum
885 1702 976 1754 ipsa
999 1700 1229 1754 prceferret
1260 1699 1320 1752 (id
1354 1703 1430 1750 est,
1471 1701 1705 1754 proeferen-

113 1766 223 1820 tem),
272 1768 405 1810 orbem
446 1784 605 1811 omnem
636 1785 892 1825 pet-(amasse
930 1777 1166 1819 terrarum3
1213 1784 1291 1823 pro
1324 1770 1463 1813 Sestio
1497 1773 1565 1822 63,
1603 1766 1704 1813 132:

118 1840 323 1880 &cesarem
371 1854 478 1894 &cepe
526 1843 748 1895 accusarit,
797 1857 921 1897 quum
970 1842 1209 1894 affirmaret
1242 1844 1342 1891 cet.;
1390 1856 1468 1895 pro
1511 1842 1706 1884 Cluentio

115 1909 185 1959 42,
237 1910 340 1951 119;
390 1912 734 1953 cmlmaclvertisse
787 1926 971 1953 censores
1020 1914 1061 1952 in
1111 1913 1265 1954 iudices
1312 1913 1533 1967 quosdam,
1582 1927 1705 1968 (strum

118 1981 240 2020 istam
274 1982 408 2035 ipsam
441 1996 612 2022 eausam,
643 1983 962 2032 subscribet-enm
996 1983 1276 2036 eiusdemque
1308 1985 1475 2036 generis
1509 1984 1707 2037 exempla

116 2054 217 2092 sunt
262 2039 340 2104 pro
385 2053 540 2093 Milone
573 2053 612 2103 5,
666 2054 717 2093 12
766 2053 1102 2107 (crimmechatur,
1152 2069 1276 2109 quum
1324 2053 1492 2107 diceret)
1542 2057 1583 2095 et
1630 2068 1707 2107 pro

116 2121 261 2171 Quint.
294 2123 334 2173 4,
372 2123 438 2163 15.
500 2123 584 2165 Pro
617 2138 742 2178 (strum
782 2123 824 2164 in
863 2124 1008 2165 multis
1049 2126 1171 2166 codd.
1211 2125 1494 2166 substitutum
1534 2128 1626 2166 erat
1664 2131 1708 2165 ut

118 2192 246 2234 Tusc.
271 2193 318 2243 V,
352 2194 422 2244 27,
458 2194 525 2234 77.
575 2192 706 2246 [Add.
742 2195 794 2235 de
827 2194 946 2236 Orat.
970 2195 999 2244 I,
1034 2196 1103 2245 20,
1137 2196 1189 2236 91
1216 2199 1258 2236 et
1286 2197 1354 2246 24,
1391 2197 1486 2245 112,
1521 2196 1613 2237 Cat.
1641 2196 1706 2243 10,

117 2263 186 2304 33.
235 2263 426 2305 Gramm.
460 2265 553 2305 Lat.
586 2263 717 2316 §358
750 2268 838 2306 not.
862 2266 888 2306 2
921 2265 987 2306 ed.
1022 2265 1082 2318 3.]
1129 2267 1198 2307 Ad
1230 2267 1343 2307 hunc
1376 2267 1502 2319 igitur
1531 2266 1707 2307 modum

116 2334 462 2387 interpungenda
504 2336 640 2376 oratio
684 2341 749 2377 est
791 2336 835 2376 in
877 2336 1058 2378 Caesaris
1098 2337 1145 2377 B.
1180 2337 1224 2378 C.
1259 2337 1307 2387 ΙΙ,
1350 2338 1420 2387 44,
1466 2340 1513 2378 ut
1555 2338 1707 2378 Verba:

117 2418 242 2458 quum
284 2405 423 2446 Varus
455 2420 576 2446 suam
605 2406 731 2458 fidem
764 2406 815 2447 ab
857 2421 899 2447 eo
939 2407 1038 2448 laeda·
1076 2412 1317 2461 quereretur
1355 2422 1482 2462 neque
1522 2408 1709 2448 resistere

117 2474 289 2516 auderet
321 2476 615 2528 superioribus
648 2477 950 2529 adiungantur,
994 2478 1050 2518 ad
1082 2491 1177 2530 quae
1210 2479 1440 2530 pertinent,
1476 2470 1710 2531 'diiungan-

155 2613 182 2658 ¹)
208 2615 347 2649 Vellem
376 2617 524 2650 omnino
551 2618 660 2661 paulo
687 2621 780 2651 esset
806 2617 867 2650 Vir
894 2617 942 2651 Cl.
971 2617 1108 2651 cautior
1134 2617 1170 2651 in
1197 2618 1450 2655 coniectando;
1478 2618 1577 2652 velut
1603 2618 1711 2661 paulo

212 2678 296 2708 ante
321 2686 387 2718 pro
407 2677 589 2718 posterior
615 2676 766 2709 fortasse
793 2675 1023 2709 scribendum
1056 2680 1160 2720 putat
1185 2679 1299 2720 pestis
1331 2678 1466 2711 tetrior.
1519 2676 1606 2718 Quis
1640 2687 1711 2709 non

212 2733 320 2774 videt,
347 2733 399 2767 sic
425 2734 582 2768 duorum
609 2734 869 2768 adiectivorum
895 2734 1193 2778 compositionem
1221 2734 1416 2779 (posterior
1442 2747 1490 2768 an
1510 2734 1711 2778 infelicior),

212 2793 364 2827 relatam
392 2794 437 2827 ad
464 2793 535 2827 duo
561 2793 789 2827 substantiva
823 2790 994 2835 <fortuna
1027 2805 1105 2827 cum
1138 2793 1389 2837 improbitate),
1425 2793 1631 2837 corrumpi?
1670 2793 1711 2827 Et

213 2852 298 2895 quid
324 2852 387 2886 fiet
414 2851 560 2895 reliquis
586 2852 684 2893 locis,
724 2851 866 2895 quibus
905 2851 934 2884 si
961 2851 1018 2885 hic
1044 2856 1254 2896 corruptum
1281 2856 1334 2886 est
1353 2854 1544 2896 posterior,
1585 2852 1710 2886 similis

213 2910 421 2944 adhibenda
448 2910 627 2944 medicina
653 2910 746 2944 erit?
