1915 3235
129 832 182 857 508

959 124 1045 165 394

205 267 251 295 se
297 253 458 295 iudices
506 252 597 306 (eos
646 254 761 295 enim
809 251 1057 307 alloquitur)
1105 266 1152 294 se
1199 253 1524 306 complexurum
1574 253 1798 305 promittit,

206 337 474 377 quaecunque
507 324 563 366 sit
594 325 742 366 oblata
774 324 967 373 fortuna3
1007 324 1131 377 quasi
1163 324 1222 365 illi
1252 325 1314 365 rei
1345 324 1430 365 sint
1461 326 1504 365 et
1536 324 1579 365 in
1610 324 1799 377 periculo

206 398 452 444 versentur;
487 400 529 436 et
560 395 671 436 belle
703 395 797 436 haec
831 395 1050 436 cohaerent
1082 408 1179 436 cum
1211 395 1348 436 altera
1372 395 1608 437 sententia:
1641 409 1714 436 nec
1737 409 1800 436 me

204 465 255 506 ab
287 467 354 518 iis,
402 480 501 521 quos
531 466 693 519 videtis,
741 467 831 507 ulla
867 465 1046 519 fortuna
1076 466 1253 507 divellet.
1316 466 1480 508 Deinde
1511 466 1605 507 haec
1637 465 1694 507 ad
1726 478 1798 507 su-

202 536 374 589 periora
414 538 627 579 contrarie
669 525 918 579 referuntur
965 535 1072 592 (Eyo
1115 536 1261 590 vero).
1334 537 1467 579 Putes
1509 536 1649 590 igitur,
1699 549 1798 578 eum

203 607 262 648 ibi
295 607 348 648 de
380 608 593 650 iudicibus
634 609 794 661 aliquid
834 608 1005 650 dixisse.
1069 608 1155 649 Sed
1196 608 1255 649 ibi
1298 609 1428 650 etiam
1471 621 1517 649 se
1557 613 1700 661 negat,
1749 607 1799 648 iis

202 678 350 730 pulsis,
392 678 464 731 qui
496 692 541 720 se
575 681 693 721 urbis
727 681 971 732 compotem
1004 678 1219 729 fecissent,
1267 680 1312 720 in
1342 680 1449 720 urbe
1482 684 1798 720 remansurum.

202 749 351 802 Itaque
383 762 497 791 nunc
530 764 633 792 sane
667 750 782 801 dicit,
817 763 863 792 se
895 763 968 791 eos
1002 750 1308 791 comitaturum
1340 750 1384 791 in
1417 749 1603 792 exilium.
1661 749 1799 790 Mani-

203 820 312 862 festo
345 820 473 873 igitur
504 821 780 862 scribendum
814 823 898 862 est:
933 820 1022 875 qu
1053 834 1148 862 vero
1181 835 1258 862 eos
1288 822 1335 861 in
1365 822 1478 862 omni
1506 820 1684 874 fortuna
1716 822 1796 861 cet.

203 891 256 932 Et
289 904 353 932 eos
386 893 428 932 et
459 891 588 945 paulo
620 894 719 944 post
752 891 802 932 ab
835 893 901 942 iis,
935 905 1035 942 non,
1069 894 1117 933 ut
1149 891 1330 933 Orellius
1364 892 1477 942 fecit,
1512 891 1562 932 ab
1595 891 1661 932 his
1693 891 1796 932 scri-

202 962 394 1003 bendum
427 965 511 1011 est3
544 975 647 1003 nam
680 962 734 1003 de
766 963 1054 1015 praesentibus
1087 963 1288 1015 loquitur,
1322 963 1399 1004 sed
1430 963 1503 1013 ita,
1537 964 1583 1003 ut
1616 962 1710 1003 haec
1742 962 1798 1003 ad

201 1033 467 1085 superiorem
501 1046 651 1074 eorum
685 1033 1143 1081 commemorationem
1175 1034 1432 1075 referantur.

319 1104 366 1144 In
398 1105 592 1145 oratione
615 1104 815 1146 Sestiana
847 1105 1121 1145 emendanda
1144 1105 1371 1146 coniuncto
1392 1104 1648 1157 plerumque
1675 1103 1798 1145 testi-

200 1175 346 1215 monio
380 1175 536 1216 codicis
568 1175 823 1216 Parisiensis
867 1178 909 1216 et
940 1175 1170 1217 Bernensis
1212 1175 1365 1228 prioris
1409 1188 1536 1216 usum
1579 1188 1688 1216 sum.
1751 1174 1798 1215 In

200 1245 430 1286 Vatiniana
462 1248 633 1287 tantum
666 1247 825 1287 selecta
858 1246 1014 1287 codicis
1047 1246 1277 1288 Bernensis
1310 1247 1520 1287 varietate
1552 1248 1662 1295 utor,
1701 1258 1797 1298 quae

200 1316 243 1356 in
286 1316 434 1358 Orellii
476 1317 662 1358 editione
706 1330 887 1370 operum
932 1317 1148 1358 Ciceronis
1192 1319 1400 1358 annotata
1442 1319 1520 1358 est.
1534 1313 1567 1369 1)
1637 1316 1798 1358 Contra

200 1387 375 1428 alterius
423 1387 598 1429 familiae
644 1401 756 1429 unus
804 1401 883 1429 nec
929 1388 1149 1441 perbonus
1204 1387 1265 1441 (in
1318 1389 1401 1429 hac
1455 1385 1666 1440 oratione)
1718 1400 1799 1428 nec

199 1461 347 1499 tamen
379 1458 552 1500 infimus
586 1459 733 1509 codeX,
783 1459 1059 1508 Erfurtensis,
1109 1460 1310 1500 accurate
1350 1459 1530 1500 collatus
1571 1460 1649 1500 est.
1713 1458 1799 1499 Sed

200 1528 335 1570 codex
382 1530 665 1583 archetypus,
723 1533 936 1583 quantum
990 1529 1165 1582 quidem
1220 1543 1272 1570 ex
1318 1529 1551 1571 Parisiensi
1606 1529 1800 1579 conficio,-

199 1600 482 1653 negligentius
515 1601 558 1642 in
590 1601 672 1642 hac
705 1602 899 1642 oratione
934 1603 975 1641 et
1007 1600 1281 1642 festinantius
1315 1601 1498 1653 scriptus
1533 1603 1627 1642 erat
1667 1613 1798 1654 quam

200 1671 243 1711 in
276 1671 487 1712 Sestiana.

319 1741 364 1783 C.
401 1742 437 1792 1,
484 1743 510 1782 2
552 1756 631 1795 pro
668 1742 929 1795 ferocitatem
968 1746 1084 1782 tuam
1124 1742 1261 1792 istam,
1310 1742 1384 1783 ubi
1416 1742 1689 1784 incommode
1723 1741 1797 1783 de-

199 1812 540 1853 monstrativum·
580 1814 623 1854 in
671 1816 911 1854 extremum
961 1813 1103 1854 locum
1150 1813 1357 1863 reiicitur,
1414 1827 1436 1855 e
1482 1813 1580 1854 Par.
1630 1811 1797 1867 (HerV.)

200 1883 416 1924 edendum
451 1886 515 1924 est
544 1883 806 1937 ferocitatem
839 1885 961 1924 istam
994 1880 1170 1936 tuam.‘²)
1211 1866 1217 1876 ,

319 1954 364 1995 C.
401 1955 437 2004 1,
480 1955 506 1995 3
539 1954 710 1995 videtur
741 1955 823 1996 hoc
861 1955 1143 1996 tribuendum
1183 1968 1277 1996 esse
1318 1955 1514 1996 codicum
1554 1956 1796 2005 consensui,

199 2027 247 2065 ut
278 2026 538 2066 scribamus:
572 2026 645 2066 sed
676 2026 795 2082 nulla
827 2040 1013 2080 unquam
1046 2025 1095 2066 de
1126 2040 1184 2076 re,
1219 2026 1293 2067 ubi
1327 2028 1391 2067 est
1422 2039 1538 2067 nunc
1569 2027 1672 2075 ulla,
1712 2039 1799 2067 non

200 2109 305 2137 sane
339 2097 550 2138 eiusmodi
583 2096 791 2149 exemplis
824 2096 934 2147 freti,
977 2097 1213 2138 cuiusmodi
1249 2096 1507 2138 Garatonius
1539 2097 1686 2147 utitur,
1719 2109 1798 2138 nec

200 2166 305 2216 aliis,
341 2181 437 2219 quae
470 2172 545 2209 aut
578 2167 634 2208 ad
665 2167 915 2208 Ciceronem
947 2181 1034 2209 non
1066 2168 1284 2221 pertinent
1318 2172 1393 2208 aut
1426 2168 1795 2209 coacervationem

201 2238 420 2289 quandam
452 2239 692 2291 negationis
727 2251 778 2279 ex
812 2238 1063 2291 quotidiano
1095 2252 1294 2280 sermone
1326 2239 1491 2280 habent
1521 2237 1586 2292 (ut
1605 2239 1725 2280 Verr.
1748 2239 1796 2288 II,

201 2308 269 2357 24,
312 2309 379 2358 60,
424 2309 497 2350 ubi
531 2309 606 2350 cfr.
641 2308 855 2362 Zumpt.);
904 2309 979 2350 sed
1023 2309 1182 2359 Cicero,
1232 2323 1365 2363 quum
1408 2309 1533 2362 plura
1575 2309 1798 2350 interiecta

201 2382 346 2420 essent
377 2383 474 2432 post
505 2381 693 2433 priorem
726 2381 1014 2433 negationem,
1063 2383 1240 2433 propter
1279 2380 1526 2433 proximum
1566 2394 1648 2421 non
1679 2379 1798 2421 modo

201 2449 343 2490 intulit
375 2450 638 2491 contrarium
671 2451 742 2491 sed
776 2452 906 2501 nulla,
955 2451 1082 2492 simili
1125 2451 1385 2493 anacolutho
1425 2451 1528 2501 eius,
1579 2451 1695 2504 quod
1734 2453 1799 2492 est

201 2521 245 2560 in
275 2520 410 2561 Acad.
444 2521 491 2570 II,
526 2521 594 2571 29,
629 2522 706 2563 92:
757 2521 844 2562 Nee
889 2522 962 2563 hoc
1009 2523 1054 2563 in
1102 2536 1245 2563 acervo
1284 2523 1415 2563 tritici
1460 2522 1591 2563 solum·
1631 2545 1686 2551 —
1726 2521 1799 2564 sed

239 2718 268 2762 ¹)
294 2718 351 2763 [In
390 2732 432 2754 ea
469 2731 506 2754 re
545 2721 681 2755 nullam
723 2721 856 2755 factam
895 2732 972 2755 esse
1010 2721 1205 2762 iacturam,
1250 2732 1347 2755 nunc
1391 2721 1559 2756 novimus
1607 2724 1643 2755 et
1688 2732 1797 2765 supra

298 2777 398 2821 dixi]

242 2835 268 2881 ²)
295 2838 413 2872 Verba
439 2839 486 2872 ad
511 2839 549 2871 id
574 2837 647 2871 iam
681 2838 836 2872 Orellius
868 2839 1021 2873 delenda
1053 2850 1131 2873 esse
1163 2838 1350 2873 intellexit.
1402 2839 1602 2883 Hervagius
1636 2842 1672 2873 et
1703 2839 1798 2873 Nau·

298 2897 416 2941 gerius
442 2897 479 2931 in
505 2897 573 2931 hac
599 2908 743 2941 quoque
770 2899 932 2932 oratione
958 2898 1094 2942 aliquid
1120 2909 1164 2932 ex
1189 2897 1399 2932 melioribus
1426 2898 1528 2933 codd.
1551 2901 1795 2943 sumpserunt,

299 2956 438 2997 iisdem,
466 2966 509 2990 ex
535 2956 667 3000 quibus
694 2956 898 2990 Sestianam
924 2957 1194 3000 suppleverunt.
