1915 3235
851 124 905 165 87

86 255 311 309 probabile
345 266 436 296 esse
468 253 649 303 videtur,
690 266 716 294 a
753 254 921 294 seniore
952 254 1050 305 post
1083 252 1253 294 fabulas
1284 252 1491 305 scriptum
1523 253 1673 294 statui-

85 339 196 368 mus.
243 325 305 367 De
338 338 422 378 quo
454 337 583 377 opere
614 325 772 376 praeter
803 336 868 373 ea,
903 336 998 376 quae
1025 323 1218 376 exposita
1243 324 1354 371 sunt,
1387 322 1491 363 nihil
1515 322 1671 372 habeo,

87 395 203 450 quod
234 395 388 437 dicam.
451 394 559 435 Illud
592 407 644 435 ex
674 394 738 443 iis,
788 407 884 447 quae
916 393 1075 434 Gellius
1107 392 1175 443 ΙΠ,
1227 393 1277 433 11
1313 393 1427 447 citat,
1476 395 1671 446 apparet,

86 466 249 521 frigidis
282 466 457 517 argutiis
488 465 882 518 grammaticorum,
932 477 1039 516 quas
1082 463 1176 516 quis
1216 476 1241 504 a
1278 465 1407 516 poeta
1447 463 1500 504 de
1531 465 1673 516 poetae

86 540 225 590 opere
247 536 461 578 scribente
483 535 554 576 vix
578 537 859 587 exspectaret,
893 547 980 575 non
1007 534 1210 575 caruisse.
1258 533 1320 574 Ex
1345 534 1501 586 quibus
1525 536 1674 575 tamen

87 607 228 649 minus
261 606 314 648 de
345 607 437 660 ipso
476 605 582 646 Attii
620 605 789 657 ingenio
828 605 995 657 poetico
1039 604 1328 645 coniecturam
1369 604 1589 653 faciemus,
1639 605 1673 645 si

85 677 421 727 meminerimus,
469 677 512 717 in
552 676 720 717 erudita
757 675 831 716 illa
871 675 1107 728 quaestione
1148 688 1246 716 eum
1279 675 1370 715 sine
1403 675 1546 724 dubio,
1595 672 1672 716 5110

85 761 216 790 5011511
248 747 432 797 excluso,
481 746 537 788 ad
567 746 736 787 illorum
779 745 1072 787 Graeculorum
1111 746 1321 786 rationem
1360 758 1406 786 se
1446 759 1673 799 composu-

87 819 183 868 isse,
232 819 304 871 qui
347 818 538 859 carmina
579 819 751 857 vetusta
792 818 1002 869 tanquam
1045 816 1252 856 formulas
1294 816 1458 857 rabulae
1497 817 1673 858 alicuius

86 889 212 930 anxio
261 888 438 930 artificio
486 889 746 941 compositas
793 889 980 928 tractare
1027 887 1237 927 solebant.
1251 883 1284 938 ¹)
1357 887 1461 928 Post
1506 887 1673 929 Attium

85 959 252 1009 similia,
301 959 378 1000 sed
420 959 502 1000 alio
544 958 672 1000 modo
706 960 760 1007 et,
809 960 857 998 ut
891 957 1070 1007 videtur,
1118 959 1289 998 tantum
1322 958 1488 1007 Latina,
1536 958 1673 999 Varro

85 1030 283 1082 exposuit
314 1029 431 1071 libris
465 1029 518 1071 de
550 1030 700 1082 poetis,
745 1028 798 1069 de
839 1028 1016 1069 scenicis
1049 1028 1296 1081 originibus,
1347 1028 1399 1069 de
1432 1029 1672 1069 actionibus

85 1101 275 1150 scenicis,
310 1101 595 1153 quaestionum
627 1099 939 1141 plautinarum.

200 1170 503 1224 Pragmaticon
549 1170 645 1212 libri
691 1170 811 1219 Attii,
863 1172 910 1210 ut
951 1170 1108 1219 omnia,
1158 1182 1253 1222 quae
1301 1169 1344 1209 in
1390 1170 1471 1210 hoc
1518 1182 1672 1222 genere

38 1271 41 1275 f
84 1241 266 1294 scripsit,
315 1241 693 1294 comprehendam,
742 1241 892 1293 quales
933 1240 1103 1290 fuerint,
1153 1241 1351 1281 constitui
1383 1241 1544 1293 nequit,
1592 1240 1673 1281 nisi

84 1311 211 1365 quod,
252 1315 299 1353 ut
330 1313 416 1353 iam
449 1325 580 1365 supra
612 1312 711 1361 dixi,
754 1314 933 1352 eatenus
966 1311 1287 1352 similitudinem
1321 1310 1510 1363 aliquam
1544 1324 1671 1364 argu-

85 1383 219 1423 menti
252 1395 348 1424 cum
382 1382 651 1423 didascalicis
688 1382 893 1423 habuisse
925 1384 1058 1435 patet,
1109 1384 1155 1422 ut
1195 1382 1237 1422 in
1277 1381 1326 1421 iis
1369 1381 1420 1422 de
1460 1395 1589 1422 scena
1631 1383 1672 1423 et

83 1452 213 1494 rebus
260 1454 438 1494 scenicis
484 1454 689 1506 scriptum
748 1455 873 1493 esset.
912 1450 916 1452 ’
952 1452 1156 1493 Versibus
1213 1438 1472 1504 compositos
1526 1452 1669 1501 fuisse,

74 1685 79 1693 ι
119 1638 150 1682 ¹)
175 1640 382 1684 Antequam
409 1652 430 1675 a
455 1641 678 1675 didascalicis
711 1640 866 1682 discedo,
907 1640 1115 1674 addendum
1148 1640 1283 1684 aliquid
1316 1640 1360 1673 de
1391 1650 1486 1673 anno
1519 1639 1671 1679 videtur,

175 1699 212 1733 in
239 1710 310 1743 quo
338 1699 459 1734 Attius
485 1700 627 1734 erravit.
678 1699 846 1734 Osannus
872 1699 981 1741 enim,
1014 1703 1207 1744 postquam
1240 1698 1484 1742 disputatione
1514 1709 1587 1732 non
1614 1709 1672 1732 ne-

176 1758 331 1792 cessaria
355 1758 445 1792 Attii
470 1758 659 1799 rationem,
687 1769 796 1802 quam
823 1769 933 1802 supra
959 1759 1100 1793 ostendi
1125 1762 1268 1793 tantum
1296 1757 1520 1801 negligentiae
1539 1757 1672 1798 deberi,

175 1817 317 1858 refellit,
356 1818 453 1861 quod
484 1817 534 1851 ita
566 1817 702 1851 factum
735 1820 812 1851 erat
837 1828 858 1850 a
886 1817 1066 1859 Cicerone,
1105 1818 1298 1851 accedente
1326 1817 1495 1850 Varronis
1521 1816 1672 1850 auctori-

175 1878 249 1910 tate
276 1879 311 1909 et
342 1877 506 1910 omnium
539 1879 741 1911 ceterarum
774 1887 895 1910 rerum
929 1877 1064 1918 ordine,
1105 1880 1144 1911 ut
1181 1877 1284 1910 novis
1322 1875 1544 1919 argumentis
1581 1886 1671 1919 opus

176 1946 249 1968 non
276 1938 380 1976 esset,
407 1935 535 1969 saltem
562 1946 635 1969 non
661 1935 714 1976 iis,
741 1946 822 1979 quae
840 1936 1014 1980 exipsius
1033 1935 1213 1969 Ciceronis
1239 1934 1454 1968 testimoniis
1481 1934 1516 1968 in
1536 1934 1670 1968 Catone

176 1993 405 2035 ducerentur,
438 1994 483 2028 ad
509 1997 713 2028 extremum
740 2004 901 2037 quaerere
927 1994 1092 2036 instituit,
1121 1994 1253 2035 fabula,
1287 2005 1395 2038 quam
1423 1996 1542 2027 actam
1569 1993 1671 2027 Clau-

175 2052 233 2086 dio
272 2055 307 2086 et
345 2052 557 2097 Sempronio
596 2064 683 2087 0055.
723 2052 796 2086 13111
835 2056 986 2094 00115131,
1025 2064 1168 2087 annone
1207 2052 1274 2085 514
1312 2063 1359 2086 an
1397 2051 1464 2085 513
1503 2055 1583 2085 acta
1615 2051 1670 2092 511,

175 2122 289 2155 eoque
324 2112 523 2153 deducitur,
563 2115 613 2153 ut,
653 2111 826 2156 quoniam
859 2112 995 2146 Ennius
1028 2116 1134 2146 natus
1166 2112 1274 2146 fuerit
1300 2123 1331 2145 a.
1359 2110 1426 2144 514
1453 2110 1610 2145 Mamilio
1637 2114 1671 2144 et

175 2171 317 2205 Valerio
344 2182 445 2212 coss,
470 2171 500 2205 is
525 2174 647 2205 autem
674 2175 782 2205 natus
808 2168 972 2206 tradatur
997 2183 1093 2206 anno
1111 2174 1192 2216 post
1217 2171 1372 2215 primam
1391 2170 1564 2211 fabulam,
1591 2180 1670 2204 eam

175 2229 302 2264 3.·513
340 2233 459 2264 3013111
497 2233 648 2271 51311131,
687 2241 955 2275 numerumque
993 2231 1029 2264 in
1066 2231 1179 2265 Bruto
1211 2229 1391 2265 Ciceronis
1425 2232 1459 2263 et
1491 2229 1603 2263 alium
1635 2229 1671 2263 in

175 2289 310 2324 Catone
350 2292 484 2326 mutet;
529 2289 650 2333 eique,
695 2300 776 2333 quae
813 2290 903 2324 mihi
940 2301 1049 2324 causa
1085 2289 1258 2324 monendi
1296 2288 1380 2331 fuit,
1424 2288 1672 2323 assentiuntur

174 2348 332 2393 Langius
357 2348 461 2382 Vind.
488 2347 590 2392 Trag.
618 2348 722 2393 Rom.
749 2360 782 2393 p.
801 2348 822 2381 4
849 2352 922 2383 1101.
942 2349 963 2382 5
989 2352 1024 2383 01
1049 2348 1276 2382 Weichertus
1304 2348 1347 2381 de
1373 2347 1491 2381 Laevio
1516 2358 1594 2391 pag.
1614 2346 1669 2380 48.

175 2407 358 2452 Ignoravit
389 2407 506 2450 igitur,
546 2407 608 2450 qui
635 2407 679 2441 de
705 2407 937 2451 chronologia
962 2407 1146 2451 disputare
1184 2407 1308 2447 voluit,
1348 2406 1437 2440 nihil
1469 2406 1562 2440 inter
1594 2406 1671 2440 haec

174 2465 364 2503 interesse3
398 2476 442 2500 ex
467 2466 691 2499 varroniana
716 2466 865 2507 ratione,
895 2477 1006 2510 quam
1031 2466 1172 2500 Atticus
1204 2468 1240 2499 et
1266 2466 1387 2500 Cicero
1413 2465 1669 2508 sequebantur,

176 2536 206 2559 3.
229 2524 297 2558 514
323 2525 402 2559 11105
429 2524 594 2559 0011511105
621 2524 742 2566 fuisse,
770 2536 813 2559 ex
838 2525 910 2565 illa,
937 2525 982 2559 ad
1010 2536 1120 2569 quam
1145 2524 1338 2559 Wetzelius
1364 2523 1469 2558 Ennii
1495 2534 1609 2557 annos
1636 2526 1671 2556 et

175 2584 264 2618 alios
289 2583 504 2625 numeravit,
532 2595 563 2618 a.
591 2582 668 2625 513,
697 2594 883 2628 quumque
909 2584 953 2618 de
979 2584 1187 2618 consulibus
1213 2586 1362 2624 constet,
1389 2594 1463 2617 non
1490 2581 1600 2626 quaeri
1627 2581 1670 2615 de

175 2654 355 2678 annorum
381 2643 596 2678 discrimine.
648 2642 918 2684 Commentarii,
958 2654 1113 2686 quorum
1152 2641 1359 2677 testimonio
1386 2641 1508 2675 Cicero
1545 2640 1669 2681 utitur,

176 2702 246 2744 vix,
273 2705 313 2737 ut
338 2702 505 2737 Osannus
531 2704 645 2746 putat,
678 2701 852 2745 pontificii
878 2701 1035 2739 fuerunt⁷
1065 2712 1156 2745 quos
1182 2704 1257 2735 tam
1284 2699 1470 2734 indefinite
1495 2698 1553 2742 (ex
1577 2700 1670 2732 anti-

176 2762 256 2804 quis
282 2760 419 2805 comm.)
452 2761 651 2806 significare
678 2771 751 2795 non
777 2760 878 2801 solet,
917 2760 979 2794 sed
1004 2759 1125 2804 potius
1150 2759 1439 2803 magistratuum,
1479 2758 1540 2802 qui
1566 2757 1669 2792 ludos

175 2819 341 2854 edebant.
389 2820 441 2854 Ex
466 2820 673 2855 huiusmodi
699 2819 970 2853 commentariis
996 2819 1122 2853 ductas
1147 2819 1275 2862 opinor
1301 2817 1514 2852 didascalias
1539 2816 1669 2850 Teren-

174 2877 302 2912 tianas.

1693 967 1745 992 109
