<?xml version="1.0" encoding="UTF-8"?>
<!DOCTYPE html PUBLIC "-//W3C//DTD XHTML 1.0 Transitional//EN"
    "http://www.w3.org/TR/xhtml1/DTD/xhtml1-transitional.dtd">
<html xmlns="http://www.w3.org/1999/xhtml" xml:lang="en" lang="en">
 <head>
  <title>
</title>
<meta http-equiv="Content-Type" content="text/html;charset=utf-8" />
  <meta name='ocr-system' content='tesseract 3.04.00' />
  <meta name='ocr-capabilities' content='ocr_page ocr_carea ocr_par ocr_line ocrx_word'/>
</head>
<body>
  <div class='ocr_page' id='page_1' title='image "./ionicolaimadvigi00madvuoft_0646.png"; bbox 0 0 1915 3235; ppageno 0'>
   <div class='ocr_carea' id='block_1_1' title="bbox 982 150 1068 191">
    <p class='ocr_par' dir='ltr' id='par_1_1' title="bbox 982 150 1068 191">
     <span class='ocr_line' id='line_1_1' title="bbox 982 150 1068 191; baseline 0 0"><span class='ocrx_word' id='word_1_1' title='bbox 982 150 1068 191; x_wconf 81' lang='lat'>622</span> 
     </span>
    </p>
   </div>
   <div class='ocr_carea' id='block_1_2' title="bbox 149 278 1826 2606">
    <p class='ocr_par' dir='ltr' id='par_1_2' title="bbox 224 278 1823 615">
     <span class='ocr_line' id='line_1_2' title="bbox 226 278 1820 332; baseline 0.001 -12"><span class='ocrx_word' id='word_1_2' title='bbox 226 279 326 326; x_wconf 81' lang='lat' dir='ltr'>Erf.,</span> <span class='ocrx_word' id='word_1_3' title='bbox 376 282 588 332; x_wconf 73' lang='lat' dir='ltr'>praeterea</span> <span class='ocrx_word' id='word_1_4' title='bbox 633 279 718 321; x_wconf 89' lang='lat' dir='ltr'>duo</span> <span class='ocrx_word' id='word_1_5' title='bbox 761 279 1040 328; x_wconf 85' lang='lat' dir='ltr'>Dresdenses,</span> <span class='ocrx_word' id='word_1_6' title='bbox 1086 278 1174 332; x_wconf 87' lang='lat' dir='ltr'>alii)</span> <span class='ocrx_word' id='word_1_7' title='bbox 1217 279 1400 322; x_wconf 87' lang='lat' dir='ltr'>habent:</span> <span class='ocrx_word' id='word_1_8' title='bbox 1449 285 1494 321; x_wconf 85' lang='lat' dir='ltr'>ut</span> <span class='ocrx_word' id='word_1_9' title='bbox 1533 285 1569 321; x_wconf 90' lang='lat' dir='ltr'>et</span> <span class='ocrx_word' id='word_1_10' title='bbox 1608 280 1820 331; x_wconf 83' lang='lat' dir='ltr'>Solonem;</span> 
     </span>
     <span class='ocr_line' id='line_1_3' title="bbox 225 350 1821 403; baseline 0.002 -13"><span class='ocrx_word' id='word_1_11' title='bbox 225 350 370 403; x_wconf 84' lang='lat' dir='ltr'>itaque</span> <span class='ocrx_word' id='word_1_12' title='bbox 404 364 490 392; x_wconf 90' lang='lat' dir='ltr'>non</span> <span class='ocrx_word' id='word_1_13' title='bbox 523 355 559 391; x_wconf 90' lang='lat' dir='ltr'>et</span> <span class='ocrx_word' id='word_1_14' title='bbox 589 350 842 400; x_wconf 90' lang='lat' dir='ltr'>tollendum,</span> <span class='ocrx_word' id='word_1_15' title='bbox 877 350 968 400; x_wconf 90' lang='lat' dir='ltr'>sed,</span> <span class='ocrx_word' id='word_1_16' title='bbox 1003 351 1139 392; x_wconf 85' lang='lat' dir='ltr'>altero</span> <span class='ocrx_word' id='word_1_17' title='bbox 1172 355 1217 391; x_wconf 84' lang='lat' dir='ltr'>ut</span> <span class='ocrx_word' id='word_1_18' title='bbox 1247 350 1291 391; x_wconf 94' lang='lat' dir='ltr'>in</span> <span class='ocrx_word' id='word_1_19' title='bbox 1320 355 1355 391; x_wconf 90' lang='lat' dir='ltr'>et</span> <span class='ocrx_word' id='word_1_20' title='bbox 1378 353 1560 402; x_wconf 84' lang='lat' dir='ltr'>mutato,</span> <span class='ocrx_word' id='word_1_21' title='bbox 1592 352 1821 394; x_wconf 87' lang='lat' dir='ltr'>vincienda</span> 
     </span>
     <span class='ocr_line' id='line_1_4' title="bbox 225 420 1822 476; baseline 0.002 -15"><span class='ocrx_word' id='word_1_22' title='bbox 225 420 362 462; x_wconf 84' lang='lat' dir='ltr'>oratio</span> <span class='ocrx_word' id='word_1_23' title='bbox 395 423 488 462; x_wconf 88' lang='lat' dir='ltr'>erat</span> <span class='ocrx_word' id='word_1_24' title='bbox 521 420 582 473; x_wconf 86' lang='lat' dir='ltr'>(ut</span> <span class='ocrx_word' id='word_1_25' title='bbox 614 426 650 462; x_wconf 90' lang='lat' dir='ltr'>et</span> <span class='ocrx_word' id='word_1_26' title='bbox 681 420 870 462; x_wconf 81' lang='lat' dir='ltr'>Solonem</span> <span class='ocrx_word' id='word_1_27' title='bbox 902 421 1087 463; x_wconf 81' lang='lat' dir='ltr'>versibus</span> <span class='ocrx_word' id='word_1_28' title='bbox 1116 422 1366 476; x_wconf 65' lang='lat' dir='ltr'>oloriantem</span> <span class='ocrx_word' id='word_1_29' title='bbox 1397 421 1585 464; x_wconf 77' lang='lat' dir='ltr'>videmus</span> <span class='ocrx_word' id='word_1_30' title='bbox 1619 446 1670 450; x_wconf 97' lang='lat'><strong>—</strong></span> <span class='ocrx_word' id='word_1_31' title='bbox 1697 445 1752 452; x_wconf 82' lang='lat'>—</span> <span class='ocrx_word' id='word_1_32' title='bbox 1785 427 1822 464; x_wconf 90' lang='lat' dir='ltr'>et</span> 
     </span>
     <span class='ocr_line' id='line_1_5' title="bbox 226 490 1823 547; baseline 0.003 -16"><span class='ocrx_word' id='word_1_33' title='bbox 226 505 294 546; x_wconf 65' lang='lat' dir='ltr'>eqo</span> <span class='ocrx_word' id='word_1_34' title='bbox 324 490 448 545; x_wconf 81' lang='lat' dir='ltr'>feei);</span> <span class='ocrx_word' id='word_1_35' title='bbox 480 504 621 545; x_wconf 88' lang='lat' dir='ltr'>neque</span> <span class='ocrx_word' id='word_1_36' title='bbox 655 493 770 533; x_wconf 89' lang='lat' dir='ltr'>enim</span> <span class='ocrx_word' id='word_1_37' title='bbox 802 493 845 533; x_wconf 91' lang='lat' dir='ltr'>in</span> <span class='ocrx_word' id='word_1_38' title='bbox 866 492 949 533; x_wconf 88' lang='lat' dir='ltr'>hac</span> <span class='ocrx_word' id='word_1_39' title='bbox 971 492 1184 534; x_wconf 83' lang='lat' dir='ltr'>brevitate</span> <span class='ocrx_word' id='word_1_40' title='bbox 1208 495 1251 535; x_wconf 89' lang='lat' dir='ltr'>et</span> <span class='ocrx_word' id='word_1_41' title='bbox 1272 493 1424 535; x_wconf 88' lang='lat' dir='ltr'>sedato</span> <span class='ocrx_word' id='word_1_42' title='bbox 1447 506 1574 534; x_wconf 89' lang='lat' dir='ltr'>cursu</span> <span class='ocrx_word' id='word_1_43' title='bbox 1597 495 1823 547; x_wconf 79' lang='lat' dir='ltr'>anaphora</span> 
     </span>
     <span class='ocr_line' id='line_1_6' title="bbox 224 562 612 615; baseline -0.003 -11"><span class='ocrx_word' id='word_1_44' title='bbox 224 562 395 615; x_wconf 86' lang='lat' dir='ltr'>placere</span> <span class='ocrx_word' id='word_1_45' title='bbox 427 564 612 615; x_wconf 84' lang='lat' dir='ltr'>poterat.</span> 
     </span>
    </p>

    <p class='ocr_par' dir='ltr' id='par_1_3' title="bbox 343 633 1823 690">
     <span class='ocr_line' id='line_1_7' title="bbox 343 633 1823 690; baseline 0.001 -16"><span class='ocrx_word' id='word_1_46' title='bbox 343 633 388 675; x_wconf 90' lang='lat' dir='ltr'>C.</span> <span class='ocrx_word' id='word_1_47' title='bbox 417 633 484 683; x_wconf 84' lang='lat'>10,</span> <span class='ocrx_word' id='word_1_48' title='bbox 518 633 571 674; x_wconf 86' lang='lat'>31</span> <span class='ocrx_word' id='word_1_49' title='bbox 607 634 816 674; x_wconf 89' lang='lat' dir='ltr'>hactenus</span> <span class='ocrx_word' id='word_1_50' title='bbox 849 634 1057 687; x_wconf 87' lang='lat' dir='ltr'>scriptum</span> <span class='ocrx_word' id='word_1_51' title='bbox 1083 635 1182 676; x_wconf 83' lang='lat' dir='ltr'>fuit:</span> <span class='ocrx_word' id='word_1_52' title='bbox 1214 648 1421 690; x_wconf 77' lang='lat' dir='ltr'>nusquam</span> <span class='ocrx_word' id='word_1_53' title='bbox 1445 640 1571 689; x_wconf 84' lang='lat' dir='ltr'>optat,</span> <span class='ocrx_word' id='word_1_54' title='bbox 1604 640 1649 676; x_wconf 85' lang='lat' dir='ltr'>ut</span> <span class='ocrx_word' id='word_1_55' title='bbox 1673 635 1823 677; x_wconf 81' lang='lat' dir='ltr'><strong><em>Aiacis</em></strong></span> 
     </span>
    </p>

    <p class='ocr_par' dir='ltr' id='par_1_4' title="bbox 153 704 1825 1611">
     <span class='ocr_line' id='line_1_8' title="bbox 153 704 1822 761; baseline 0.001 -16"><span class='ocrx_word' id='word_1_56' title='bbox 153 714 204 739; x_wconf 75' lang='lat'>2⁷³</span> <span class='ocrx_word' id='word_1_57' title='bbox 223 705 379 745; x_wconf 79' lang='lat' dir='ltr'>similes</span> <span class='ocrx_word' id='word_1_58' title='bbox 410 704 561 745; x_wconf 78' lang='lat' dir='ltr'>habeat</span> <span class='ocrx_word' id='word_1_59' title='bbox 592 704 742 757; x_wconf 78' lang='lat' dir='ltr'>decem,</span> <span class='ocrx_word' id='word_1_60' title='bbox 777 709 821 746; x_wconf 91' lang='lat' dir='ltr'>at</span> <span class='ocrx_word' id='word_1_61' title='bbox 851 710 896 746; x_wconf 78' lang='lat' dir='ltr'>ut</span> <span class='ocrx_word' id='word_1_62' title='bbox 929 705 1139 747; x_wconf 73' lang='lat' dir='ltr'><em>Nestoris:</em></span> <span class='ocrx_word' id='word_1_63' title='bbox 1179 706 1287 761; x_wconf 74' lang='lat' dir='ltr'>quod</span> <span class='ocrx_word' id='word_1_64' title='bbox 1318 707 1356 747; x_wconf 88' lang='lat' dir='ltr'>si</span> <span class='ocrx_word' id='word_1_65' title='bbox 1388 706 1600 759; x_wconf 80' lang='lat' dir='ltr'>acciderit,</span> <span class='ocrx_word' id='word_1_66' title='bbox 1632 720 1715 747; x_wconf 91' lang='lat' dir='ltr'>non</span> <span class='ocrx_word' id='word_1_67' title='bbox 1746 706 1822 747; x_wconf 81' lang='lat' dir='ltr'>du-</span> 
     </span>
     <span class='ocr_line' id='line_1_9' title="bbox 224 775 1821 831; baseline 0.002 -15"><span class='ocrx_word' id='word_1_68' title='bbox 224 775 345 829; x_wconf 78' lang='lat' dir='ltr'>bitat,</span> <span class='ocrx_word' id='word_1_69' title='bbox 394 776 496 831; x_wconf 73' lang='lat' dir='ltr'>quin</span> <span class='ocrx_word' id='word_1_70' title='bbox 542 775 656 817; x_wconf 79' lang='lat' dir='ltr'>brevi</span> <span class='ocrx_word' id='word_1_71' title='bbox 701 777 755 817; x_wconf 88' lang='lat' dir='ltr'>sit</span> <span class='ocrx_word' id='word_1_72' title='bbox 807 775 938 817; x_wconf 87' lang='lat' dir='ltr'>Troia</span> <span class='ocrx_word' id='word_1_73' title='bbox 977 778 1190 830; x_wconf 86' lang='lat' dir='ltr'>peritura.</span> <span class='ocrx_word' id='word_1_74' title='bbox 1270 777 1333 819; x_wconf 83' lang='lat' dir='ltr'>Ex</span> <span class='ocrx_word' id='word_1_75' title='bbox 1381 777 1554 830; x_wconf 89' lang='lat' dir='ltr'>optimis</span> <span class='ocrx_word' id='word_1_76' title='bbox 1602 777 1821 819; x_wconf 78' lang='lat' dir='ltr'>codicibus</span> 
     </span>
     <span class='ocr_line' id='line_1_10' title="bbox 224 846 1819 902; baseline 0.001 -14"><span class='ocrx_word' id='word_1_77' title='bbox 224 847 413 889; x_wconf 83' lang='lat' dir='ltr'>Klotzius</span> <span class='ocrx_word' id='word_1_78' title='bbox 447 847 598 888; x_wconf 90' lang='lat' dir='ltr'>edidit:</span> <span class='ocrx_word' id='word_1_79' title='bbox 632 847 669 887; x_wconf 85' lang='lat' dir='ltr'>si</span> <span class='ocrx_word' id='word_1_80' title='bbox 700 846 780 887; x_wconf 80' lang='lat' dir='ltr'>sibi</span> <span class='ocrx_word' id='word_1_81' title='bbox 813 847 1030 897; x_wconf 75' lang='lat' dir='ltr'>acciderit3</span> <span class='ocrx_word' id='word_1_82' title='bbox 1068 848 1229 889; x_wconf 77' lang='lat' dir='ltr'>residet</span> <span class='ocrx_word' id='word_1_83' title='bbox 1260 848 1411 889; x_wconf 85' lang='lat' dir='ltr'>vitium</span> <span class='ocrx_word' id='word_1_84' title='bbox 1445 848 1488 889; x_wconf 90' lang='lat' dir='ltr'>in</span> <span class='ocrx_word' id='word_1_85' title='bbox 1521 853 1576 897; x_wconf 86' lang='lat' dir='ltr'>at,</span> <span class='ocrx_word' id='word_1_86' title='bbox 1610 862 1688 902; x_wconf 86' lang='lat' dir='ltr'>pro</span> <span class='ocrx_word' id='word_1_87' title='bbox 1721 862 1819 901; x_wconf 86' lang='lat' dir='ltr'>quo,</span> 
     </span>
     <span class='ocr_line' id='line_1_11' title="bbox 223 918 1820 972; baseline 0 -12"><span class='ocrx_word' id='word_1_88' title='bbox 223 919 497 972; x_wconf 82' lang='lat' dir='ltr'>praecedente</span> <span class='ocrx_word' id='word_1_89' title='bbox 528 918 770 972; x_wconf 81' lang='lat' dir='ltr'>negatione,</span> <span class='ocrx_word' id='word_1_90' title='bbox 812 918 880 959; x_wconf 89' lang='lat' dir='ltr'>cui</span> <span class='ocrx_word' id='word_1_91' title='bbox 913 919 1129 960; x_wconf 85' lang='lat' dir='ltr'>contraria</span> <span class='ocrx_word' id='word_1_92' title='bbox 1160 918 1385 961; x_wconf 88' lang='lat' dir='ltr'>subiicitur</span> <span class='ocrx_word' id='word_1_93' title='bbox 1418 919 1667 970; x_wconf 84' lang='lat' dir='ltr'>affirmatio,</span> <span class='ocrx_word' id='word_1_94' title='bbox 1718 932 1820 961; x_wconf 91' lang='lat' dir='ltr'>con-</span> 
     </span>
     <span class='ocr_line' id='line_1_12' title="bbox 223 990 1822 1044; baseline 0.001 -14"><span class='ocrx_word' id='word_1_95' title='bbox 223 993 343 1032; x_wconf 83' lang='lat' dir='ltr'>stans</span> <span class='ocrx_word' id='word_1_96' title='bbox 377 990 593 1032; x_wconf 81' lang='lat' dir='ltr'>Ciceronis</span> <span class='ocrx_word' id='word_1_97' title='bbox 632 1003 734 1031; x_wconf 90' lang='lat' dir='ltr'>usus</span> <span class='ocrx_word' id='word_1_98' title='bbox 774 990 966 1042; x_wconf 86' lang='lat' dir='ltr'>postulat</span> <span class='ocrx_word' id='word_1_99' title='bbox 1005 990 1089 1031; x_wconf 83' lang='lat' dir='ltr'>sed.</span> <span class='ocrx_word' id='word_1_100' title='bbox 1152 991 1243 1032; x_wconf 91' lang='lat' dir='ltr'>Iam</span> <span class='ocrx_word' id='word_1_101' title='bbox 1286 990 1329 1031; x_wconf 91' lang='lat' dir='ltr'>in</span> <span class='ocrx_word' id='word_1_102' title='bbox 1373 990 1518 1031; x_wconf 90' lang='lat' dir='ltr'>codice</span> <span class='ocrx_word' id='word_1_103' title='bbox 1560 990 1678 1044; x_wconf 88' lang='lat' dir='ltr'>regio</span> <span class='ocrx_word' id='word_1_104' title='bbox 1720 990 1822 1032; x_wconf 88' lang='lat' dir='ltr'>scri-</span> 
     </span>
     <span class='ocr_line' id='line_1_13' title="bbox 224 1059 1823 1116; baseline 0 -14"><span class='ocrx_word' id='word_1_105' title='bbox 224 1061 358 1102; x_wconf 80' lang='lat' dir='ltr'>bitur:</span> <span class='ocrx_word' id='word_1_106' title='bbox 407 1060 479 1102; x_wconf 79' lang='lat' dir='ltr'>sed</span> <span class='ocrx_word' id='word_1_107' title='bbox 517 1074 588 1102; x_wconf 74' lang='lat' dir='ltr'>sex</span> <span class='ocrx_word' id='word_1_108' title='bbox 628 1059 829 1113; x_wconf 75' lang='lat' dir='ltr'>Nestoris,</span> <span class='ocrx_word' id='word_1_109' title='bbox 878 1060 987 1116; x_wconf 74' lang='lat' dir='ltr'>quod</span> <span class='ocrx_word' id='word_1_110' title='bbox 1024 1062 1062 1102; x_wconf 86' lang='lat' dir='ltr'>si</span> <span class='ocrx_word' id='word_1_111' title='bbox 1092 1061 1173 1102; x_wconf 81' lang='lat' dir='ltr'>sibi</span> <span class='ocrx_word' id='word_1_112' title='bbox 1205 1061 1418 1113; x_wconf 79' lang='lat' dir='ltr'>acciderit,</span> <span class='ocrx_word' id='word_1_113' title='bbox 1466 1061 1615 1102; x_wconf 74' lang='lat' dir='ltr'>Aiacis</span> <span class='ocrx_word' id='word_1_114' title='bbox 1646 1061 1823 1102; x_wconf 77' lang='lat' dir='ltr'>similem</span> 
     </span>
     <span class='ocr_line' id='line_1_14' title="bbox 224 1131 1824 1185; baseline 0.001 -13"><span class='ocrx_word' id='word_1_115' title='bbox 224 1132 370 1173; x_wconf 78' lang='lat' dir='ltr'>babeat</span> <span class='ocrx_word' id='word_1_116' title='bbox 401 1131 559 1184; x_wconf 82' lang='lat' dir='ltr'>ducem,</span> <span class='ocrx_word' id='word_1_117' title='bbox 609 1136 652 1172; x_wconf 90' lang='lat' dir='ltr'>at</span> <span class='ocrx_word' id='word_1_118' title='bbox 689 1136 734 1172; x_wconf 85' lang='lat' dir='ltr'>ut</span> <span class='ocrx_word' id='word_1_119' title='bbox 774 1131 977 1185; x_wconf 75' lang='lat' dir='ltr'>Nestoris,</span> <span class='ocrx_word' id='word_1_120' title='bbox 1024 1146 1106 1173; x_wconf 86' lang='lat' dir='ltr'>non</span> <span class='ocrx_word' id='word_1_121' title='bbox 1139 1134 1218 1174; x_wconf 89' lang='lat' dir='ltr'>cet.</span> <span class='ocrx_word' id='word_1_122' title='bbox 1282 1132 1434 1174; x_wconf 87' lang='lat' dir='ltr'>Facilis</span> <span class='ocrx_word' id='word_1_123' title='bbox 1474 1132 1602 1185; x_wconf 86' lang='lat' dir='ltr'>igitur</span> <span class='ocrx_word' id='word_1_124' title='bbox 1640 1133 1730 1173; x_wconf 85' lang='lat' dir='ltr'>Veri</span> <span class='ocrx_word' id='word_1_125' title='bbox 1761 1131 1824 1173; x_wconf 92' lang='lat' dir='ltr'>in-</span> 
     </span>
     <span class='ocr_line' id='line_1_15' title="bbox 224 1202 1824 1256; baseline 0 -12"><span class='ocrx_word' id='word_1_126' title='bbox 224 1203 366 1244; x_wconf 79' lang='lat' dir='ltr'>ventio</span> <span class='ocrx_word' id='word_1_127' title='bbox 400 1205 485 1251; x_wconf 87' lang='lat' dir='ltr'>est;</span> <span class='ocrx_word' id='word_1_128' title='bbox 533 1216 636 1244; x_wconf 88' lang='lat' dir='ltr'>nam</span> <span class='ocrx_word' id='word_1_129' title='bbox 676 1215 748 1243; x_wconf 86' lang='lat' dir='ltr'>SED</span> <span class='ocrx_word' id='word_1_130' title='bbox 788 1216 827 1243; x_wconf 81' lang='lat' dir='ltr'>vi</span> <span class='ocrx_word' id='word_1_131' title='bbox 859 1203 1061 1244; x_wconf 73' lang='lat' dir='ltr'>anroffls</span> <span class='ocrx_word' id='word_1_132' title='bbox 1102 1202 1235 1256; x_wconf 89' lang='lat' dir='ltr'>(quod</span> <span class='ocrx_word' id='word_1_133' title='bbox 1275 1204 1406 1245; x_wconf 87' lang='lat' dir='ltr'>etiam</span> <span class='ocrx_word' id='word_1_134' title='bbox 1445 1203 1489 1244; x_wconf 91' lang='lat' dir='ltr'>in</span> <span class='ocrx_word' id='word_1_135' title='bbox 1519 1203 1748 1245; x_wconf 85' lang='lat' dir='ltr'>Pithoeano</span> <span class='ocrx_word' id='word_1_136' title='bbox 1781 1204 1824 1244; x_wconf 89' lang='lat' dir='ltr'>et</span> 
     </span>
     <span class='ocr_line' id='line_1_16' title="bbox 222 1273 1825 1327; baseline 0 -12"><span class='ocrx_word' id='word_1_137' title='bbox 222 1274 478 1316; x_wconf 84' lang='lat' dir='ltr'>Haeneliano</span> <span class='ocrx_word' id='word_1_138' title='bbox 512 1273 594 1327; x_wconf 91' lang='lat' dir='ltr'>est)</span> <span class='ocrx_word' id='word_1_139' title='bbox 626 1273 834 1327; x_wconf 88' lang='lat' dir='ltr'>scriptum</span> <span class='ocrx_word' id='word_1_140' title='bbox 869 1275 931 1314; x_wconf 88' lang='lat' dir='ltr'>est</span> <span class='ocrx_word' id='word_1_141' title='bbox 965 1287 1064 1327; x_wconf 90' lang='lat' dir='ltr'>pro:</span> <span class='ocrx_word' id='word_1_142' title='bbox 1099 1287 1169 1315; x_wconf 81' lang='lat' dir='ltr'>SED</span> <span class='ocrx_word' id='word_1_143' title='bbox 1202 1288 1252 1315; x_wconf 88' lang='lat' dir='ltr'>UT</span> <span class='ocrx_word' id='word_1_144' title='bbox 1283 1288 1483 1324; x_wconf 79' lang='lat' dir='ltr'>NEsroms,</span> <span class='ocrx_word' id='word_1_145' title='bbox 1518 1273 1705 1315; x_wconf 87' lang='lat' dir='ltr'>confusis</span> <span class='ocrx_word' id='word_1_146' title='bbox 1736 1283 1749 1314; x_wconf 88' lang='lat'><em>1</em></span> <span class='ocrx_word' id='word_1_147' title='bbox 1781 1275 1825 1315; x_wconf 84' lang='lat' dir='ltr'>et</span> 
     </span>
     <span class='ocr_line' id='line_1_17' title="bbox 224 1344 1824 1398; baseline 0 -12"><span class='ocrx_word' id='word_1_148' title='bbox 224 1358 267 1394; x_wconf 77' lang='lat' dir='ltr'>T3</span> <span class='ocrx_word' id='word_1_149' title='bbox 307 1347 399 1386; x_wconf 90' lang='lat' dir='ltr'>tum</span> <span class='ocrx_word' id='word_1_150' title='bbox 432 1358 472 1385; x_wconf 87' lang='lat' dir='ltr'>Vl</span> <span class='ocrx_word' id='word_1_151' title='bbox 506 1347 732 1398; x_wconf 85' lang='lat' dir='ltr'>acceptum</span> <span class='ocrx_word' id='word_1_152' title='bbox 765 1358 844 1398; x_wconf 91' lang='lat' dir='ltr'>pro</span> <span class='ocrx_word' id='word_1_153' title='bbox 876 1358 1077 1394; x_wconf 84' lang='lat' dir='ltr'>numero;</span> <span class='ocrx_word' id='word_1_154' title='bbox 1117 1345 1300 1387; x_wconf 86' lang='lat' dir='ltr'>accessit</span> <span class='ocrx_word' id='word_1_155' title='bbox 1332 1348 1559 1394; x_wconf 90' lang='lat' dir='ltr'>corrector,</span> <span class='ocrx_word' id='word_1_156' title='bbox 1600 1344 1673 1398; x_wconf 85' lang='lat' dir='ltr'>qui</span> <span class='ocrx_word' id='word_1_157' title='bbox 1705 1349 1749 1386; x_wconf 87' lang='lat' dir='ltr'>at</span> <span class='ocrx_word' id='word_1_158' title='bbox 1778 1349 1824 1386; x_wconf 86' lang='lat' dir='ltr'>ut</span> 
     </span>
     <span class='ocr_line' id='line_1_18' title="bbox 223 1415 1823 1470; baseline -0.001 -13"><span class='ocrx_word' id='word_1_159' title='bbox 223 1416 463 1469; x_wconf 79' lang='lat' dir='ltr'>supposuit,</span> <span class='ocrx_word' id='word_1_160' title='bbox 498 1416 613 1469; x_wconf 85' lang='lat' dir='ltr'>quod</span> <span class='ocrx_word' id='word_1_161' title='bbox 645 1416 688 1457; x_wconf 91' lang='lat' dir='ltr'>in</span> <span class='ocrx_word' id='word_1_162' title='bbox 721 1415 837 1469; x_wconf 88' lang='lat' dir='ltr'>regio</span> <span class='ocrx_word' id='word_1_163' title='bbox 871 1428 969 1456; x_wconf 88' lang='lat' dir='ltr'>cum</span> <span class='ocrx_word' id='word_1_164' title='bbox 1002 1415 1087 1456; x_wconf 87' lang='lat' dir='ltr'>alia</span> <span class='ocrx_word' id='word_1_165' title='bbox 1118 1415 1449 1470; x_wconf 78' lang='lat' dir='ltr'>interpolatione</span> <span class='ocrx_word' id='word_1_166' title='bbox 1482 1429 1534 1458; x_wconf 82' lang='lat' dir='ltr'>ex</span> <span class='ocrx_word' id='word_1_167' title='bbox 1560 1415 1754 1469; x_wconf 79' lang='lat' dir='ltr'>margine</span> <span class='ocrx_word' id='word_1_168' title='bbox 1778 1415 1823 1457; x_wconf 90' lang='lat' dir='ltr'>in</span> 
     </span>
     <span class='ocr_line' id='line_1_19' title="bbox 223 1486 1821 1540; baseline 0 -12"><span class='ocrx_word' id='word_1_169' title='bbox 223 1487 462 1528; x_wconf 83' lang='lat' dir='ltr'>orationem</span> <span class='ocrx_word' id='word_1_170' title='bbox 494 1490 719 1540; x_wconf 90' lang='lat' dir='ltr'>receptum</span> <span class='ocrx_word' id='word_1_171' title='bbox 764 1489 829 1528; x_wconf 88' lang='lat' dir='ltr'>est</span> <span class='ocrx_word' id='word_1_172' title='bbox 861 1487 954 1528; x_wconf 91' lang='lat' dir='ltr'>loco</span> <span class='ocrx_word' id='word_1_173' title='bbox 993 1499 1080 1528; x_wconf 90' lang='lat' dir='ltr'>non</span> <span class='ocrx_word' id='word_1_174' title='bbox 1112 1500 1204 1528; x_wconf 90' lang='lat' dir='ltr'>suo.</span> <span class='ocrx_word' id='word_1_175' title='bbox 1267 1486 1380 1528; x_wconf 91' lang='lat' dir='ltr'>Hinc</span> <span class='ocrx_word' id='word_1_176' title='bbox 1410 1487 1588 1540; x_wconf 79' lang='lat' dir='ltr'>reliquae</span> <span class='ocrx_word' id='word_1_177' title='bbox 1623 1487 1821 1529; x_wconf 91' lang='lat' dir='ltr'>codicum</span> 
     </span>
     <span class='ocr_line' id='line_1_20' title="bbox 222 1555 695 1611; baseline 0 -12"><span class='ocrx_word' id='word_1_178' title='bbox 222 1558 362 1599; x_wconf 82' lang='lat' dir='ltr'>turbae</span> <span class='ocrx_word' id='word_1_179' title='bbox 395 1560 502 1599; x_wconf 85' lang='lat' dir='ltr'>ortae</span> <span class='ocrx_word' id='word_1_180' title='bbox 534 1561 647 1600; x_wconf 91' lang='lat' dir='ltr'>sunt.</span> <span class='ocrx_word' id='word_1_181' title='bbox 662 1555 695 1611; x_wconf 89' lang='lat' dir='ltr'>l)</span> 
     </span>
    </p>

    <p class='ocr_par' dir='ltr' id='par_1_5' title="bbox 220 1628 1826 2464">
     <span class='ocr_line' id='line_1_21' title="bbox 343 1628 1825 1684; baseline 0 -14"><span class='ocrx_word' id='word_1_182' title='bbox 343 1629 387 1670; x_wconf 90' lang='lat' dir='ltr'>C.</span> <span class='ocrx_word' id='word_1_183' title='bbox 424 1629 491 1680; x_wconf 79' lang='lat'>12,</span> <span class='ocrx_word' id='word_1_184' title='bbox 525 1629 582 1670; x_wconf 77' lang='lat'>42</span> <span class='ocrx_word' id='word_1_185' title='bbox 614 1629 715 1670; x_wconf 89' lang='lat' dir='ltr'>olim</span> <span class='ocrx_word' id='word_1_186' title='bbox 750 1628 982 1670; x_wconf 76' lang='lat' dir='ltr'>edebatur:</span> <span class='ocrx_word' id='word_1_187' title='bbox 1035 1628 1218 1680; x_wconf 72' lang='lat' dir='ltr'>Quorsus</span> <span class='ocrx_word' id='word_1_188' title='bbox 1249 1628 1368 1669; x_wconf 72' lang='lat' dir='ltr'>liaeo?</span> <span class='ocrx_word' id='word_1_189' title='bbox 1413 1629 1465 1670; x_wconf 90' lang='lat' dir='ltr'>Ut</span> <span class='ocrx_word' id='word_1_190' title='bbox 1495 1629 1753 1684; x_wconf 69' lang='lat' dir='ltr'>intelliyatis,</span> <span class='ocrx_word' id='word_1_191' title='bbox 1786 1629 1825 1670; x_wconf 88' lang='lat' dir='ltr'>si</span> 
     </span>
     <span class='ocr_line' id='line_1_22' title="bbox 223 1700 1826 1755; baseline 0 -14"><span class='ocrx_word' id='word_1_192' title='bbox 223 1700 471 1754; x_wconf 62' lang='lat' dir='ltr'>voluptatem</span> <span class='ocrx_word' id='word_1_193' title='bbox 505 1701 731 1754; x_wconf 85' lang='lat' dir='ltr'>aspernari</span> <span class='ocrx_word' id='word_1_194' title='bbox 764 1701 935 1742; x_wconf 84' lang='lat' dir='ltr'>ratione</span> <span class='ocrx_word' id='word_1_195' title='bbox 968 1704 1003 1740; x_wconf 89' lang='lat' dir='ltr'>et</span> <span class='ocrx_word' id='word_1_196' title='bbox 1034 1700 1243 1753; x_wconf 71' lang='lat' dir='ltr'>sapientia</span> <span class='ocrx_word' id='word_1_197' title='bbox 1266 1713 1349 1740; x_wconf 84' lang='lat' dir='ltr'>non</span> <span class='ocrx_word' id='word_1_198' title='bbox 1364 1713 1593 1754; x_wconf 73' lang='lat' dir='ltr'>possemus,</span> <span class='ocrx_word' id='word_1_199' title='bbox 1626 1713 1826 1755; x_wconf 69' lang='lat' dir='ltr'>maynam</span> 
     </span>
     <span class='ocr_line' id='line_1_23' title="bbox 222 1770 1825 1826; baseline 0.001 -15"><span class='ocrx_word' id='word_1_200' title='bbox 222 1771 459 1813; x_wconf 78' lang='lat' dir='ltr'>habendam</span> <span class='ocrx_word' id='word_1_201' title='bbox 505 1772 701 1812; x_wconf 73' lang='lat' dir='ltr'>senectuti</span> <span class='ocrx_word' id='word_1_202' title='bbox 745 1772 947 1826; x_wconf 66' lang='lat' dir='ltr'>qratiam,</span> <span class='ocrx_word' id='word_1_203' title='bbox 996 1785 1087 1826; x_wconf 71' lang='lat' dir='ltr'>quse</span> <span class='ocrx_word' id='word_1_204' title='bbox 1134 1770 1326 1824; x_wconf 78' lang='lat' dir='ltr'>efficeret,</span> <span class='ocrx_word' id='word_1_205' title='bbox 1373 1775 1418 1812; x_wconf 81' lang='lat' dir='ltr'>ut</span> <span class='ocrx_word' id='word_1_206' title='bbox 1463 1771 1510 1811; x_wconf 81' lang='lat' dir='ltr'>id</span> <span class='ocrx_word' id='word_1_207' title='bbox 1546 1785 1629 1812; x_wconf 92' lang='lat' dir='ltr'>non</span> <span class='ocrx_word' id='word_1_208' title='bbox 1668 1771 1825 1824; x_wconf 79' lang='lat' dir='ltr'>liberet,</span> 
     </span>
     <span class='ocr_line' id='line_1_24' title="bbox 223 1841 1822 1896; baseline 0.002 -15"><span class='ocrx_word' id='word_1_209' title='bbox 223 1841 331 1896; x_wconf 74' lang='lat' dir='ltr'>quod</span> <span class='ocrx_word' id='word_1_210' title='bbox 362 1855 445 1883; x_wconf 86' lang='lat' dir='ltr'>non</span> <span class='ocrx_word' id='word_1_211' title='bbox 475 1845 691 1896; x_wconf 76' lang='lat' dir='ltr'>oporteret.</span> <span class='ocrx_word' id='word_1_212' title='bbox 755 1842 1036 1884; x_wconf 83' lang='lat' dir='ltr'>Gernhardus</span> <span class='ocrx_word' id='word_1_213' title='bbox 1069 1842 1202 1883; x_wconf 89' lang='lat' dir='ltr'>edidit</span> <span class='ocrx_word' id='word_1_214' title='bbox 1241 1841 1432 1895; x_wconf 82' lang='lat' dir='ltr'>effecerit,</span> <span class='ocrx_word' id='word_1_215' title='bbox 1483 1843 1599 1896; x_wconf 90' lang='lat' dir='ltr'>quod</span> <span class='ocrx_word' id='word_1_216' title='bbox 1637 1842 1822 1884; x_wconf 86' lang='lat' dir='ltr'>Orellius</span> 
     </span>
     <span class='ocr_line' id='line_1_25' title="bbox 223 1913 1821 1966; baseline 0 -13"><span class='ocrx_word' id='word_1_217' title='bbox 223 1913 366 1954; x_wconf 89' lang='lat' dir='ltr'>nescio</span> <span class='ocrx_word' id='word_1_218' title='bbox 414 1926 499 1966; x_wconf 86' lang='lat' dir='ltr'>quo</span> <span class='ocrx_word' id='word_1_219' title='bbox 548 1926 691 1955; x_wconf 89' lang='lat' dir='ltr'>errore</span> <span class='ocrx_word' id='word_1_220' title='bbox 738 1914 783 1955; x_wconf 92' lang='lat' dir='ltr'>in</span> <span class='ocrx_word' id='word_1_221' title='bbox 830 1914 1091 1955; x_wconf 85' lang='lat' dir='ltr'>editionibus</span> <span class='ocrx_word' id='word_1_222' title='bbox 1139 1915 1182 1954; x_wconf 91' lang='lat' dir='ltr'>et</span> <span class='ocrx_word' id='word_1_223' title='bbox 1229 1913 1448 1955; x_wconf 82' lang='lat' dir='ltr'>codicibus</span> <span class='ocrx_word' id='word_1_224' title='bbox 1496 1926 1591 1955; x_wconf 88' lang='lat' dir='ltr'>esse</span> <span class='ocrx_word' id='word_1_225' title='bbox 1638 1913 1821 1966; x_wconf 82' lang='lat' dir='ltr'>putavit,</span> 
     </span>
     <span class='ocr_line' id='line_1_26' title="bbox 224 1984 1822 2036; baseline 0.001 -12"><span class='ocrx_word' id='word_1_226' title='bbox 224 1997 356 2036; x_wconf 88' lang='lat' dir='ltr'>quum</span> <span class='ocrx_word' id='word_1_227' title='bbox 389 1984 433 2024; x_wconf 90' lang='lat' dir='ltr'>in</span> <span class='ocrx_word' id='word_1_228' title='bbox 464 1996 550 2025; x_wconf 89' lang='lat' dir='ltr'>uno</span> <span class='ocrx_word' id='word_1_229' title='bbox 583 1984 729 2026; x_wconf 85' lang='lat' dir='ltr'>codice</span> <span class='ocrx_word' id='word_1_230' title='bbox 762 1984 1009 2035; x_wconf 82' lang='lat' dir='ltr'>Oxoniensi,</span> <span class='ocrx_word' id='word_1_231' title='bbox 1057 1998 1144 2026; x_wconf 92' lang='lat' dir='ltr'>uno</span> <span class='ocrx_word' id='word_1_232' title='bbox 1182 1984 1381 2034; x_wconf 89' lang='lat' dir='ltr'>Vindob.,</span> <span class='ocrx_word' id='word_1_233' title='bbox 1431 1986 1474 2025; x_wconf 87' lang='lat' dir='ltr'>et</span> <span class='ocrx_word' id='word_1_234' title='bbox 1511 1984 1696 2026; x_wconf 86' lang='lat' dir='ltr'>fortasse</span> <span class='ocrx_word' id='word_1_235' title='bbox 1734 1996 1822 2025; x_wconf 90' lang='lat' dir='ltr'>uno</span> 
     </span>
     <span class='ocr_line' id='line_1_27' title="bbox 224 2054 1826 2109; baseline 0.001 -14"><span class='ocrx_word' id='word_1_236' title='bbox 224 2058 265 2095; x_wconf 86' lang='lat' dir='ltr'>et</span> <span class='ocrx_word' id='word_1_237' title='bbox 312 2055 448 2096; x_wconf 89' lang='lat' dir='ltr'>altero</span> <span class='ocrx_word' id='word_1_238' title='bbox 497 2055 729 2097; x_wconf 83' lang='lat' dir='ltr'>Dresdensi</span> <span class='ocrx_word' id='word_1_239' title='bbox 785 2055 921 2109; x_wconf 84' lang='lat' dir='ltr'>(apud</span> <span class='ocrx_word' id='word_1_240' title='bbox 976 2054 1199 2108; x_wconf 90' lang='lat' dir='ltr'>Ottonem)</span> <span class='ocrx_word' id='word_1_241' title='bbox 1253 2057 1475 2108; x_wconf 88' lang='lat' dir='ltr'>repertum</span> <span class='ocrx_word' id='word_1_242' title='bbox 1522 2055 1590 2097; x_wconf 91' lang='lat' dir='ltr'>sit.</span> <span class='ocrx_word' id='word_1_243' title='bbox 1674 2055 1826 2107; x_wconf 84' lang='lat' dir='ltr'>Itaque</span> 
     </span>
     <span class='ocr_line' id='line_1_28' title="bbox 223 2125 1822 2179; baseline -0.001 -13"><span class='ocrx_word' id='word_1_244' title='bbox 223 2126 412 2167; x_wconf 84' lang='lat' dir='ltr'>Klotzius</span> <span class='ocrx_word' id='word_1_245' title='bbox 457 2125 637 2179; x_wconf 78' lang='lat' dir='ltr'>efficeret</span> <span class='ocrx_word' id='word_1_246' title='bbox 679 2127 879 2177; x_wconf 82' lang='lat' dir='ltr'>restituit,</span> <span class='ocrx_word' id='word_1_247' title='bbox 928 2127 1005 2169; x_wconf 90' lang='lat' dir='ltr'>sed</span> <span class='ocrx_word' id='word_1_248' title='bbox 1043 2128 1228 2177; x_wconf 85' lang='lat' dir='ltr'>haerens,</span> <span class='ocrx_word' id='word_1_249' title='bbox 1277 2127 1442 2179; x_wconf 89' lang='lat' dir='ltr'>opinor,</span> <span class='ocrx_word' id='word_1_250' title='bbox 1491 2125 1535 2166; x_wconf 89' lang='lat' dir='ltr'>in</span> <span class='ocrx_word' id='word_1_251' title='bbox 1576 2127 1822 2177; x_wconf 89' lang='lat' dir='ltr'>temporum</span> 
     </span>
     <span class='ocr_line' id='line_1_29' title="bbox 227 2193 1826 2251; baseline -0.002 -13"><span class='ocrx_word' id='word_1_252' title='bbox 227 2196 539 2247; x_wconf 85' lang='lat' dir='ltr'>coniunctione,</span> <span class='ocrx_word' id='word_1_253' title='bbox 587 2210 612 2239; x_wconf 88' lang='lat' dir='ltr'>e</span> <span class='ocrx_word' id='word_1_254' title='bbox 660 2198 806 2239; x_wconf 87' lang='lat' dir='ltr'>codice</span> <span class='ocrx_word' id='word_1_255' title='bbox 853 2198 983 2251; x_wconf 87' lang='lat' dir='ltr'>regio,</span> <span class='ocrx_word' id='word_1_256' title='bbox 1031 2198 1273 2248; x_wconf 85' lang='lat' dir='ltr'>Pithoeano,</span> <span class='ocrx_word' id='word_1_257' title='bbox 1323 2196 1580 2248; x_wconf 86' lang='lat' dir='ltr'>duobusque</span> <span class='ocrx_word' id='word_1_258' title='bbox 1627 2194 1720 2236; x_wconf 89' lang='lat' dir='ltr'>aliis</span> <span class='ocrx_word' id='word_1_259' title='bbox 1763 2193 1826 2247; x_wconf 88' lang='lat' dir='ltr'>(et</span> 
     </span>
     <span class='ocr_line' id='line_1_30' title="bbox 224 2264 1826 2324; baseline -0.001 -16"><span class='ocrx_word' id='word_1_260' title='bbox 224 2269 417 2321; x_wconf 78' lang='lat' dir='ltr'>margine</span> <span class='ocrx_word' id='word_1_261' title='bbox 451 2267 710 2321; x_wconf 85' lang='lat' dir='ltr'>Haeneliani)</span> <span class='ocrx_word' id='word_1_262' title='bbox 752 2282 830 2321; x_wconf 87' lang='lat' dir='ltr'>pro</span> <span class='ocrx_word' id='word_1_263' title='bbox 865 2269 1108 2324; x_wconf 72' lang='lat' dir='ltr'>intelliyatis</span> <span class='ocrx_word' id='word_1_264' title='bbox 1146 2270 1317 2323; x_wconf 86' lang='lat' dir='ltr'>scripsit</span> <span class='ocrx_word' id='word_1_265' title='bbox 1355 2266 1660 2323; x_wconf 73' lang='lat' dir='ltr'>intelliyeretis3</span> <span class='ocrx_word' id='word_1_266' title='bbox 1709 2264 1826 2319; x_wconf 86' lang='lat' dir='ltr'>quod</span> 
     </span>
     <span class='ocr_line' id='line_1_31' title="bbox 223 2336 1822 2392; baseline -0.001 -14"><span class='ocrx_word' id='word_1_267' title='bbox 223 2340 370 2379; x_wconf 85' lang='lat' dir='ltr'>tamen</span> <span class='ocrx_word' id='word_1_268' title='bbox 402 2340 493 2391; x_wconf 87' lang='lat' dir='ltr'>ipse</span> <span class='ocrx_word' id='word_1_269' title='bbox 526 2339 745 2392; x_wconf 84' lang='lat' dir='ltr'>quomodo</span> <span class='ocrx_word' id='word_1_270' title='bbox 778 2339 1044 2390; x_wconf 85' lang='lat' dir='ltr'>defenderet,</span> <span class='ocrx_word' id='word_1_271' title='bbox 1078 2353 1165 2381; x_wconf 90' lang='lat' dir='ltr'>non</span> <span class='ocrx_word' id='word_1_272' title='bbox 1188 2339 1364 2390; x_wconf 83' lang='lat' dir='ltr'>invenit,</span> <span class='ocrx_word' id='word_1_273' title='bbox 1400 2352 1534 2392; x_wconf 88' lang='lat' dir='ltr'>quum</span> <span class='ocrx_word' id='word_1_274' title='bbox 1557 2336 1822 2391; x_wconf 75' lang='lat' dir='ltr'>praecedenti</span> 
     </span>
     <span class='ocr_line' id='line_1_32' title="bbox 220 2406 1817 2464; baseline -0.001 -15"><span class='ocrx_word' id='word_1_275' title='bbox 220 2409 545 2462; x_wconf 81' lang='lat' dir='ltr'>interrogationi</span> <span class='ocrx_word' id='word_1_276' title='bbox 577 2410 892 2455; x_wconf 88' lang='lat' dir='ltr'>subiiciendum</span> <span class='ocrx_word' id='word_1_277' title='bbox 931 2412 1123 2464; x_wconf 84' lang='lat' dir='ltr'>pr&#39;aesens</span> <span class='ocrx_word' id='word_1_278' title='bbox 1163 2413 1337 2464; x_wconf 86' lang='lat' dir='ltr'>tempus</span> <span class='ocrx_word' id='word_1_279' title='bbox 1377 2411 1511 2459; x_wconf 79' lang='lat' dir='ltr'>esset3</span> <span class='ocrx_word' id='word_1_280' title='bbox 1558 2421 1661 2450; x_wconf 89' lang='lat' dir='ltr'>nam</span> <span class='ocrx_word' id='word_1_281' title='bbox 1700 2406 1817 2461; x_wconf 90' lang='lat' dir='ltr'>quod</span> 
     </span>
    </p>

    <p class='ocr_par' dir='ltr' id='par_1_6' title="bbox 149 2478 1818 2606">
     <span class='ocr_line' id='line_1_33' title="bbox 149 2478 1816 2534; baseline 0 -15"><span class='ocrx_word' id='word_1_282' title='bbox 149 2493 200 2518; x_wconf 79' lang='lat'>274</span> <span class='ocrx_word' id='word_1_283' title='bbox 220 2481 416 2532; x_wconf 87' lang='lat' dir='ltr'>sequenti</span> <span class='ocrx_word' id='word_1_284' title='bbox 449 2482 674 2523; x_wconf 84' lang='lat' dir='ltr'>sententiae</span> <span class='ocrx_word' id='word_1_285' title='bbox 707 2482 989 2524; x_wconf 90' lang='lat' dir='ltr'>condicionali</span> <span class='ocrx_word' id='word_1_286' title='bbox 1020 2483 1108 2524; x_wconf 84' lang='lat' dir='ltr'>vim</span> <span class='ocrx_word' id='word_1_287' title='bbox 1140 2482 1292 2523; x_wconf 82' lang='lat' dir='ltr'>tribuit</span> <span class='ocrx_word' id='word_1_288' title='bbox 1330 2479 1524 2534; x_wconf 88' lang='lat' dir='ltr'>primarii</span> <span class='ocrx_word' id='word_1_289' title='bbox 1562 2478 1684 2520; x_wconf 86' lang='lat' dir='ltr'>verbi</span> <span class='ocrx_word' id='word_1_290' title='bbox 1722 2491 1816 2519; x_wconf 90' lang='lat' dir='ltr'>mu-</span> 
     </span>
     <span class='ocr_line' id='line_1_34' title="bbox 218 2550 1818 2606; baseline -0.001 -15"><span class='ocrx_word' id='word_1_291' title='bbox 218 2551 352 2601; x_wconf 81' lang='lat' dir='ltr'>tandi,</span> <span class='ocrx_word' id='word_1_292' title='bbox 393 2551 498 2592; x_wconf 90' lang='lat' dir='ltr'>nihil</span> <span class='ocrx_word' id='word_1_293' title='bbox 532 2554 610 2601; x_wconf 91' lang='lat' dir='ltr'>est,</span> <span class='ocrx_word' id='word_1_294' title='bbox 650 2565 730 2594; x_wconf 87' lang='lat' dir='ltr'>nec</span> <span class='ocrx_word' id='word_1_295' title='bbox 771 2553 970 2606; x_wconf 80' lang='lat' dir='ltr'>exemplo</span> <span class='ocrx_word' id='word_1_296' title='bbox 1002 2554 1159 2595; x_wconf 85' lang='lat' dir='ltr'>veteris</span> <span class='ocrx_word' id='word_1_297' title='bbox 1192 2552 1427 2606; x_wconf 89' lang='lat' dir='ltr'>scriptoris,</span> <span class='ocrx_word' id='word_1_298' title='bbox 1468 2550 1546 2593; x_wconf 89' lang='lat' dir='ltr'>sed</span> <span class='ocrx_word' id='word_1_299' title='bbox 1578 2563 1604 2592; x_wconf 88' lang='lat' dir='ltr'>a</span> <span class='ocrx_word' id='word_1_300' title='bbox 1636 2562 1683 2591; x_wconf 90' lang='lat' dir='ltr'>se</span> <span class='ocrx_word' id='word_1_301' title='bbox 1714 2561 1818 2591; x_wconf 91' lang='lat' dir='ltr'>con-</span> 
     </span>
    </p>
   </div>
   <div class='ocr_carea' id='block_1_3' title="bbox 277 2646 364 2649">
    <p class='ocr_par' dir='ltr' id='par_1_7' title="bbox 277 2646 364 2649">
     <span class='ocr_line' id='line_1_35' title="bbox 277 2646 364 2649; baseline 0 0"><span class='ocrx_word' id='word_1_302' title='bbox 277 2646 364 2649; x_wconf 95' lang='lat' dir='ltr'> </span> 
     </span>
    </p>
   </div>
   <div class='ocr_carea' id='block_1_4' title="bbox 386 2646 570 2649">
    <p class='ocr_par' dir='ltr' id='par_1_8' title="bbox 386 2646 570 2649">
     <span class='ocr_line' id='line_1_36' title="bbox 386 2646 570 2649; baseline 0 0"><span class='ocrx_word' id='word_1_303' title='bbox 386 2646 570 2649; x_wconf 95' lang='lat' dir='ltr'> </span> 
     </span>
    </p>
   </div>
   <div class='ocr_carea' id='block_1_5' title="bbox 255 2691 1819 2856">
    <p class='ocr_par' dir='ltr' id='par_1_9' title="bbox 255 2691 1819 2856">
     <span class='ocr_line' id='line_1_37' title="bbox 255 2691 1817 2738; baseline -0.003 -10"><span class='ocrx_word' id='word_1_304' title='bbox 255 2691 281 2733; x_wconf 58' lang='grc' dir='ltr'>Ἴ</span> <span class='ocrx_word' id='word_1_305' title='bbox 306 2693 361 2726; x_wconf 83' lang='lat' dir='ltr'>Ad</span> <span class='ocrx_word' id='word_1_306' title='bbox 396 2692 497 2726; x_wconf 81' lang='lat' dir='ltr'>Fam.</span> <span class='ocrx_word' id='word_1_307' title='bbox 524 2693 597 2733; x_wconf 89' lang='lat' dir='ltr'>XV,</span> <span class='ocrx_word' id='word_1_308' title='bbox 624 2693 657 2736; x_wconf 83' lang='lat'>4,</span> <span class='ocrx_word' id='word_1_309' title='bbox 693 2693 713 2726; x_wconf 88' lang='lat'>9</span> <span class='ocrx_word' id='word_1_310' title='bbox 747 2694 893 2738; x_wconf 85' lang='lat' dir='ltr'>legitur:</span> <span class='ocrx_word' id='word_1_311' title='bbox 938 2696 1106 2728; x_wconf 77' lang='lat' dir='ltr'>Eranam</span> <span class='ocrx_word' id='word_1_312' title='bbox 1144 2699 1262 2728; x_wconf 84' lang='lat' dir='ltr'>autem</span> <span class='ocrx_word' id='word_1_313' title='bbox 1301 2711 1344 2716; x_wconf 85' lang='lat'>—</span> <span class='ocrx_word' id='word_1_314' title='bbox 1383 2694 1533 2736; x_wconf 77' lang='lat' dir='ltr'>itemque</span> <span class='ocrx_word' id='word_1_315' title='bbox 1572 2691 1749 2735; x_wconf 79' lang='lat' dir='ltr'>Sepyram</span> <span class='ocrx_word' id='word_1_316' title='bbox 1785 2694 1817 2723; x_wconf 85' lang='lat' dir='ltr'>et</span> 
     </span>
     <span class='ocr_line' id='line_1_38' title="bbox 313 2749 1813 2798; baseline -0.003 -13"><span class='ocrx_word' id='word_1_317' title='bbox 313 2752 528 2785; x_wconf 82' lang='lat' dir='ltr'>Commorim</span> <span class='ocrx_word' id='word_1_318' title='bbox 566 2772 608 2775; x_wconf 88' lang='lat'><strong>—</strong></span> <span class='ocrx_word' id='word_1_319' title='bbox 648 2755 804 2796; x_wconf 79' lang='lat' dir='ltr'>cepimus</span> <span class='ocrx_word' id='word_1_320' title='bbox 843 2755 1055 2798; x_wconf 79' lang='lat' dir='ltr'>castellaque</span> <span class='ocrx_word' id='word_1_321' title='bbox 1091 2764 1154 2787; x_wconf 76' lang='lat' dir='ltr'>sex</span> <span class='ocrx_word' id='word_1_322' title='bbox 1190 2757 1315 2796; x_wconf 86' lang='lat' dir='ltr'>capta,</span> <span class='ocrx_word' id='word_1_323' title='bbox 1354 2752 1540 2794; x_wconf 81' lang='lat' dir='ltr'>complura</span> <span class='ocrx_word' id='word_1_324' title='bbox 1578 2749 1813 2783; x_wconf 79' lang='lat' dir='ltr'>incendimus.</span> 
     </span>
     <span class='ocr_line' id='line_1_39' title="bbox 306 2808 1819 2856; baseline 0 -13"><span class='ocrx_word' id='word_1_325' title='bbox 306 2810 468 2844; x_wconf 83' lang='lat' dir='ltr'>Pessime</span> <span class='ocrx_word' id='word_1_326' title='bbox 506 2810 775 2855; x_wconf 85' lang='lat' dir='ltr'>coniunguntur</span> <span class='ocrx_word' id='word_1_327' title='bbox 820 2815 977 2856; x_wconf 79' lang='lat' dir='ltr'>cepimus</span> <span class='ocrx_word' id='word_1_328' title='bbox 1020 2832 1063 2836; x_wconf 89' lang='lat'>—</span> <span class='ocrx_word' id='word_1_329' title='bbox 1108 2817 1282 2856; x_wconf 82' lang='lat' dir='ltr'>captaque</span> <span class='ocrx_word' id='word_1_330' title='bbox 1328 2809 1442 2852; x_wconf 81' lang='lat' dir='ltr'>(sunt)</span> <span class='ocrx_word' id='word_1_331' title='bbox 1489 2828 1531 2833; x_wconf 87' lang='lat'>—</span> <span class='ocrx_word' id='word_1_332' title='bbox 1575 2808 1819 2843; x_wconf 82' lang='lat' dir='ltr'>incendimus;</span> 
     </span>
    </p>
   </div>
   <div class='ocr_carea' id='block_1_6' title="bbox 303 2866 1814 3021">
    <p class='ocr_par' dir='ltr' id='par_1_10' title="bbox 303 2866 1814 3021">
     <span class='ocr_line' id='line_1_40' title="bbox 305 2866 1814 2915; baseline -0.002 -13"><span class='ocrx_word' id='word_1_333' title='bbox 305 2868 455 2903; x_wconf 85' lang='lat' dir='ltr'>ridicule</span> <span class='ocrx_word' id='word_1_334' title='bbox 482 2873 604 2904; x_wconf 82' lang='lat' dir='ltr'>autem</span> <span class='ocrx_word' id='word_1_335' title='bbox 631 2870 682 2915; x_wconf 80' lang='lat' dir='ltr'>ita</span> <span class='ocrx_word' id='word_1_336' title='bbox 715 2874 894 2913; x_wconf 83' lang='lat' dir='ltr'>narratur,</span> <span class='ocrx_word' id='word_1_337' title='bbox 933 2875 1111 2915; x_wconf 83' lang='lat' dir='ltr'>tanquam</span> <span class='ocrx_word' id='word_1_338' title='bbox 1144 2870 1215 2905; x_wconf 84' lang='lat' dir='ltr'>alia</span> <span class='ocrx_word' id='word_1_339' title='bbox 1248 2869 1396 2904; x_wconf 77' lang='lat' dir='ltr'>castella</span> <span class='ocrx_word' id='word_1_340' title='bbox 1428 2867 1600 2912; x_wconf 86' lang='lat' dir='ltr'>ceperint,</span> <span class='ocrx_word' id='word_1_341' title='bbox 1638 2866 1710 2901; x_wconf 84' lang='lat' dir='ltr'>alia</span> <span class='ocrx_word' id='word_1_342' title='bbox 1740 2876 1814 2900; x_wconf 88' lang='lat' dir='ltr'>non</span> 
     </span>
     <span class='ocr_line' id='line_1_41' title="bbox 304 2925 1808 2973; baseline -0.003 -11"><span class='ocrx_word' id='word_1_343' title='bbox 304 2932 409 2972; x_wconf 84' lang='lat' dir='ltr'>capta</span> <span class='ocrx_word' id='word_1_344' title='bbox 435 2928 710 2963; x_wconf 86' lang='lat' dir='ltr'>combusserint.</span> <span class='ocrx_word' id='word_1_345' title='bbox 762 2929 878 2964; x_wconf 86' lang='lat' dir='ltr'>Scribi</span> <span class='ocrx_word' id='word_1_346' title='bbox 903 2930 1027 2964; x_wconf 88' lang='lat' dir='ltr'>debet:</span> <span class='ocrx_word' id='word_1_347' title='bbox 1066 2930 1280 2973; x_wconf 80' lang='lat' dir='ltr'>castellaque</span> <span class='ocrx_word' id='word_1_348' title='bbox 1320 2929 1376 2963; x_wconf 90' lang='lat' dir='ltr'>UI</span> <span class='ocrx_word' id='word_1_349' title='bbox 1404 2931 1510 2971; x_wconf 76' lang='lat' dir='ltr'>capta</span> <span class='ocrx_word' id='word_1_350' title='bbox 1541 2926 1728 2970; x_wconf 77' lang='lat' dir='ltr'>complura</span> <span class='ocrx_word' id='word_1_351' title='bbox 1767 2925 1808 2958; x_wconf 86' lang='lat' dir='ltr'>in</span> 
     </span>
     <span class='ocr_line' id='line_1_42' title="bbox 303 2988 496 3021; baseline 0.005 -1"><span class='ocrx_word' id='word_1_352' title='bbox 303 2988 496 3021; x_wconf 81' lang='lat' dir='ltr'>cendimus.</span> 
     </span>
    </p>
   </div>
  </div>
 </body>
</html>
