1915 3235
877 145 962 187 715

123 277 309 330 denique
356 275 548 317 omnium
595 274 995 328 interpola'cissimo,
1051 271 1361 327 Glogaviensi);
1417 286 1469 314 ex
1516 272 1716 315 omnibus

123 346 278 399 Moseri
321 345 539 387 codicibus
581 346 626 386 in
667 358 753 387 uno
795 346 856 387 La
900 359 926 386 a
965 344 1154 386 secunda
1187 357 1319 385 manu
1351 343 1571 397 adscripta
1603 345 1715 384 sunt.

124 418 275 470 Itaque
308 429 360 457 ea
391 416 526 457 verba
559 416 671 457 circa
702 415 823 457 initia
861 415 965 456 artis
997 415 1320 469 typographicae
1353 414 1505 467 aliquis
1539 413 1716 463 addidit,

124 491 173 530 ut
203 487 354 530 orbem
386 486 619 528 verborum
651 485 999 538 sententiamque
1031 486 1303 527 laborantem
1331 498 1436 527 sane
1469 485 1717 537 compleret,

123 559 200 601 sed
231 560 266 600 is
297 559 379 600 hoc
411 570 547 599 unum
579 556 960 606 animadverterat,
994 557 1038 597 in
1069 556 1281 598 vocabulo
1310 560 1474 597 tantum
1506 555 1717 596 infinitam

124 643 218 672 esse
249 630 483 678 notionem,
518 641 615 680 quae
648 627 922 668 terminanda
955 629 1069 668 esset
1101 629 1143 668 et
1166 626 1431 675 definienda3
1464 639 1556 667 rem
1579 625 1718 678 ipsam

123 700 394 742 notissimam
427 701 503 740 aut
533 711 621 739 non
662 697 871 738 intellexit
903 699 980 738 aut
1018 710 1173 750 parum
1213 697 1393 750 vigilans
1434 696 1718 749 perturbavit.

241 770 420 811 Reiecto
461 769 588 822 igitur
629 769 711 810 hoc
754 767 1056 820 supplemento
1098 767 1236 817 simul,
1286 767 1401 820 quod
1444 767 1612 808 initium
1656 769 1719 807 est

123 842 213 883 veri
244 839 502 888 inveniendi,
536 838 839 891 intelligamus,
873 838 1038 879 nullum
1072 838 1188 879 aliud
1211 838 1405 879 eiusdem
1428 837 1596 891 generis
1621 836 1718 890 (hoc

124 915 201 959 est,
250 912 293 952 in
335 923 421 963 quo
465 908 732 962 comparatio
775 907 845 962 sit)
888 909 1064 962 probari
1106 921 1246 962 posse,
1297 908 1411 961 quod
1443 908 1487 949 in
1519 908 1645 960 globo
1679 910 1719 948 et

125 982 282 1024 circulo
315 994 340 1022 a
372 980 515 1021 medio
549 981 791 1020 extremum
815 993 902 1021 non
933 981 1103 1020 tantum
1137 979 1274 1028 abest,
1308 980 1519 1031 quantum
1552 980 1627 1019 aut
1658 977 1719 1030 ip-

124 1065 220 1094 sum
253 1053 308 1093 ab
343 1051 426 1092 alio
460 1050 683 1092 autaliud
716 1050 937 1103 quidpiam
971 1051 1027 1092 ab
1051 1050 1135 1091 alia
1158 1049 1364 1103 quapiam
1386 1062 1445 1098 re,
1479 1049 1556 1090 sed
1579 1048 1718 1101 ipsum

123 1123 285 1176 ubique
319 1122 470 1163 eodem
503 1121 729 1162 intervallo
770 1119 922 1173 (unum
956 1121 1137 1173 quodvis
1171 1120 1260 1161 eius
1292 1122 1502 1172 punctum
1535 1121 1718 1167 tantum,

125 1196 335 1247 quantum
370 1192 552 1244 quodvis
586 1190 734 1243 aliud).
797 1191 998 1232 Pluribus
1031 1193 1130 1232 utor
1168 1190 1332 1238 verbis;
1380 1192 1579 1242 poteram
1621 1190 1720 1230 bre-

125 1265 218 1305 vius
251 1266 292 1305 et
325 1262 560 1315 simplicius
594 1262 748 1311 dicere,
797 1262 879 1303 nisi
916 1262 959 1303 id
997 1261 1270 1310 vocabulum,
1320 1273 1404 1313 quo
1437 1260 1584 1301 Cicero
1617 1273 1720 1300 usus

125 1338 203 1384 est,
253 1335 449 1375 vitarem.
512 1332 742 1382 Quaeratur
782 1332 922 1385 igitur,
972 1332 1188 1385 quomodo
1234 1344 1298 1380 ea,
1347 1344 1476 1383 quam
1520 1330 1754 1372 vidimus..

125 1405 340 1446 sententia
373 1417 425 1444 ex
457 1404 522 1444 his
554 1402 678 1455 ipsis:
723 1416 750 1442 α
780 1402 994 1457 medioque
1035 1407 1197 1443 temtum.
1230 1401 1337 1442 absit
1369 1406 1592 1442 extremuit!
1628 1401 1720 1441 effi-

127 1477 264 1517 ciatur
296 1474 421 1516 unius
454 1472 574 1514 verbi
606 1486 693 1514 non
725 1475 842 1514 recte
875 1473 1022 1525 scripti
1055 1468 1421 1523 emendatione.¹)

246 1543 284 1597 b)
317 1545 380 1586 De
412 1545 504 1597 lege
538 1557 626 1596 agr.
660 1543 708 1591 II,
743 1543 812 1593 37,
850 1544 945 1585 102.

246 1616 460 1657 Ciceronis
491 1614 733 1656 orationum
767 1614 820 1654 de
843 1614 935 1666 lege
967 1613 1136 1666 agraria
1167 1613 1323 1662 nullus,
1358 1613 1411 1653 de
1434 1626 1518 1664 quo
1549 1611 1720 1665 quidem

127 1689 305 1736 constet,
341 1686 475 1727 codex
508 1686 767 1738 antiquitate
801 1686 876 1725 aut
908 1684 1103 1725 bonitate
1137 1684 1324 1732 excellit,
1358 1683 1474 1724 ducti
1506 1695 1720 1735 propaga—

126 1758 257 1811 tique,
301 1771 407 1810 quos
440 1757 652 1805 novimus,
693 1767 843 1797 omnes
877 1767 929 1795 ex
961 1767 1046 1795 uno
1080 1757 1180 1796 sunt
1212 1754 1420 1795 mendoso
1454 1755 1496 1794 et
1528 1766 1721 1793 errorum

129 1842 180 1870 ex
212 1829 368 1869 veteris
401 1827 625 1880 scripturae
656 1825 886 1878 imperitia,
920 1825 1159 1866 litterarum
1194 1825 1237 1865 in
1271 1824 1467 1877 exemplo
1500 1823 1721 1876 proposito

129 1899 330 1940 ductibus
363 1899 569 1947 obscuris,
603 1897 836 1938 verborum
870 1896 1033 1936 incerta
1056 1895 1341 1947 diremptione
1364 1897 1556 1935 ortorum
1580 1894 1720 1946 pleno.

129 1972 319 2011 ceterum
354 1969 442 2010 fere
475 1967 670 2020 religiose
702 1967 861 2019 scripto
894 1979 973 2007 nec
1004 1965 1276 2018 interpolato,
1311 1964 1390 2005 nisi
1415 1965 1542 2017 quod,
1576 1966 1624 2004 ut
1645 1963 1721 2004 fie—

129 2040 218 2090 bat,
266 2039 483 2080 interdum
522 2037 722 2078 librarius
763 2050 814 2077 ex
853 2036 1004 2078 litteris
1037 2049 1213 2089 prorsus
1247 2035 1460 2076 distractis
1493 2034 1722 2088 perturba-

131 2111 271 2163 tisque
311 2110 543 2150 verborum
587 2108 740 2148 saltem
787 2108 1034 2148 Latinorum
1087 2108 1246 2148 formas
1295 2106 1472 2146 effinxit.
1535 2105 1597 2146 Ex
1644 2105 1723 2145 illis

131 2181 346 2223 erroribus
394 2193 505 2221 unus
553 2181 595 2219 et
642 2178 749 2219 alter
797 2177 1003 2230 gravioris
1052 2177 1196 2218 mendi
1244 2176 1430 2229 speciem
1488 2175 1723 2217 editoribus

131 2252 349 2305 plerisque
381 2251 442 2292 ita
474 2248 643 2298 obiecit,
692 2253 739 2289 ut
779 2247 1017 2300 simplicem
1058 2250 1340 2300 apertamque
1374 2246 1722 2287 emendationem

131 2322 218 2363 iam
259 2322 600 2363 demonstratam
642 2320 697 2360 ab
739 2318 831 2359 aliis
871 2322 1136 2370 spernerent,
1186 2317 1300 2369 quod
1339 2319 1429 2358 tam
1468 2315 1597 2358 obvia
1635 2316 1724 2356 vul-

132 2392 337 2445 gariaque
370 2391 504 2432 verba
537 2404 562 2431 a
594 2389 777 2431 librariis
811 2390 1012 2441 corrupta
1044 2401 1131 2429 non
1164 2388 1411 2437 credebant,
1454 2389 1496 2428 et
1527 2386 1723 2428 recondi-

131 2462 242 2504 tiora
274 2462 382 2503 falso
415 2465 670 2515 quaererent,
711 2459 829 2500 velut
867 2459 910 2499 in
942 2458 1165 2500 notissimo
1196 2458 1303 2505 loco,
1351 2458 1426 2499 ubi
1458 2458 1510 2498 de
1545 2456 1725 2498 comitiis

132 2532 463 2585 magistratuum
497 2532 649 2584 agitur,
691 2544 726 2572 c.
763 2531 829 2580 ll,
870 2529 1066 2582 neglecta
1109 2531 1174 2569 est
1213 2529 1449 2569 certissima
1483 2527 1723 2569 Lauredani

134 2604 392 2652 coniectura,
442 2616 527 2655 qua
567 2615 618 2643 ex
650 2601 715 2642 his
748 2600 956 2653 vestigiis:
1004 2600 1182 2640 curiatis
1219 2613 1265 2640 ea
1299 2600 1487 2651 comitiis,
1536 2612 1626 2652 quse
1658 2611 1726 2637 ros

133 2687 215 2714 non
245 2674 396 2726 sinitis,
445 2672 717 2725 confirmavit,
757 2670 962 2712 restituit:
1010 2671 1186 2710 curiatis
1218 2683 1308 2710 eam
1341 2666 1635 2722 (potestatem)
1668 2681 1726 2707 eo-

134 2745 277 2797 mitiis,
310 2758 401 2799 φατε
432 2757 501 2785 2³08
532 2756 614 2783 non
646 2742 820 2794 initis,
854 2739 1126 2793 confirmavit,
1162 2742 1203 2781 et
1228 2753 1262 2781 C.
1288 2741 1356 2783 34.
1391 2752 1523 2791 quum
1558 2738 1725 2778 Turne—

173 2906 201 2951 ¹)
230 2908 333 2942 Hunc
358 2909 479 2942 locum
505 2910 589 2941 ante
615 2906 750 2940 multos
776 2916 890 2939 annos
923 2915 942 2938 a
969 2915 1027 2938 me
1053 2904 1089 2937 in
1116 2903 1246 2938 scholis
1273 2902 1495 2947 propositum
1523 2900 1726 2944 complures

231 2969 477 3001 correxerunt.
