<?xml version="1.0" encoding="UTF-8"?>
<!DOCTYPE html PUBLIC "-//W3C//DTD XHTML 1.0 Transitional//EN"
    "http://www.w3.org/TR/xhtml1/DTD/xhtml1-transitional.dtd">
<html xmlns="http://www.w3.org/1999/xhtml" xml:lang="en" lang="en">
 <head>
  <title>
</title>
<meta http-equiv="Content-Type" content="text/html;charset=utf-8" />
  <meta name='ocr-system' content='tesseract 3.04.00' />
  <meta name='ocr-capabilities' content='ocr_page ocr_carea ocr_par ocr_line ocrx_word'/>
</head>
<body>
  <div class='ocr_page' id='page_1' title='image "./ionicolaimadvigi00madvuoft_0632.png"; bbox 0 0 1915 3235; ppageno 0'>
   <div class='ocr_carea' id='block_1_1' title="bbox 115 688 166 713">
    <p class='ocr_par' dir='ltr' id='par_1_1' title="bbox 115 688 166 713">
     <span class='ocr_line' id='line_1_1' title="bbox 115 688 166 713; baseline 0.039 -2"><span class='ocrx_word' id='word_1_1' title='bbox 115 688 166 713; x_wconf 80' lang='lat'>256</span> 
     </span>
    </p>
   </div>
   <div class='ocr_carea' id='block_1_2' title="bbox 943 124 1028 165">
    <p class='ocr_par' dir='ltr' id='par_1_2' title="bbox 943 124 1028 165">
     <span class='ocr_line' id='line_1_2' title="bbox 943 124 1028 165; baseline 0 0"><span class='ocrx_word' id='word_1_2' title='bbox 943 124 1028 165; x_wconf 77' lang='lat'>608</span> 
     </span>
    </p>
   </div>
   <div class='ocr_carea' id='block_1_3' title="bbox 186 251 1787 944">
    <p class='ocr_par' dir='ltr' id='par_1_3' title="bbox 186 251 1787 944">
     <span class='ocr_line' id='line_1_3' title="bbox 187 251 1784 307; baseline 0.003 -16"><span class='ocrx_word' id='word_1_3' title='bbox 187 253 286 292; x_wconf 88' lang='lat' dir='ltr'>ante</span> <span class='ocrx_word' id='word_1_4' title='bbox 321 251 484 303; x_wconf 75' lang='lat' dir='ltr'>aliquot</span> <span class='ocrx_word' id='word_1_5' title='bbox 515 264 651 293; x_wconf 89' lang='lat' dir='ltr'>annos</span> <span class='ocrx_word' id='word_1_6' title='bbox 684 252 909 294; x_wconf 82' lang='lat' dir='ltr'>inventum</span> <span class='ocrx_word' id='word_1_7' title='bbox 953 256 1030 304; x_wconf 88' lang='lat' dir='ltr'>est,</span> <span class='ocrx_word' id='word_1_8' title='bbox 1073 253 1302 303; x_wconf 76' lang='lat' dir='ltr'>Ciceronis,</span> <span class='ocrx_word' id='word_1_9' title='bbox 1342 254 1385 294; x_wconf 88' lang='lat' dir='ltr'>in</span> <span class='ocrx_word' id='word_1_10' title='bbox 1424 253 1566 295; x_wconf 81' lang='lat' dir='ltr'>verbis</span> <span class='ocrx_word' id='word_1_11' title='bbox 1607 253 1784 307; x_wconf 78' lang='lat' dir='ltr'>aliquot,</span> 
     </span>
     <span class='ocr_line' id='line_1_4' title="bbox 187 322 1785 374; baseline 0.001 -12"><span class='ocrx_word' id='word_1_12' title='bbox 187 334 284 374; x_wconf 84' lang='lat' dir='ltr'>quae</span> <span class='ocrx_word' id='word_1_13' title='bbox 317 334 369 362; x_wconf 81' lang='lat' dir='ltr'>ex</span> <span class='ocrx_word' id='word_1_14' title='bbox 401 322 596 364; x_wconf 89' lang='lat' dir='ltr'>oratione</span> <span class='ocrx_word' id='word_1_15' title='bbox 628 322 671 363; x_wconf 91' lang='lat' dir='ltr'>in</span> <span class='ocrx_word' id='word_1_16' title='bbox 704 323 902 365; x_wconf 89' lang='lat' dir='ltr'>Clodium</span> <span class='ocrx_word' id='word_1_17' title='bbox 937 327 979 365; x_wconf 89' lang='lat' dir='ltr'>et</span> <span class='ocrx_word' id='word_1_18' title='bbox 1012 324 1242 366; x_wconf 82' lang='lat' dir='ltr'>Curionem</span> <span class='ocrx_word' id='word_1_19' title='bbox 1274 324 1526 366; x_wconf 78' lang='lat' dir='ltr'>scholiastes</span> <span class='ocrx_word' id='word_1_20' title='bbox 1559 323 1785 365; x_wconf 91' lang='lat' dir='ltr'>Ambrosi-</span> 
     </span>
     <span class='ocr_line' id='line_1_5' title="bbox 189 391 1787 448; baseline 0.001 -15"><span class='ocrx_word' id='word_1_21' title='bbox 189 405 296 433; x_wconf 88' lang='lat' dir='ltr'>anus</span> <span class='ocrx_word' id='word_1_22' title='bbox 343 393 533 434; x_wconf 82' lang='lat' dir='ltr'>servavit</span> <span class='ocrx_word' id='word_1_23' title='bbox 581 395 622 434; x_wconf 89' lang='lat' dir='ltr'>et</span> <span class='ocrx_word' id='word_1_24' title='bbox 670 395 900 436; x_wconf 81' lang='lat' dir='ltr'>enarravit.</span> <span class='ocrx_word' id='word_1_25' title='bbox 915 391 948 447; x_wconf 88' lang='lat'>¹)</span> <span class='ocrx_word' id='word_1_26' title='bbox 1011 395 1155 447; x_wconf 91' lang='lat' dir='ltr'>Atque</span> <span class='ocrx_word' id='word_1_27' title='bbox 1202 395 1296 436; x_wconf 86' lang='lat' dir='ltr'>haec</span> <span class='ocrx_word' id='word_1_28' title='bbox 1344 395 1511 448; x_wconf 83' lang='lat' dir='ltr'>egregie</span> <span class='ocrx_word' id='word_1_29' title='bbox 1559 394 1787 436; x_wconf 89' lang='lat' dir='ltr'>confirmat</span> 
     </span>
     <span class='ocr_line' id='line_1_6' title="bbox 186 463 1785 518; baseline 0.001 -14"><span class='ocrx_word' id='word_1_30' title='bbox 186 463 370 516; x_wconf 81' lang='lat' dir='ltr'>Augusti</span> <span class='ocrx_word' id='word_1_31' title='bbox 415 463 682 515; x_wconf 86' lang='lat' dir='ltr'>institutum,</span> <span class='ocrx_word' id='word_1_32' title='bbox 733 465 805 518; x_wconf 91' lang='lat' dir='ltr'>qui</span> <span class='ocrx_word' id='word_1_33' title='bbox 853 478 985 517; x_wconf 88' lang='lat' dir='ltr'>quum</span> <span class='ocrx_word' id='word_1_34' title='bbox 1035 468 1163 507; x_wconf 87' lang='lat' dir='ltr'>aucto</span> <span class='ocrx_word' id='word_1_35' title='bbox 1210 466 1401 507; x_wconf 87' lang='lat' dir='ltr'>iudicum</span> <span class='ocrx_word' id='word_1_36' title='bbox 1447 478 1628 506; x_wconf 88' lang='lat' dir='ltr'>numero</span> <span class='ocrx_word' id='word_1_37' title='bbox 1676 478 1785 517; x_wconf 88' lang='lat' dir='ltr'>opus</span> 
     </span>
     <span class='ocr_line' id='line_1_7' title="bbox 187 535 1787 590; baseline 0.001 -15"><span class='ocrx_word' id='word_1_38' title='bbox 187 536 315 583; x_wconf 84' lang='lat' dir='ltr'>esset,</span> <span class='ocrx_word' id='word_1_39' title='bbox 363 535 443 584; x_wconf 86' lang='lat' dir='ltr'>„ad</span> <span class='ocrx_word' id='word_1_40' title='bbox 474 537 562 576; x_wconf 86' lang='lat' dir='ltr'>tres</span> <span class='ocrx_word' id='word_1_41' title='bbox 594 535 785 577; x_wconf 89' lang='lat' dir='ltr'>iudicum</span> <span class='ocrx_word' id='word_1_42' title='bbox 819 536 1017 577; x_wconf 89' lang='lat' dir='ltr'>decurias</span> <span class='ocrx_word' id='word_1_43' title='bbox 1050 539 1251 590; x_wconf 81' lang='lat' dir='ltr'>quartam</span> <span class='ocrx_word' id='word_1_44' title='bbox 1293 537 1459 578; x_wconf 84' lang='lat' dir='ltr'>addidit</span> <span class='ocrx_word' id='word_1_45' title='bbox 1497 550 1545 577; x_wconf 71' lang='lat' dir='ltr'>ex</span> <span class='ocrx_word' id='word_1_46' title='bbox 1582 536 1787 589; x_wconf 72' lang='lat' dir='ltr'>inferiore</span> 
     </span>
     <span class='ocr_line' id='line_1_8' title="bbox 186 606 1787 660; baseline 0.001 -14"><span class='ocrx_word' id='word_1_47' title='bbox 186 619 321 655; x_wconf 74' lang='lat' dir='ltr'>censu,</span> <span class='ocrx_word' id='word_1_48' title='bbox 371 619 467 658; x_wconf 79' lang='lat' dir='ltr'>quae</span> <span class='ocrx_word' id='word_1_49' title='bbox 508 606 839 648; x_wconf 80' lang='lat' dir='ltr'>ducenariorum</span> <span class='ocrx_word' id='word_1_50' title='bbox 880 610 1108 648; x_wconf 84' lang='lat' dir='ltr'>vocaretur</span> <span class='ocrx_word' id='word_1_51' title='bbox 1139 608 1436 660; x_wconf 84' lang='lat' dir='ltr'>iudicaretque</span> <span class='ocrx_word' id='word_1_52' title='bbox 1469 608 1522 648; x_wconf 93' lang='lat' dir='ltr'>de</span> <span class='ocrx_word' id='word_1_53' title='bbox 1554 606 1787 648; x_wconf 84' lang='lat' dir='ltr'>levioribus</span> 
     </span>
     <span class='ocr_line' id='line_1_9' title="bbox 186 676 1784 732; baseline 0.001 -15"><span class='ocrx_word' id='word_1_54' title='bbox 186 676 411 718; x_wconf 90' lang='lat' dir='ltr'>summis“.</span> <span class='ocrx_word' id='word_1_55' title='bbox 490 676 626 729; x_wconf 89' lang='lat' dir='ltr'>(Suet.</span> <span class='ocrx_word' id='word_1_56' title='bbox 671 677 822 719; x_wconf 85' lang='lat' dir='ltr'>Octav.</span> <span class='ocrx_word' id='word_1_57' title='bbox 857 676 945 731; x_wconf 79' lang='lat'>32.)</span> <span class='ocrx_word' id='word_1_58' title='bbox 1023 678 1106 719; x_wconf 85' lang='lat' dir='ltr'>Sed</span> <span class='ocrx_word' id='word_1_59' title='bbox 1156 692 1298 732; x_wconf 90' lang='lat' dir='ltr'>neque</span> <span class='ocrx_word' id='word_1_60' title='bbox 1345 680 1565 720; x_wconf 83' lang='lat' dir='ltr'>vetustum</span> <span class='ocrx_word' id='word_1_61' title='bbox 1611 691 1784 728; x_wconf 86' lang='lat' dir='ltr'>nomen,</span> 
     </span>
     <span class='ocr_line' id='line_1_10' title="bbox 187 748 1783 803; baseline 0.001 -15"><span class='ocrx_word' id='word_1_62' title='bbox 187 761 271 800; x_wconf 94' lang='lat' dir='ltr'>quo</span> <span class='ocrx_word' id='word_1_63' title='bbox 305 748 432 789; x_wconf 88' lang='lat' dir='ltr'>Cotta</span> <span class='ocrx_word' id='word_1_64' title='bbox 463 761 567 789; x_wconf 88' lang='lat' dir='ltr'>usus</span> <span class='ocrx_word' id='word_1_65' title='bbox 601 752 706 799; x_wconf 86' lang='lat' dir='ltr'>erat,</span> <span class='ocrx_word' id='word_1_66' title='bbox 748 748 972 802; x_wconf 82' lang='lat' dir='ltr'>Augustus</span> <span class='ocrx_word' id='word_1_67' title='bbox 1005 750 1189 800; x_wconf 81' lang='lat' dir='ltr'>reduxit,</span> <span class='ocrx_word' id='word_1_68' title='bbox 1239 754 1294 800; x_wconf 89' lang='lat' dir='ltr'>et,</span> <span class='ocrx_word' id='word_1_69' title='bbox 1344 763 1478 803; x_wconf 86' lang='lat' dir='ltr'>quum</span> <span class='ocrx_word' id='word_1_70' title='bbox 1510 750 1636 791; x_wconf 85' lang='lat' dir='ltr'>Cotta</span> <span class='ocrx_word' id='word_1_71' title='bbox 1668 749 1783 800; x_wconf 89' lang='lat' dir='ltr'>olim,</span> 
     </span>
     <span class='ocr_line' id='line_1_11' title="bbox 186 818 1785 873; baseline 0.001 -14"><span class='ocrx_word' id='word_1_72' title='bbox 186 820 229 860; x_wconf 87' lang='lat' dir='ltr'>in</span> <span class='ocrx_word' id='word_1_73' title='bbox 269 818 405 859; x_wconf 86' lang='lat' dir='ltr'>libera</span> <span class='ocrx_word' id='word_1_74' title='bbox 445 832 492 859; x_wconf 89' lang='lat' dir='ltr'>re</span> <span class='ocrx_word' id='word_1_75' title='bbox 528 818 703 871; x_wconf 86' lang='lat' dir='ltr'>publica</span> <span class='ocrx_word' id='word_1_76' title='bbox 743 820 976 872; x_wconf 83' lang='lat' dir='ltr'>populares</span> <span class='ocrx_word' id='word_1_77' title='bbox 1015 823 1161 873; x_wconf 86' lang='lat' dir='ltr'>partes</span> <span class='ocrx_word' id='word_1_78' title='bbox 1201 823 1392 869; x_wconf 86' lang='lat' dir='ltr'>sectans,</span> <span class='ocrx_word' id='word_1_79' title='bbox 1440 820 1637 862; x_wconf 86' lang='lat' dir='ltr'>tribunos</span> <span class='ocrx_word' id='word_1_80' title='bbox 1685 834 1785 862; x_wconf 88' lang='lat' dir='ltr'>suos</span> 
     </span>
     <span class='ocr_line' id='line_1_12' title="bbox 187 890 1787 944; baseline 0.001 -14"><span class='ocrx_word' id='word_1_81' title='bbox 187 891 362 931; x_wconf 79' lang='lat' dir='ltr'>aerarios</span> <span class='ocrx_word' id='word_1_82' title='bbox 395 890 670 931; x_wconf 88' lang='lat' dir='ltr'>senatoribus</span> <span class='ocrx_word' id='word_1_83' title='bbox 712 893 754 931; x_wconf 91' lang='lat' dir='ltr'>et</span> <span class='ocrx_word' id='word_1_84' title='bbox 786 892 1003 944; x_wconf 86' lang='lat' dir='ltr'>equitibus</span> <span class='ocrx_word' id='word_1_85' title='bbox 1046 893 1090 932; x_wconf 90' lang='lat' dir='ltr'>in</span> <span class='ocrx_word' id='word_1_86' title='bbox 1122 891 1323 933; x_wconf 88' lang='lat' dir='ltr'>omnibus</span> <span class='ocrx_word' id='word_1_87' title='bbox 1362 891 1528 932; x_wconf 89' lang='lat' dir='ltr'>iudiciis</span> <span class='ocrx_word' id='word_1_88' title='bbox 1568 904 1694 944; x_wconf 83' lang='lat' dir='ltr'>aequa</span> <span class='ocrx_word' id='word_1_89' title='bbox 1734 904 1787 932; x_wconf 80' lang='lat' dir='ltr'>ex</span> 
     </span>
    </p>
   </div>
   <div class='ocr_carea' id='block_1_4' title="bbox 186 961 1787 1085">
    <p class='ocr_par' dir='ltr' id='par_1_4' title="bbox 186 961 1787 1085">
     <span class='ocr_line' id='line_1_13' title="bbox 186 961 1787 1015; baseline 0.001 -14"><span class='ocrx_word' id='word_1_90' title='bbox 186 964 310 1014; x_wconf 83' lang='lat' dir='ltr'>parte</span> <span class='ocrx_word' id='word_1_91' title='bbox 343 961 622 1010; x_wconf 80' lang='lat' dir='ltr'>adiunxisset,</span> <span class='ocrx_word' id='word_1_92' title='bbox 656 961 880 1014; x_wconf 80' lang='lat' dir='ltr'>Augustus</span> <span class='ocrx_word' id='word_1_93' title='bbox 914 963 1169 1004; x_wconf 87' lang='lat' dir='ltr'>ducenarios</span> <span class='ocrx_word' id='word_1_94' title='bbox 1202 976 1303 1004; x_wconf 90' lang='lat' dir='ltr'>suos</span> <span class='ocrx_word' id='word_1_95' title='bbox 1336 962 1450 1003; x_wconf 89' lang='lat' dir='ltr'>intra</span> <span class='ocrx_word' id='word_1_96' title='bbox 1482 963 1599 1003; x_wconf 85' lang='lat' dir='ltr'>leves</span> <span class='ocrx_word' id='word_1_97' title='bbox 1631 965 1674 1003; x_wconf 92' lang='lat' dir='ltr'>et</span> <span class='ocrx_word' id='word_1_98' title='bbox 1698 963 1787 1015; x_wconf 85' lang='lat' dir='ltr'>pri-</span> 
     </span>
     <span class='ocr_line' id='line_1_14' title="bbox 188 1029 741 1085; baseline 0.002 -13"><span class='ocrx_word' id='word_1_99' title='bbox 188 1034 310 1073; x_wconf 83' lang='lat' dir='ltr'>vatas</span> <span class='ocrx_word' id='word_1_100' title='bbox 344 1031 439 1073; x_wconf 89' lang='lat' dir='ltr'>lites</span> <span class='ocrx_word' id='word_1_101' title='bbox 473 1029 741 1085; x_wconf 71' lang='lat' dir='ltr'>continuit.²)</span> 
     </span>
    </p>
   </div>
   <div class='ocr_carea' id='block_1_5' title="bbox 224 1182 1791 3002">
    <p class='ocr_par' dir='ltr' id='par_1_5' title="bbox 224 1182 1791 1822">
     <span class='ocr_line' id='line_1_15' title="bbox 224 1182 1789 1230; baseline 0.001 -12"><span class='ocrx_word' id='word_1_102' title='bbox 224 1182 253 1227; x_wconf 86' lang='lat'>¹)</span> <span class='ocrx_word' id='word_1_103' title='bbox 280 1184 462 1219; x_wconf 81' lang='lat' dir='ltr'>Ciceronis</span> <span class='ocrx_word' id='word_1_104' title='bbox 496 1185 573 1219; x_wconf 87' lang='lat' dir='ltr'>haec</span> <span class='ocrx_word' id='word_1_105' title='bbox 605 1189 691 1219; x_wconf 89' lang='lat' dir='ltr'>sunt</span> <span class='ocrx_word' id='word_1_106' title='bbox 724 1183 772 1230; x_wconf 92' lang='lat' dir='ltr'>(p.</span> <span class='ocrx_word' id='word_1_107' title='bbox 799 1185 868 1219; x_wconf 81' lang='lat'>339</span> <span class='ocrx_word' id='word_1_108' title='bbox 901 1185 993 1227; x_wconf 88' lang='lat' dir='ltr'>Or.):</span> <span class='ocrx_word' id='word_1_109' title='bbox 1040 1188 1081 1220; x_wconf 73' lang='lat' dir='ltr'>Ut</span> <span class='ocrx_word' id='word_1_110' title='bbox 1106 1188 1258 1230; x_wconf 68' lang='lat' dir='ltr'>posthac</span> <span class='ocrx_word' id='word_1_111' title='bbox 1289 1188 1361 1229; x_wconf 70' lang='lat' dir='ltr'>Zeye</span> <span class='ocrx_word' id='word_1_112' title='bbox 1392 1187 1544 1220; x_wconf 74' lang='lat' dir='ltr'>Aurelia</span> <span class='ocrx_word' id='word_1_113' title='bbox 1578 1188 1684 1220; x_wconf 72' lang='lat' dir='ltr'>iudeae</span> <span class='ocrx_word' id='word_1_114' title='bbox 1715 1197 1789 1220; x_wconf 76' lang='lat' dir='ltr'>esse</span> 
     </span>
     <span class='ocr_line' id='line_1_16' title="bbox 283 1245 1791 1289; baseline 0.001 -12"><span class='ocrx_word' id='word_1_115' title='bbox 283 1256 352 1278; x_wconf 76' lang='lat' dir='ltr'>non</span> <span class='ocrx_word' id='word_1_116' title='bbox 372 1246 499 1288; x_wconf 64' lang='lat' dir='ltr'>possit,</span> <span class='ocrx_word' id='word_1_117' title='bbox 539 1245 585 1278; x_wconf 89' lang='lat' dir='ltr'>ad</span> <span class='ocrx_word' id='word_1_118' title='bbox 618 1256 699 1288; x_wconf 84' lang='lat' dir='ltr'>quae</span> <span class='ocrx_word' id='word_1_119' title='bbox 725 1245 954 1279; x_wconf 81' lang='lat' dir='ltr'>scholiastes:</span> <span class='ocrx_word' id='word_1_120' title='bbox 993 1247 1038 1279; x_wconf 79' lang='lat' dir='ltr'>Id</span> <span class='ocrx_word' id='word_1_121' title='bbox 1063 1247 1118 1279; x_wconf 71' lang='lat' dir='ltr'>hic</span> <span class='ocrx_word' id='word_1_122' title='bbox 1146 1251 1250 1289; x_wconf 73' lang='lat' dir='ltr'>neyat</span> <span class='ocrx_word' id='word_1_123' title='bbox 1280 1246 1428 1289; x_wconf 76' lang='lat' dir='ltr'>Tullius,</span> <span class='ocrx_word' id='word_1_124' title='bbox 1469 1247 1601 1279; x_wconf 65' lang='lat' dir='ltr'>iudices</span> <span class='ocrx_word' id='word_1_125' title='bbox 1626 1246 1706 1279; x_wconf 78' lang='lat' dir='ltr'>illos</span> <span class='ocrx_word' id='word_1_126' title='bbox 1724 1256 1791 1288; x_wconf 77' lang='lat' dir='ltr'>pe-</span> 
     </span>
     <span class='ocr_line' id='line_1_17' title="bbox 283 1305 1788 1349; baseline 0 -12"><span class='ocrx_word' id='word_1_127' title='bbox 283 1306 438 1347; x_wconf 66' lang='lat' dir='ltr'>cuniam,</span> <span class='ocrx_word' id='word_1_128' title='bbox 466 1315 575 1347; x_wconf 78' lang='lat' dir='ltr'>quam</span> <span class='ocrx_word' id='word_1_129' title='bbox 601 1306 812 1348; x_wconf 73' lang='lat' dir='ltr'>acceperint,</span> <span class='ocrx_word' id='word_1_130' title='bbox 839 1306 1055 1348; x_wconf 72' lang='lat' dir='ltr'>reddituros,</span> <span class='ocrx_word' id='word_1_131' title='bbox 1082 1316 1124 1338; x_wconf 78' lang='lat' dir='ltr'>ne</span> <span class='ocrx_word' id='word_1_132' title='bbox 1143 1310 1271 1349; x_wconf 67' lang='lat' dir='ltr'>postea</span> <span class='ocrx_word' id='word_1_133' title='bbox 1296 1306 1335 1338; x_wconf 72' lang='lat' dir='ltr'>in</span> <span class='ocrx_word' id='word_1_134' title='bbox 1362 1316 1508 1339; x_wconf 76' lang='lat' dir='ltr'>numero</span> <span class='ocrx_word' id='word_1_135' title='bbox 1533 1305 1692 1338; x_wconf 68' lang='lat' dir='ltr'>iudicum</span> <span class='ocrx_word' id='word_1_136' title='bbox 1717 1305 1788 1348; x_wconf 62' lang='lat' dir='ltr'>leffe</span> 
     </span>
     <span class='ocr_line' id='line_1_18' title="bbox 283 1364 1790 1408; baseline 0 -12"><span class='ocrx_word' id='word_1_137' title='bbox 283 1364 434 1396; x_wconf 73' lang='lat' dir='ltr'>Aurelia</span> <span class='ocrx_word' id='word_1_138' title='bbox 460 1374 533 1396; x_wconf 77' lang='lat' dir='ltr'>esse</span> <span class='ocrx_word' id='word_1_139' title='bbox 558 1374 630 1397; x_wconf 76' lang='lat' dir='ltr'>non</span> <span class='ocrx_word' id='word_1_140' title='bbox 655 1366 810 1407; x_wconf 74' lang='lat' dir='ltr'>possint,</span> <span class='ocrx_word' id='word_1_141' title='bbox 848 1365 919 1397; x_wconf 74' lang='lat' dir='ltr'>sive</span> <span class='ocrx_word' id='word_1_142' title='bbox 945 1365 1039 1407; x_wconf 79' lang='lat' dir='ltr'>quod</span> <span class='ocrx_word' id='word_1_143' title='bbox 1064 1375 1109 1407; x_wconf 78' lang='lat' dir='ltr'>se,</span> <span class='ocrx_word' id='word_1_144' title='bbox 1141 1366 1335 1408; x_wconf 68' lang='lat' dir='ltr'>pecuniam</span> <span class='ocrx_word' id='word_1_145' title='bbox 1362 1365 1548 1404; x_wconf 73' lang='lat' dir='ltr'>reddendo,</span> <span class='ocrx_word' id='word_1_146' title='bbox 1585 1364 1790 1406; x_wconf 75' lang='lat' dir='ltr'>faterentur</span> 
     </span>
     <span class='ocr_line' id='line_1_19' title="bbox 281 1420 1788 1467; baseline 0 -12"><span class='ocrx_word' id='word_1_147' title='bbox 281 1433 354 1455; x_wconf 72' lang='lat' dir='ltr'>esse</span> <span class='ocrx_word' id='word_1_148' title='bbox 393 1427 582 1465; x_wconf 74' lang='lat' dir='ltr'>corruptos</span> <span class='ocrx_word' id='word_1_149' title='bbox 621 1420 703 1463; x_wconf 90' lang='lat' dir='ltr'>(hoc</span> <span class='ocrx_word' id='word_1_150' title='bbox 742 1422 925 1466; x_wconf 85' lang='lat' dir='ltr'>ineptum;</span> <span class='ocrx_word' id='word_1_151' title='bbox 965 1433 1051 1456; x_wconf 87' lang='lat' dir='ltr'>nam</span> <span class='ocrx_word' id='word_1_152' title='bbox 1090 1423 1135 1457; x_wconf 87' lang='lat' dir='ltr'>ad</span> <span class='ocrx_word' id='word_1_153' title='bbox 1168 1435 1249 1457; x_wconf 86' lang='lat' dir='ltr'>eam</span> <span class='ocrx_word' id='word_1_154' title='bbox 1282 1434 1359 1457; x_wconf 90' lang='lat' dir='ltr'>rem</span> <span class='ocrx_word' id='word_1_155' title='bbox 1391 1422 1555 1467; x_wconf 86' lang='lat' dir='ltr'>pecuniae</span> <span class='ocrx_word' id='word_1_156' title='bbox 1586 1421 1788 1455; x_wconf 84' lang='lat' dir='ltr'>redditione</span> 
     </span>
     <span class='ocr_line' id='line_1_20' title="bbox 283 1479 1787 1527; baseline 0 -13"><span class='ocrx_word' id='word_1_157' title='bbox 283 1492 373 1525; x_wconf 91' lang='lat' dir='ltr'>opus</span> <span class='ocrx_word' id='word_1_158' title='bbox 400 1492 474 1515; x_wconf 88' lang='lat' dir='ltr'>non</span> <span class='ocrx_word' id='word_1_159' title='bbox 501 1479 603 1524; x_wconf 86' lang='lat' dir='ltr'>erat),</span> <span class='ocrx_word' id='word_1_160' title='bbox 636 1483 707 1515; x_wconf 64' lang='lat' dir='ltr'>sice</span> <span class='ocrx_word' id='word_1_161' title='bbox 733 1483 837 1525; x_wconf 69' lang='lat' dir='ltr'>quod,</span> <span class='ocrx_word' id='word_1_162' title='bbox 866 1484 1010 1515; x_wconf 77' lang='lat' dir='ltr'>amissis</span> <span class='ocrx_word' id='word_1_163' title='bbox 1036 1485 1185 1516; x_wconf 70' lang='lat' dir='ltr'>trecenis</span> <span class='ocrx_word' id='word_1_164' title='bbox 1210 1484 1262 1517; x_wconf 77' lang='lat' dir='ltr'>vel</span> <span class='ocrx_word' id='word_1_165' title='bbox 1288 1484 1542 1527; x_wconf 72' lang='lat' dir='ltr'>quadrayeni8‚</span> <span class='ocrx_word' id='word_1_166' title='bbox 1576 1492 1655 1525; x_wconf 76' lang='lat' dir='ltr'>quoe</span> <span class='ocrx_word' id='word_1_167' title='bbox 1681 1493 1703 1515; x_wconf 83' lang='lat' dir='ltr'><strong><em>a</em></strong></span> <span class='ocrx_word' id='word_1_168' title='bbox 1727 1492 1787 1515; x_wconf 76' lang='lat' dir='ltr'>reo</span> 
     </span>
     <span class='ocr_line' id='line_1_21' title="bbox 283 1539 1788 1585; baseline 0 -12"><span class='ocrx_word' id='word_1_169' title='bbox 283 1545 502 1584; x_wconf 73' lang='lat' dir='ltr'>acceperant,</span> <span class='ocrx_word' id='word_1_170' title='bbox 543 1542 580 1574; x_wconf 76' lang='grc' dir='ltr'>ῐη</span> <span class='ocrx_word' id='word_1_171' title='bbox 611 1546 797 1583; x_wconf 63' lang='grc' dir='ltr'>εῃεειατεηι</span> <span class='ocrx_word' id='word_1_172' title='bbox 830 1542 1092 1575; x_wconf 67' lang='lat' dir='ltr'>revolverentur</span> <span class='ocrx_word' id='word_1_173' title='bbox 1117 1553 1159 1575; x_wconf 75' lang='lat' dir='ltr'>ac</span> <span class='ocrx_word' id='word_1_174' title='bbox 1177 1547 1373 1585; x_wconf 70' lang='lat' dir='ltr'>propterea</span> <span class='ocrx_word' id='word_1_175' title='bbox 1400 1543 1437 1575; x_wconf 77' lang='lat' dir='ltr'>in</span> <span class='ocrx_word' id='word_1_176' title='bbox 1462 1542 1622 1575; x_wconf 76' lang='lat' dir='ltr'>iudicum</span> <span class='ocrx_word' id='word_1_177' title='bbox 1647 1539 1788 1582; x_wconf 86' lang='lat' dir='ltr'>(nume-</span> 
     </span>
     <span class='ocr_line' id='line_1_22' title="bbox 283 1598 1787 1644; baseline -0.001 -11"><span class='ocrx_word' id='word_1_178' title='bbox 283 1611 365 1633; x_wconf 88' lang='lat' dir='ltr'>rum</span> <span class='ocrx_word' id='word_1_179' title='bbox 391 1599 461 1643; x_wconf 81' lang='lat' dir='ltr'>legi</span> <span class='ocrx_word' id='word_1_180' title='bbox 487 1610 559 1633; x_wconf 88' lang='lat' dir='ltr'>non</span> <span class='ocrx_word' id='word_1_181' title='bbox 586 1598 759 1643; x_wconf 80' lang='lat' dir='ltr'>possent).</span> <span class='ocrx_word' id='word_1_182' title='bbox 811 1600 861 1633; x_wconf 91' lang='lat' dir='ltr'>Ne</span> <span class='ocrx_word' id='word_1_183' title='bbox 895 1600 976 1644; x_wconf 88' lang='lat' dir='ltr'>quis</span> <span class='ocrx_word' id='word_1_184' title='bbox 1010 1601 1054 1635; x_wconf 93' lang='lat' dir='ltr'>de</span> <span class='ocrx_word' id='word_1_185' title='bbox 1087 1601 1171 1635; x_wconf 91' lang='lat' dir='ltr'>solis</span> <span class='ocrx_word' id='word_1_186' title='bbox 1207 1600 1389 1644; x_wconf 87' lang='lat' dir='ltr'>equitibus</span> <span class='ocrx_word' id='word_1_187' title='bbox 1423 1600 1491 1634; x_wconf 92' lang='lat' dir='ltr'>hoc</span> <span class='ocrx_word' id='word_1_188' title='bbox 1516 1600 1787 1643; x_wconf 82' lang='lat' dir='ltr'>interpretetur,</span> 
     </span>
     <span class='ocr_line' id='line_1_23' title="bbox 282 1656 1785 1703; baseline 0 -12"><span class='ocrx_word' id='word_1_189' title='bbox 282 1658 443 1702; x_wconf 86' lang='lat' dir='ltr'>primum</span> <span class='ocrx_word' id='word_1_190' title='bbox 475 1657 626 1692; x_wconf 84' lang='lat' dir='ltr'>minime</span> <span class='ocrx_word' id='word_1_191' title='bbox 660 1659 756 1692; x_wconf 90' lang='lat' dir='ltr'>solos</span> <span class='ocrx_word' id='word_1_192' title='bbox 789 1658 930 1702; x_wconf 84' lang='lat' dir='ltr'>equites</span> <span class='ocrx_word' id='word_1_193' title='bbox 962 1671 983 1693; x_wconf 89' lang='lat' dir='ltr'>a</span> <span class='ocrx_word' id='word_1_194' title='bbox 1017 1660 1140 1694; x_wconf 89' lang='lat' dir='ltr'>Clodio</span> <span class='ocrx_word' id='word_1_195' title='bbox 1175 1663 1363 1703; x_wconf 85' lang='lat' dir='ltr'>corruptos</span> <span class='ocrx_word' id='word_1_196' title='bbox 1390 1659 1513 1694; x_wconf 88' lang='lat' dir='ltr'>Cicero</span> <span class='ocrx_word' id='word_1_197' title='bbox 1540 1658 1683 1692; x_wconf 88' lang='lat' dir='ltr'>dicebat</span> <span class='ocrx_word' id='word_1_198' title='bbox 1709 1656 1785 1700; x_wconf 84' lang='lat' dir='ltr'>(cfr.</span> 
     </span>
     <span class='ocr_line' id='line_1_24' title="bbox 283 1716 1788 1762; baseline 0 -11"><span class='ocrx_word' id='word_1_199' title='bbox 283 1718 329 1751; x_wconf 91' lang='lat' dir='ltr'>ad</span> <span class='ocrx_word' id='word_1_200' title='bbox 356 1717 430 1751; x_wconf 91' lang='lat' dir='ltr'>Att.</span> <span class='ocrx_word' id='word_1_201' title='bbox 459 1717 484 1757; x_wconf 83' lang='grc' dir='ltr'>Ι,</span> <span class='ocrx_word' id='word_1_202' title='bbox 512 1716 568 1758; x_wconf 82' lang='lat'>16,</span> <span class='ocrx_word' id='word_1_203' title='bbox 594 1716 642 1759; x_wconf 80' lang='lat'>3),</span> <span class='ocrx_word' id='word_1_204' title='bbox 678 1716 809 1751; x_wconf 90' lang='lat' dir='ltr'>deinde</span> <span class='ocrx_word' id='word_1_205' title='bbox 842 1718 909 1752; x_wconf 89' lang='lat' dir='ltr'>hac</span> <span class='ocrx_word' id='word_1_206' title='bbox 936 1718 1014 1762; x_wconf 91' lang='lat' dir='ltr'>ipsa</span> <span class='ocrx_word' id='word_1_207' title='bbox 1040 1719 1084 1753; x_wconf 87' lang='lat' dir='ltr'>de</span> <span class='ocrx_word' id='word_1_208' title='bbox 1110 1730 1220 1753; x_wconf 88' lang='lat' dir='ltr'>causa</span> <span class='ocrx_word' id='word_1_209' title='bbox 1247 1719 1296 1752; x_wconf 88' lang='lat' dir='ltr'>ita</span> <span class='ocrx_word' id='word_1_210' title='bbox 1321 1719 1464 1753; x_wconf 90' lang='lat' dir='ltr'>locutus</span> <span class='ocrx_word' id='word_1_211' title='bbox 1491 1721 1555 1759; x_wconf 89' lang='lat' dir='ltr'>est,</span> <span class='ocrx_word' id='word_1_212' title='bbox 1594 1721 1634 1752; x_wconf 89' lang='lat' dir='ltr'>ut</span> <span class='ocrx_word' id='word_1_213' title='bbox 1660 1728 1788 1752; x_wconf 89' lang='lat' dir='ltr'>omnes</span> 
     </span>
     <span class='ocr_line' id='line_1_25' title="bbox 283 1776 1680 1822; baseline 0 -11"><span class='ocrx_word' id='word_1_214' title='bbox 283 1776 604 1821; x_wconf 72' lang='lat' dir='ltr'>complecteretur,</span> <span class='ocrx_word' id='word_1_215' title='bbox 631 1776 794 1820; x_wconf 87' lang='lat' dir='ltr'>alioquin</span> <span class='ocrx_word' id='word_1_216' title='bbox 821 1780 1028 1820; x_wconf 86' lang='lat' dir='ltr'>equestrem</span> <span class='ocrx_word' id='word_1_217' title='bbox 1055 1778 1270 1822; x_wconf 83' lang='lat' dir='ltr'>dignitatem</span> <span class='ocrx_word' id='word_1_218' title='bbox 1296 1778 1495 1812; x_wconf 89' lang='lat' dir='ltr'>amissuros</span> <span class='ocrx_word' id='word_1_219' title='bbox 1522 1777 1680 1811; x_wconf 85' lang='lat' dir='ltr'>dixisset.</span> 
     </span>
    </p>

    <p class='ocr_par' dir='ltr' id='par_1_6' title="bbox 225 1834 1788 3002">
     <span class='ocr_line' id='line_1_26' title="bbox 225 1834 1786 1881; baseline 0 -11"><span class='ocrx_word' id='word_1_220' title='bbox 225 1834 253 1879; x_wconf 75' lang='grc'>2)</span> <span class='ocrx_word' id='word_1_221' title='bbox 279 1838 506 1870; x_wconf 67' lang='lat' dir='ltr'>Dareum-ios</span> <span class='ocrx_word' id='word_1_222' title='bbox 533 1847 553 1869; x_wconf 90' lang='lat' dir='ltr'>a</span> <span class='ocrx_word' id='word_1_223' title='bbox 579 1835 821 1869; x_wconf 87' lang='lat' dir='ltr'>ducentorum</span> <span class='ocrx_word' id='word_1_224' title='bbox 848 1836 1097 1871; x_wconf 84' lang='lat' dir='ltr'>sestertiorum</span> <span class='ocrx_word' id='word_1_225' title='bbox 1118 1848 1239 1879; x_wconf 89' lang='lat' dir='ltr'>censu,</span> <span class='ocrx_word' id='word_1_226' title='bbox 1268 1837 1416 1871; x_wconf 90' lang='lat' dir='ltr'>dimidio</span> <span class='ocrx_word' id='word_1_227' title='bbox 1442 1836 1619 1881; x_wconf 89' lang='lat' dir='ltr'>equestris</span> <span class='ocrx_word' id='word_1_228' title='bbox 1645 1847 1786 1877; x_wconf 55' lang='lat' dir='ltr'>census</span> 
     </span>
     <span class='ocr_line' id='line_1_27' title="bbox 282 1895 1786 1940; baseline 0 -11"><span class='ocrx_word' id='word_1_229' title='bbox 282 1895 484 1940; x_wconf 85' lang='lat' dir='ltr'>appellatos</span> <span class='ocrx_word' id='word_1_230' title='bbox 522 1897 618 1927; x_wconf 86' lang='lat' dir='ltr'>recte</span> <span class='ocrx_word' id='word_1_231' title='bbox 657 1895 788 1928; x_wconf 89' lang='lat' dir='ltr'>docent</span> <span class='ocrx_word' id='word_1_232' title='bbox 821 1898 857 1929; x_wconf 87' lang='lat' dir='ltr'>et</span> <span class='ocrx_word' id='word_1_233' title='bbox 891 1896 1141 1931; x_wconf 87' lang='lat' dir='ltr'>centenarium</span> <span class='ocrx_word' id='word_1_234' title='bbox 1172 1897 1344 1930; x_wconf 85' lang='lat' dir='ltr'>libertum</span> <span class='ocrx_word' id='word_1_235' title='bbox 1378 1907 1421 1930; x_wconf 87' lang='lat' dir='ltr'>ex</span> <span class='ocrx_word' id='word_1_236' title='bbox 1453 1895 1530 1931; x_wconf 92' lang='lat' dir='ltr'>iure</span> <span class='ocrx_word' id='word_1_237' title='bbox 1562 1897 1786 1940; x_wconf 89' lang='lat' dir='ltr'>comparant.</span> 
     </span>
     <span class='ocr_line' id='line_1_28' title="bbox 283 1953 1788 1999; baseline -0.001 -10"><span class='ocrx_word' id='word_1_238' title='bbox 283 1955 352 1989; x_wconf 88' lang='lat' dir='ltr'>Sed</span> <span class='ocrx_word' id='word_1_239' title='bbox 379 1954 456 1988; x_wconf 90' lang='lat' dir='ltr'>iure</span> <span class='ocrx_word' id='word_1_240' title='bbox 483 1953 667 1996; x_wconf 60' lang='lat' dir='ltr'>quaeritur,</span> <span class='ocrx_word' id='word_1_241' title='bbox 707 1964 920 1998; x_wconf 87' lang='lat' dir='ltr'>quanquam</span> <span class='ocrx_word' id='word_1_242' title='bbox 952 1955 987 1988; x_wconf 87' lang='lat' dir='ltr'>id</span> <span class='ocrx_word' id='word_1_243' title='bbox 1020 1955 1064 1989; x_wconf 89' lang='lat' dir='ltr'>ad</span> <span class='ocrx_word' id='word_1_244' title='bbox 1098 1959 1259 1990; x_wconf 88' lang='lat' dir='ltr'>nostram</span> <span class='ocrx_word' id='word_1_245' title='bbox 1292 1967 1369 1990; x_wconf 89' lang='lat' dir='ltr'>rem</span> <span class='ocrx_word' id='word_1_246' title='bbox 1396 1966 1469 1989; x_wconf 90' lang='lat' dir='ltr'>non</span> <span class='ocrx_word' id='word_1_247' title='bbox 1495 1955 1662 1999; x_wconf 86' lang='lat' dir='ltr'>pertinet,</span> <span class='ocrx_word' id='word_1_248' title='bbox 1702 1965 1788 1998; x_wconf 89' lang='lat' dir='ltr'>quo·</span> 
     </span>
     <span class='ocr_line' id='line_1_29' title="bbox 282 2012 1787 2059; baseline -0.001 -11"><span class='ocrx_word' id='word_1_249' title='bbox 282 2014 390 2048; x_wconf 89' lang='lat' dir='ltr'>modo</span> <span class='ocrx_word' id='word_1_250' title='bbox 417 2012 532 2047; x_wconf 88' lang='lat' dir='ltr'>tribus</span> <span class='ocrx_word' id='word_1_251' title='bbox 559 2012 713 2046; x_wconf 86' lang='lat' dir='ltr'>decuriis</span> <span class='ocrx_word' id='word_1_252' title='bbox 739 2013 925 2057; x_wconf 76' lang='lat' dir='ltr'>Augustus</span> <span class='ocrx_word' id='word_1_253' title='bbox 952 2018 1121 2058; x_wconf 84' lang='lat' dir='ltr'>quartam</span> <span class='ocrx_word' id='word_1_254' title='bbox 1148 2015 1338 2056; x_wconf 87' lang='lat' dir='ltr'>addiderit,</span> <span class='ocrx_word' id='word_1_255' title='bbox 1374 2026 1488 2059; x_wconf 86' lang='lat' dir='ltr'>quum</span> <span class='ocrx_word' id='word_1_256' title='bbox 1521 2014 1611 2048; x_wconf 91' lang='lat' dir='ltr'>duas</span> <span class='ocrx_word' id='word_1_257' title='bbox 1643 2016 1787 2048; x_wconf 90' lang='lat' dir='ltr'>tantum</span> 
     </span>
     <span class='ocr_line' id='line_1_30' title="bbox 283 2071 1786 2118; baseline -0.001 -11"><span class='ocrx_word' id='word_1_258' title='bbox 283 2073 462 2107; x_wconf 81' lang='lat' dir='ltr'>Caesarem</span> <span class='ocrx_word' id='word_1_259' title='bbox 488 2071 688 2115; x_wconf 86' lang='lat' dir='ltr'>reliquisse,</span> <span class='ocrx_word' id='word_1_260' title='bbox 728 2083 801 2106; x_wconf 89' lang='lat' dir='ltr'>non</span> <span class='ocrx_word' id='word_1_261' title='bbox 833 2073 952 2107; x_wconf 88' lang='lat' dir='ltr'>solum</span> <span class='ocrx_word' id='word_1_262' title='bbox 985 2073 1056 2107; x_wconf 87' lang='lat' dir='ltr'>duo</span> <span class='ocrx_word' id='word_1_263' title='bbox 1088 2073 1249 2107; x_wconf 86' lang='lat' dir='ltr'>iudicum</span> <span class='ocrx_word' id='word_1_264' title='bbox 1283 2084 1426 2118; x_wconf 79' lang='lat' dir='ltr'>genera,</span> <span class='ocrx_word' id='word_1_265' title='bbox 1464 2076 1638 2118; x_wconf 86' lang='lat' dir='ltr'>appareat</span> <span class='ocrx_word' id='word_1_266' title='bbox 1663 2083 1707 2107; x_wconf 88' lang='lat' dir='ltr'>ex</span> <span class='ocrx_word' id='word_1_267' title='bbox 1733 2072 1786 2113; x_wconf 90' lang='lat' dir='ltr'>iis,</span> 
     </span>
     <span class='ocr_line' id='line_1_31' title="bbox 282 2131 1786 2176; baseline -0.001 -10"><span class='ocrx_word' id='word_1_268' title='bbox 282 2143 362 2176; x_wconf 87' lang='lat' dir='ltr'>quae</span> <span class='ocrx_word' id='word_1_269' title='bbox 389 2131 512 2165; x_wconf 84' lang='lat' dir='ltr'>Cicero</span> <span class='ocrx_word' id='word_1_270' title='bbox 540 2131 583 2164; x_wconf 91' lang='lat' dir='ltr'>de</span> <span class='ocrx_word' id='word_1_271' title='bbox 610 2131 759 2165; x_wconf 91' lang='lat' dir='ltr'>Antonii</span> <span class='ocrx_word' id='word_1_272' title='bbox 789 2131 867 2175; x_wconf 82' lang='lat' dir='ltr'>lege</span> <span class='ocrx_word' id='word_1_273' title='bbox 893 2132 979 2166; x_wconf 87' lang='lat' dir='ltr'>dicit</span> <span class='ocrx_word' id='word_1_274' title='bbox 1004 2132 1095 2166; x_wconf 91' lang='lat' dir='ltr'>Phil.</span> <span class='ocrx_word' id='word_1_275' title='bbox 1123 2132 1148 2173; x_wconf 92' lang='grc' dir='ltr'>Ι,</span> <span class='ocrx_word' id='word_1_276' title='bbox 1183 2131 1215 2173; x_wconf 83' lang='grc'>8,</span> <span class='ocrx_word' id='word_1_277' title='bbox 1249 2133 1290 2174; x_wconf 89' lang='lat' dir='ltr'>V,</span> <span class='ocrx_word' id='word_1_278' title='bbox 1323 2132 1355 2173; x_wconf 82' lang='lat'>5,</span> <span class='ocrx_word' id='word_1_279' title='bbox 1388 2132 1481 2173; x_wconf 85' lang='lat' dir='ltr'>XIII,</span> <span class='ocrx_word' id='word_1_280' title='bbox 1515 2131 1547 2166; x_wconf 77' lang='lat'>2.</span> <span class='ocrx_word' id='word_1_281' title='bbox 1597 2132 1689 2166; x_wconf 87' lang='lat' dir='ltr'>Nam</span> <span class='ocrx_word' id='word_1_282' title='bbox 1716 2131 1786 2165; x_wconf 92' lang='lat' dir='ltr'>An-</span> 
     </span>
     <span class='ocr_line' id='line_1_32' title="bbox 282 2189 1786 2235; baseline 0 -11"><span class='ocrx_word' id='word_1_283' title='bbox 282 2190 423 2225; x_wconf 88' lang='lat' dir='ltr'>tonium</span> <span class='ocrx_word' id='word_1_284' title='bbox 450 2191 567 2234; x_wconf 81' lang='lat' dir='ltr'>legem</span> <span class='ocrx_word' id='word_1_285' title='bbox 593 2201 666 2224; x_wconf 90' lang='lat' dir='ltr'>non</span> <span class='ocrx_word' id='word_1_286' title='bbox 693 2191 895 2235; x_wconf 87' lang='lat' dir='ltr'>pertulisse,</span> <span class='ocrx_word' id='word_1_287' title='bbox 922 2192 1110 2235; x_wconf 85' lang='lat' dir='ltr'>probabile</span> <span class='ocrx_word' id='word_1_288' title='bbox 1136 2195 1200 2233; x_wconf 88' lang='lat' dir='ltr'>est,</span> <span class='ocrx_word' id='word_1_289' title='bbox 1229 2195 1274 2233; x_wconf 90' lang='lat' dir='ltr'>et,</span> <span class='ocrx_word' id='word_1_290' title='bbox 1301 2191 1330 2225; x_wconf 91' lang='lat' dir='ltr'>si</span> <span class='ocrx_word' id='word_1_291' title='bbox 1356 2190 1515 2235; x_wconf 87' lang='lat' dir='ltr'>pertulit,</span> <span class='ocrx_word' id='word_1_292' title='bbox 1548 2201 1632 2225; x_wconf 89' lang='lat' dir='ltr'>cum</span> <span class='ocrx_word' id='word_1_293' title='bbox 1658 2189 1786 2224; x_wconf 84' lang='lat' dir='ltr'>ceteris</span> 
     </span>
     <span class='ocr_line' id='line_1_33' title="bbox 283 2249 1787 2295; baseline 0 -12"><span class='ocrx_word' id='word_1_294' title='bbox 283 2249 359 2283; x_wconf 89' lang='lat' dir='ltr'>eius</span> <span class='ocrx_word' id='word_1_295' title='bbox 386 2250 596 2284; x_wconf 86' lang='lat' dir='ltr'>consulatus</span> <span class='ocrx_word' id='word_1_296' title='bbox 623 2250 711 2284; x_wconf 91' lang='lat' dir='ltr'>actis</span> <span class='ocrx_word' id='word_1_297' title='bbox 738 2251 883 2284; x_wconf 82' lang='lat' dir='ltr'>sublata</span> <span class='ocrx_word' id='word_1_298' title='bbox 909 2254 973 2292; x_wconf 90' lang='lat' dir='ltr'>est,</span> <span class='ocrx_word' id='word_1_299' title='bbox 1006 2261 1074 2285; x_wconf 91' lang='lat' dir='ltr'>nec</span> <span class='ocrx_word' id='word_1_300' title='bbox 1104 2250 1133 2284; x_wconf 87' lang='lat' dir='ltr'>is</span> <span class='ocrx_word' id='word_1_301' title='bbox 1166 2254 1246 2295; x_wconf 91' lang='lat' dir='ltr'>post</span> <span class='ocrx_word' id='word_1_302' title='bbox 1272 2251 1409 2284; x_wconf 85' lang='lat' dir='ltr'>bellum</span> <span class='ocrx_word' id='word_1_303' title='bbox 1435 2250 1638 2289; x_wconf 86' lang='lat' dir='ltr'>Mutinense</span> <span class='ocrx_word' id='word_1_304' title='bbox 1664 2249 1787 2284; x_wconf 90' lang='lat' dir='ltr'>huius-</span> 
     </span>
     <span class='ocr_line' id='line_1_34' title="bbox 282 2309 1787 2354; baseline 0 -12"><span class='ocrx_word' id='word_1_305' title='bbox 282 2309 380 2342; x_wconf 86' lang='lat' dir='ltr'>modi</span> <span class='ocrx_word' id='word_1_306' title='bbox 406 2309 499 2343; x_wconf 88' lang='lat' dir='ltr'>ullas</span> <span class='ocrx_word' id='word_1_307' title='bbox 526 2321 582 2344; x_wconf 89' lang='lat' dir='ltr'>res</span> <span class='ocrx_word' id='word_1_308' title='bbox 609 2310 736 2354; x_wconf 83' lang='lat' dir='ltr'>attigit.</span> <span class='ocrx_word' id='word_1_309' title='bbox 788 2311 831 2344; x_wconf 91' lang='lat' dir='ltr'>Et</span> <span class='ocrx_word' id='word_1_310' title='bbox 857 2310 934 2344; x_wconf 88' lang='lat' dir='ltr'>eius</span> <span class='ocrx_word' id='word_1_311' title='bbox 960 2310 1066 2344; x_wconf 85' lang='lat' dir='ltr'>tertia</span> <span class='ocrx_word' id='word_1_312' title='bbox 1103 2310 1249 2344; x_wconf 87' lang='lat' dir='ltr'>decuria</span> <span class='ocrx_word' id='word_1_313' title='bbox 1280 2310 1422 2344; x_wconf 87' lang='lat' dir='ltr'>nullum</span> <span class='ocrx_word' id='word_1_314' title='bbox 1454 2309 1604 2344; x_wconf 91' lang='lat' dir='ltr'>omnino</span> <span class='ocrx_word' id='word_1_315' title='bbox 1636 2319 1787 2342; x_wconf 88' lang='lat' dir='ltr'>censum</span> 
     </span>
     <span class='ocr_line' id='line_1_35' title="bbox 284 2367 1788 2413; baseline 0 -12"><span class='ocrx_word' id='word_1_316' title='bbox 284 2368 520 2411; x_wconf 80' lang='lat' dir='ltr'>praefiniebat,</span> <span class='ocrx_word' id='word_1_317' title='bbox 554 2372 595 2403; x_wconf 92' lang='lat' dir='ltr'>ut</span> <span class='ocrx_word' id='word_1_318' title='bbox 627 2372 758 2413; x_wconf 85' lang='lat' dir='ltr'>quarta</span> <span class='ocrx_word' id='word_1_319' title='bbox 790 2380 834 2404; x_wconf 85' lang='lat' dir='ltr'>ex</span> <span class='ocrx_word' id='word_1_320' title='bbox 867 2369 1036 2404; x_wconf 85' lang='lat' dir='ltr'>inferiore</span> <span class='ocrx_word' id='word_1_321' title='bbox 1063 2380 1174 2403; x_wconf 89' lang='lat' dir='ltr'>censu</span> <span class='ocrx_word' id='word_1_322' title='bbox 1200 2368 1231 2402; x_wconf 91' lang='lat' dir='ltr'>ei</span> <span class='ocrx_word' id='word_1_323' title='bbox 1258 2368 1341 2402; x_wconf 89' lang='lat' dir='ltr'>addi</span> <span class='ocrx_word' id='word_1_324' title='bbox 1367 2379 1441 2402; x_wconf 88' lang='lat' dir='ltr'>non</span> <span class='ocrx_word' id='word_1_325' title='bbox 1467 2371 1599 2412; x_wconf 89' lang='lat' dir='ltr'>posset.</span> <span class='ocrx_word' id='word_1_326' title='bbox 1649 2367 1788 2401; x_wconf 87' lang='lat' dir='ltr'>Walter</span> 
     </span>
     <span class='ocr_line' id='line_1_36' title="bbox 284 2425 1784 2472; baseline -0.001 -11"><span class='ocrx_word' id='word_1_327' title='bbox 284 2425 425 2467; x_wconf 87' lang='lat' dir='ltr'>(Gesch.</span> <span class='ocrx_word' id='word_1_328' title='bbox 460 2428 522 2461; x_wconf 87' lang='lat' dir='ltr'>des</span> <span class='ocrx_word' id='word_1_329' title='bbox 556 2431 646 2462; x_wconf 70' lang='lat' dir='ltr'>rdm.</span> <span class='ocrx_word' id='word_1_330' title='bbox 679 2428 816 2462; x_wconf 86' lang='lat' dir='ltr'>Rechts</span> <span class='ocrx_word' id='word_1_331' title='bbox 849 2429 864 2462; x_wconf 92' lang='grc' dir='ltr'>Ι</span> <span class='ocrx_word' id='word_1_332' title='bbox 896 2440 931 2472; x_wconf 90' lang='lat' dir='ltr'>p.</span> <span class='ocrx_word' id='word_1_333' title='bbox 958 2427 1027 2461; x_wconf 84' lang='lat'>243</span> <span class='ocrx_word' id='word_1_334' title='bbox 1061 2426 1146 2471; x_wconf 87' lang='lat' dir='ltr'>[vol.</span> <span class='ocrx_word' id='word_1_335' title='bbox 1173 2428 1205 2461; x_wconf 94' lang='lat' dir='ltr'>II</span> <span class='ocrx_word' id='word_1_336' title='bbox 1239 2439 1272 2471; x_wconf 90' lang='lat' dir='ltr'>p.</span> <span class='ocrx_word' id='word_1_337' title='bbox 1299 2426 1369 2460; x_wconf 78' lang='lat'>375</span> <span class='ocrx_word' id='word_1_338' title='bbox 1402 2427 1457 2461; x_wconf 87' lang='lat' dir='ltr'>ed.</span> <span class='ocrx_word' id='word_1_339' title='bbox 1490 2425 1543 2470; x_wconf 86' lang='lat'>3])</span> <span class='ocrx_word' id='word_1_340' title='bbox 1575 2427 1784 2471; x_wconf 84' lang='lat' dir='ltr'>Augustum</span> 
     </span>
     <span class='ocr_line' id='line_1_37' title="bbox 282 2484 1783 2530; baseline 0.001 -12"><span class='ocrx_word' id='word_1_341' title='bbox 282 2485 442 2529; x_wconf 87' lang='lat' dir='ltr'>primum</span> <span class='ocrx_word' id='word_1_342' title='bbox 469 2486 613 2520; x_wconf 86' lang='lat' dir='ltr'>tertiam</span> <span class='ocrx_word' id='word_1_343' title='bbox 641 2487 826 2521; x_wconf 87' lang='lat' dir='ltr'>decuriam</span> <span class='ocrx_word' id='word_1_344' title='bbox 852 2487 1064 2529; x_wconf 88' lang='lat' dir='ltr'>restituisse,</span> <span class='ocrx_word' id='word_1_345' title='bbox 1091 2487 1222 2521; x_wconf 88' lang='lat' dir='ltr'>deinde</span> <span class='ocrx_word' id='word_1_346' title='bbox 1248 2489 1417 2530; x_wconf 86' lang='lat' dir='ltr'>quartam</span> <span class='ocrx_word' id='word_1_347' title='bbox 1443 2486 1625 2520; x_wconf 90' lang='lat' dir='ltr'>addidisse</span> <span class='ocrx_word' id='word_1_348' title='bbox 1650 2484 1783 2520; x_wconf 87' lang='lat' dir='ltr'>scribit.</span> 
     </span>
     <span class='ocr_line' id='line_1_38' title="bbox 283 2543 1787 2590; baseline 0 -12"><span class='ocrx_word' id='word_1_349' title='bbox 283 2544 371 2578; x_wconf 87' lang='lat' dir='ltr'>Eam</span> <span class='ocrx_word' id='word_1_350' title='bbox 404 2544 552 2588; x_wconf 89' lang='lat' dir='ltr'>quidem</span> <span class='ocrx_word' id='word_1_351' title='bbox 584 2546 741 2589; x_wconf 86' lang='lat' dir='ltr'>tertiam,</span> <span class='ocrx_word' id='word_1_352' title='bbox 780 2558 861 2590; x_wconf 84' lang='lat' dir='ltr'>quae</span> <span class='ocrx_word' id='word_1_353' title='bbox 893 2546 1022 2588; x_wconf 85' lang='lat' dir='ltr'>fuerat,</span> <span class='ocrx_word' id='word_1_354' title='bbox 1061 2546 1292 2580; x_wconf 84' lang='lat' dir='ltr'>tribunorum</span> <span class='ocrx_word' id='word_1_355' title='bbox 1325 2544 1547 2583; x_wconf 84' lang='lat' dir='ltr'>aerariorum,</span> <span class='ocrx_word' id='word_1_356' title='bbox 1585 2555 1661 2579; x_wconf 89' lang='lat' dir='ltr'>non</span> <span class='ocrx_word' id='word_1_357' title='bbox 1686 2543 1787 2579; x_wconf 88' lang='lat' dir='ltr'>resti-</span> 
     </span>
     <span class='ocr_line' id='line_1_39' title="bbox 283 2603 1786 2649; baseline 0 -12"><span class='ocrx_word' id='word_1_358' title='bbox 283 2603 362 2644; x_wconf 84' lang='lat' dir='ltr'>tuit,</span> <span class='ocrx_word' id='word_1_359' title='bbox 390 2603 496 2647; x_wconf 89' lang='lat' dir='ltr'>eique</span> <span class='ocrx_word' id='word_1_360' title='bbox 522 2605 643 2648; x_wconf 89' lang='lat' dir='ltr'>potius</span> <span class='ocrx_word' id='word_1_361' title='bbox 670 2609 800 2649; x_wconf 90' lang='lat' dir='ltr'>quarta</span> <span class='ocrx_word' id='word_1_362' title='bbox 826 2617 921 2640; x_wconf 87' lang='lat' dir='ltr'>nova</span> <span class='ocrx_word' id='word_1_363' title='bbox 946 2605 1150 2649; x_wconf 88' lang='lat' dir='ltr'>respondet.</span> <span class='ocrx_word' id='word_1_364' title='bbox 1190 2604 1271 2645; x_wconf 88' lang='lat' dir='ltr'>Sed,</span> <span class='ocrx_word' id='word_1_365' title='bbox 1298 2607 1338 2638; x_wconf 93' lang='lat' dir='ltr'>ut</span> <span class='ocrx_word' id='word_1_366' title='bbox 1356 2604 1494 2648; x_wconf 83' lang='lat' dir='ltr'>opinor,</span> <span class='ocrx_word' id='word_1_367' title='bbox 1522 2604 1612 2638; x_wconf 92' lang='lat' dir='ltr'>duos</span> <span class='ocrx_word' id='word_1_368' title='bbox 1630 2603 1786 2644; x_wconf 84' lang='lat' dir='ltr'>ordines,</span> 
     </span>
     <span class='ocr_line' id='line_1_40' title="bbox 283 2661 1787 2707; baseline -0.001 -11"><span class='ocrx_word' id='word_1_369' title='bbox 283 2666 476 2697; x_wconf 55' lang='lat' dir='ltr'>senatores&gt;</span> <span class='ocrx_word' id='word_1_370' title='bbox 496 2667 531 2697; x_wconf 90' lang='lat' dir='ltr'>et</span> <span class='ocrx_word' id='word_1_371' title='bbox 557 2664 708 2707; x_wconf 87' lang='lat' dir='ltr'>equites,</span> <span class='ocrx_word' id='word_1_372' title='bbox 748 2664 1003 2698; x_wconf 86' lang='lat' dir='ltr'>commodioris</span> <span class='ocrx_word' id='word_1_373' title='bbox 1036 2675 1123 2698; x_wconf 90' lang='lat' dir='ltr'>usus</span> <span class='ocrx_word' id='word_1_374' title='bbox 1149 2674 1269 2705; x_wconf 87' lang='lat' dir='ltr'>causa,</span> <span class='ocrx_word' id='word_1_375' title='bbox 1308 2663 1345 2697; x_wconf 92' lang='lat' dir='ltr'>in</span> <span class='ocrx_word' id='word_1_376' title='bbox 1370 2666 1444 2697; x_wconf 90' lang='lat' dir='ltr'>tres</span> <span class='ocrx_word' id='word_1_377' title='bbox 1470 2661 1634 2700; x_wconf 73' lang='lat' dir='ltr'>decurias</span> <span class='ocrx_word' id='word_1_378' title='bbox 1659 2662 1787 2696; x_wconf 82' lang='lat' dir='ltr'>divise-</span> 
     </span>
     <span class='ocr_line' id='line_1_41' title="bbox 282 2720 1786 2766; baseline 0 -12"><span class='ocrx_word' id='word_1_379' title='bbox 282 2725 349 2755; x_wconf 86' lang='lat' dir='ltr'>rat.</span> <span class='ocrx_word' id='word_1_380' title='bbox 425 2721 498 2755; x_wconf 87' lang='lat' dir='ltr'>Nec</span> <span class='ocrx_word' id='word_1_381' title='bbox 541 2726 710 2766; x_wconf 86' lang='lat' dir='ltr'>poterant</span> <span class='ocrx_word' id='word_1_382' title='bbox 753 2727 940 2757; x_wconf 87' lang='lat' dir='ltr'>senatores</span> <span class='ocrx_word' id='word_1_383' title='bbox 986 2723 1171 2757; x_wconf 78' lang='lat' dir='ltr'>decuriam</span> <span class='ocrx_word' id='word_1_384' title='bbox 1215 2722 1376 2766; x_wconf 86' lang='lat' dir='ltr'>explere,</span> <span class='ocrx_word' id='word_1_385' title='bbox 1428 2722 1457 2756; x_wconf 90' lang='lat' dir='ltr'>si</span> <span class='ocrx_word' id='word_1_386' title='bbox 1508 2724 1605 2755; x_wconf 88' lang='lat' dir='ltr'>recte</span> <span class='ocrx_word' id='word_1_387' title='bbox 1648 2720 1786 2755; x_wconf 89' lang='lat' dir='ltr'>Plinius</span> 
     </span>
     <span class='ocr_line' id='line_1_42' title="bbox 285 2778 1787 2826; baseline -0.002 -12"><span class='ocrx_word' id='word_1_388' title='bbox 285 2779 458 2823; x_wconf 80' lang='lat' dir='ltr'>[XXXIIL</span> <span class='ocrx_word' id='word_1_389' title='bbox 497 2779 558 2823; x_wconf 82' lang='lat'>30]</span> <span class='ocrx_word' id='word_1_390' title='bbox 597 2782 658 2816; x_wconf 92' lang='lat' dir='ltr'>illo</span> <span class='ocrx_word' id='word_1_391' title='bbox 696 2786 862 2826; x_wconf 88' lang='lat' dir='ltr'>tempore</span> <span class='ocrx_word' id='word_1_392' title='bbox 899 2782 1041 2826; x_wconf 83' lang='lat' dir='ltr'>singula</span> <span class='ocrx_word' id='word_1_393' title='bbox 1078 2781 1191 2815; x_wconf 90' lang='lat' dir='ltr'>millia</span> <span class='ocrx_word' id='word_1_394' title='bbox 1228 2781 1265 2815; x_wconf 88' lang='lat' dir='ltr'>in</span> <span class='ocrx_word' id='word_1_395' title='bbox 1302 2781 1452 2825; x_wconf 84' lang='lat' dir='ltr'>singulis</span> <span class='ocrx_word' id='word_1_396' title='bbox 1485 2779 1638 2814; x_wconf 87' lang='lat' dir='ltr'>decuriis</span> <span class='ocrx_word' id='word_1_397' title='bbox 1675 2778 1787 2812; x_wconf 85' lang='lat' dir='ltr'>fuisse</span> 
     </span>
     <span class='ocr_line' id='line_1_43' title="bbox 284 2839 1786 2885; baseline -0.001 -12"><span class='ocrx_word' id='word_1_398' title='bbox 284 2839 417 2873; x_wconf 85' lang='lat' dir='ltr'>scribit.</span> <span class='ocrx_word' id='word_1_399' title='bbox 469 2840 538 2874; x_wconf 90' lang='lat' dir='ltr'>Sed</span> <span class='ocrx_word' id='word_1_400' title='bbox 577 2852 620 2874; x_wconf 83' lang='lat' dir='ltr'>ex</span> <span class='ocrx_word' id='word_1_401' title='bbox 659 2852 730 2885; x_wconf 84' lang='lat' dir='ltr'>quo</span> <span class='ocrx_word' id='word_1_402' title='bbox 768 2841 990 2885; x_wconf 80' lang='lat' dir='ltr'>gravissimae</span> <span class='ocrx_word' id='word_1_403' title='bbox 1028 2852 1146 2874; x_wconf 87' lang='lat' dir='ltr'>causae</span> <span class='ocrx_word' id='word_1_404' title='bbox 1182 2839 1336 2884; x_wconf 88' lang='lat' dir='ltr'>publicae</span> <span class='ocrx_word' id='word_1_405' title='bbox 1369 2839 1405 2873; x_wconf 88' lang='lat' dir='ltr'>in</span> <span class='ocrx_word' id='word_1_406' title='bbox 1437 2839 1516 2883; x_wconf 90' lang='lat' dir='ltr'>ipso</span> <span class='ocrx_word' id='word_1_407' title='bbox 1547 2841 1676 2872; x_wconf 89' lang='lat' dir='ltr'>senatu</span> <span class='ocrx_word' id='word_1_408' title='bbox 1709 2848 1786 2881; x_wconf 82' lang='lat' dir='ltr'>cog-</span> 
     </span>
     <span class='ocr_line' id='line_1_44' title="bbox 284 2896 1786 2943; baseline -0.001 -11"><span class='ocrx_word' id='word_1_409' title='bbox 284 2899 383 2933; x_wconf 90' lang='lat' dir='ltr'>nosci</span> <span class='ocrx_word' id='word_1_410' title='bbox 410 2903 536 2943; x_wconf 81' lang='lat' dir='ltr'>coeptae</span> <span class='ocrx_word' id='word_1_411' title='bbox 567 2902 663 2941; x_wconf 89' lang='lat' dir='ltr'>sunt,</span> <span class='ocrx_word' id='word_1_412' title='bbox 702 2899 837 2934; x_wconf 87' lang='lat' dir='ltr'>sensim</span> <span class='ocrx_word' id='word_1_413' title='bbox 871 2904 1057 2934; x_wconf 84' lang='lat' dir='ltr'>senatores</span> <span class='ocrx_word' id='word_1_414' title='bbox 1090 2899 1126 2934; x_wconf 91' lang='lat' dir='ltr'>in</span> <span class='ocrx_word' id='word_1_415' title='bbox 1162 2898 1316 2933; x_wconf 87' lang='lat' dir='ltr'>decuriis</span> <span class='ocrx_word' id='word_1_416' title='bbox 1348 2898 1509 2932; x_wconf 89' lang='lat' dir='ltr'>iudicum</span> <span class='ocrx_word' id='word_1_417' title='bbox 1541 2908 1620 2931; x_wconf 88' lang='lat' dir='ltr'>esse</span> <span class='ocrx_word' id='word_1_418' title='bbox 1652 2896 1786 2930; x_wconf 85' lang='lat' dir='ltr'>desisse</span> 
     </span>
     <span class='ocr_line' id='line_1_45' title="bbox 284 2958 423 3002; baseline 0 -11"><span class='ocrx_word' id='word_1_419' title='bbox 284 2958 423 3002; x_wconf 88' lang='lat' dir='ltr'>opinor.</span> 
     </span>
    </p>
   </div>
  </div>
 </body>
</html>
