<?xml version="1.0" encoding="UTF-8"?>
<!DOCTYPE html PUBLIC "-//W3C//DTD XHTML 1.0 Transitional//EN"
    "http://www.w3.org/TR/xhtml1/DTD/xhtml1-transitional.dtd">
<html xmlns="http://www.w3.org/1999/xhtml" xml:lang="en" lang="en">
 <head>
  <title>
</title>
<meta http-equiv="Content-Type" content="text/html;charset=utf-8" />
  <meta name='ocr-system' content='tesseract 3.04.00' />
  <meta name='ocr-capabilities' content='ocr_page ocr_carea ocr_par ocr_line ocrx_word'/>
</head>
<body>
  <div class='ocr_page' id='page_1' title='image "./ionicolaimadvigi00madvuoft_0210.png"; bbox 0 0 1915 3235; ppageno 0'>
   <div class='ocr_carea' id='block_1_1' title="bbox 111 1247 161 1272">
    <p class='ocr_par' dir='ltr' id='par_1_1' title="bbox 111 1247 161 1272">
     <span class='ocr_line' id='line_1_1' title="bbox 111 1247 161 1272; baseline 0.02 -1"><span class='ocrx_word' id='word_1_1' title='bbox 111 1247 161 1272; x_wconf 74' lang='lat'>232</span> 
     </span>
    </p>
   </div>
   <div class='ocr_carea' id='block_1_2' title="bbox 944 119 1026 160">
    <p class='ocr_par' dir='ltr' id='par_1_2' title="bbox 944 119 1026 160">
     <span class='ocr_line' id='line_1_2' title="bbox 944 119 1026 160; baseline 0.012 -1"><span class='ocrx_word' id='word_1_2' title='bbox 944 119 1026 160; x_wconf 78' lang='lat'>188</span> 
     </span>
    </p>
   </div>
   <div class='ocr_carea' id='block_1_3' title="bbox 172 247 1785 2620">
    <p class='ocr_par' dir='ltr' id='par_1_3' title="bbox 179 247 1785 2053">
     <span class='ocr_line' id='line_1_3' title="bbox 187 247 1785 304; baseline 0.003 -17"><span class='ocrx_word' id='word_1_3' title='bbox 187 260 295 299; x_wconf 85' lang='lat' dir='ltr'>quae,</span> <span class='ocrx_word' id='word_1_4' title='bbox 330 260 463 298; x_wconf 88' lang='lat' dir='ltr'>quum</span> <span class='ocrx_word' id='word_1_5' title='bbox 497 249 612 288; x_wconf 89' lang='lat' dir='ltr'>esset</span> <span class='ocrx_word' id='word_1_6' title='bbox 655 247 800 300; x_wconf 82' lang='lat' dir='ltr'>stirpis</span> <span class='ocrx_word' id='word_1_7' title='bbox 841 250 1034 301; x_wconf 82' lang='lat' dir='ltr'>cognatae</span> <span class='ocrx_word' id='word_1_8' title='bbox 1069 248 1255 299; x_wconf 80' lang='lat' dir='ltr'>Sabinae,</span> <span class='ocrx_word' id='word_1_9' title='bbox 1298 250 1354 290; x_wconf 89' lang='lat' dir='ltr'>ab</span> <span class='ocrx_word' id='word_1_10' title='bbox 1394 249 1607 291; x_wconf 66' lang='lat' dir='ltr'>universae</span> <span class='ocrx_word' id='word_1_11' title='bbox 1647 251 1785 304; x_wconf 84' lang='lat' dir='ltr'>gentis</span> 
     </span>
     <span class='ocr_line' id='line_1_4' title="bbox 186 317 1783 372; baseline 0.004 -15"><span class='ocrx_word' id='word_1_12' title='bbox 186 317 348 358; x_wconf 80' lang='lat' dir='ltr'>foedere</span> <span class='ocrx_word' id='word_1_13' title='bbox 381 330 426 358; x_wconf 89' lang='lat' dir='ltr'>se</span> <span class='ocrx_word' id='word_1_14' title='bbox 461 317 666 358; x_wconf 75' lang='lat' dir='ltr'>disiunxit</span> <span class='ocrx_word' id='word_1_15' title='bbox 709 320 751 359; x_wconf 91' lang='lat' dir='ltr'>et</span> <span class='ocrx_word' id='word_1_16' title='bbox 782 318 996 360; x_wconf 79' lang='lat' dir='ltr'>Romanae</span> <span class='ocrx_word' id='word_1_17' title='bbox 1035 319 1133 360; x_wconf 90' lang='lat' dir='ltr'>urbi</span> <span class='ocrx_word' id='word_1_18' title='bbox 1174 332 1252 372; x_wconf 88' lang='lat' dir='ltr'>per</span> <span class='ocrx_word' id='word_1_19' title='bbox 1294 320 1530 361; x_wconf 76' lang='lat' dir='ltr'>amicitiam</span> <span class='ocrx_word' id='word_1_20' title='bbox 1573 322 1783 363; x_wconf 76' lang='lat' dir='ltr'>adiunxit.</span> 
     </span>
     <span class='ocr_line' id='line_1_5' title="bbox 186 387 1784 445; baseline 0.004 -18"><span class='ocrx_word' id='word_1_21' title='bbox 186 387 293 428; x_wconf 92' lang='lat' dir='ltr'>Illud</span> <span class='ocrx_word' id='word_1_22' title='bbox 326 390 472 428; x_wconf 91' lang='lat' dir='ltr'>autem</span> <span class='ocrx_word' id='word_1_23' title='bbox 506 388 669 429; x_wconf 83' lang='lat' dir='ltr'>factum</span> <span class='ocrx_word' id='word_1_24' title='bbox 703 394 767 430; x_wconf 88' lang='lat' dir='ltr'>est</span> <span class='ocrx_word' id='word_1_25' title='bbox 799 389 950 431; x_wconf 83' lang='lat' dir='ltr'>Servio</span> <span class='ocrx_word' id='word_1_26' title='bbox 984 390 1125 431; x_wconf 90' lang='lat' dir='ltr'>Tullio</span> <span class='ocrx_word' id='word_1_27' title='bbox 1157 392 1377 443; x_wconf 77' lang='lat' dir='ltr'>regnante,</span> <span class='ocrx_word' id='word_1_28' title='bbox 1425 391 1544 432; x_wconf 85' lang='lat' dir='ltr'>cuius</span> <span class='ocrx_word' id='word_1_29' title='bbox 1578 405 1628 433; x_wconf 89' lang='lat' dir='ltr'>eo</span> <span class='ocrx_word' id='word_1_30' title='bbox 1661 405 1784 445; x_wconf 90' lang='lat' dir='ltr'>spec-</span> 
     </span>
     <span class='ocr_line' id='line_1_6' title="bbox 185 459 1783 509; baseline 0.004 -11"><span class='ocrx_word' id='word_1_31' title='bbox 185 460 279 499; x_wconf 91' lang='lat' dir='ltr'>tant</span> <span class='ocrx_word' id='word_1_32' title='bbox 327 459 472 499; x_wconf 90' lang='lat' dir='ltr'>omnia</span> <span class='ocrx_word' id='word_1_33' title='bbox 519 459 728 509; x_wconf 87' lang='lat' dir='ltr'>instituta,</span> <span class='ocrx_word' id='word_1_34' title='bbox 779 472 932 501; x_wconf 89' lang='lat' dir='ltr'>census</span> <span class='ocrx_word' id='word_1_35' title='bbox 979 461 1168 502; x_wconf 78' lang='lat' dir='ltr'>maxime</span> <span class='ocrx_word' id='word_1_36' title='bbox 1218 463 1261 502; x_wconf 90' lang='lat' dir='ltr'>et</span> <span class='ocrx_word' id='word_1_37' title='bbox 1308 462 1549 503; x_wconf 76' lang='lat' dir='ltr'>centuriata</span> <span class='ocrx_word' id='word_1_38' title='bbox 1596 463 1783 505; x_wconf 86' lang='lat' dir='ltr'>universi</span> 
     </span>
     <span class='ocr_line' id='line_1_7' title="bbox 185 529 1783 585; baseline 0.004 -17"><span class='ocrx_word' id='word_1_39' title='bbox 185 529 345 581; x_wconf 89' lang='lat' dir='ltr'>populi,</span> <span class='ocrx_word' id='word_1_40' title='bbox 394 529 673 581; x_wconf 87' lang='lat' dir='ltr'>patriciorum</span> <span class='ocrx_word' id='word_1_41' title='bbox 713 534 754 570; x_wconf 86' lang='lat' dir='ltr'>et</span> <span class='ocrx_word' id='word_1_42' title='bbox 791 531 1075 583; x_wconf 83' lang='lat' dir='ltr'>plebeiorum,</span> <span class='ocrx_word' id='word_1_43' title='bbox 1126 531 1297 573; x_wconf 86' lang='lat' dir='ltr'>comitia</span> <span class='ocrx_word' id='word_1_44' title='bbox 1339 531 1602 585; x_wconf 88' lang='lat' dir='ltr'>(comitiatus</span> <span class='ocrx_word' id='word_1_45' title='bbox 1644 533 1783 575; x_wconf 81' lang='lat' dir='ltr'>maxi-</span> 
     </span>
     <span class='ocr_line' id='line_1_8' title="bbox 184 598 1783 657; baseline 0.004 -18"><span class='ocrx_word' id='word_1_46' title='bbox 184 598 312 652; x_wconf 90' lang='lat' dir='ltr'>mus).</span> <span class='ocrx_word' id='word_1_47' title='bbox 360 599 510 652; x_wconf 90' lang='lat' dir='ltr'>Itaque</span> <span class='ocrx_word' id='word_1_48' title='bbox 543 600 578 640; x_wconf 87' lang='lat' dir='ltr'>is</span> <span class='ocrx_word' id='word_1_49' title='bbox 612 601 742 641; x_wconf 86' lang='lat' dir='ltr'>etiam</span> <span class='ocrx_word' id='word_1_50' title='bbox 776 602 866 654; x_wconf 84' lang='lat' dir='ltr'>agri</span> <span class='ocrx_word' id='word_1_51' title='bbox 898 602 1059 655; x_wconf 83' lang='lat' dir='ltr'>publici</span> <span class='ocrx_word' id='word_1_52' title='bbox 1094 605 1208 643; x_wconf 88' lang='lat' dir='ltr'>certe</span> <span class='ocrx_word' id='word_1_53' title='bbox 1241 603 1412 644; x_wconf 89' lang='lat' dir='ltr'>emendi</span> <span class='ocrx_word' id='word_1_54' title='bbox 1444 603 1616 656; x_wconf 85' lang='lat' dir='ltr'>plebem</span> <span class='ocrx_word' id='word_1_55' title='bbox 1648 604 1783 657; x_wconf 85' lang='lat' dir='ltr'>parti-</span> 
     </span>
     <span class='ocr_line' id='line_1_9' title="bbox 186 669 1784 727; baseline 0.004 -17"><span class='ocrx_word' id='word_1_56' title='bbox 186 671 323 723; x_wconf 77' lang='lat' dir='ltr'>cipem</span> <span class='ocrx_word' id='word_1_57' title='bbox 357 670 458 711; x_wconf 83' lang='lat' dir='ltr'>fecit</span> <span class='ocrx_word' id='word_1_58' title='bbox 490 669 682 725; x_wconf 79' lang='lat' dir='ltr'>(Dionys,</span> <span class='ocrx_word' id='word_1_59' title='bbox 716 671 783 721; x_wconf 85' lang='lat' dir='ltr'>IV,</span> <span class='ocrx_word' id='word_1_60' title='bbox 827 673 881 714; x_wconf 86' lang='lat'>10</span> <span class='ocrx_word' id='word_1_61' title='bbox 914 675 956 714; x_wconf 93' lang='lat' dir='ltr'>et</span> <span class='ocrx_word' id='word_1_62' title='bbox 990 672 1075 726; x_wconf 82' lang='lat'>13),</span> <span class='ocrx_word' id='word_1_63' title='bbox 1115 687 1208 723; x_wconf 88' lang='lat' dir='ltr'>nec,</span> <span class='ocrx_word' id='word_1_64' title='bbox 1249 674 1365 727; x_wconf 90' lang='lat' dir='ltr'>quod</span> <span class='ocrx_word' id='word_1_65' title='bbox 1397 675 1543 727; x_wconf 82' lang='lat' dir='ltr'>magni</span> <span class='ocrx_word' id='word_1_66' title='bbox 1576 676 1784 717; x_wconf 87' lang='lat' dir='ltr'>momenti</span> 
     </span>
     <span class='ocr_line' id='line_1_10' title="bbox 185 742 1783 799; baseline 0.004 -18"><span class='ocrx_word' id='word_1_67' title='bbox 185 744 261 791; x_wconf 88' lang='lat' dir='ltr'>est,</span> <span class='ocrx_word' id='word_1_68' title='bbox 295 743 394 794; x_wconf 92' lang='lat' dir='ltr'>post</span> <span class='ocrx_word' id='word_1_69' title='bbox 427 754 526 782; x_wconf 85' lang='lat' dir='ltr'>eum</span> <span class='ocrx_word' id='word_1_70' title='bbox 558 742 818 794; x_wconf 86' lang='lat' dir='ltr'>pomoerium</span> <span class='ocrx_word' id='word_1_71' title='bbox 851 744 1069 796; x_wconf 87' lang='lat' dir='ltr'>prolatum</span> <span class='ocrx_word' id='word_1_72' title='bbox 1103 747 1169 786; x_wconf 93' lang='lat' dir='ltr'>est</span> <span class='ocrx_word' id='word_1_73' title='bbox 1202 744 1395 799; x_wconf 84' lang='lat' dir='ltr'>(Dionys.</span> <span class='ocrx_word' id='word_1_74' title='bbox 1428 745 1495 795; x_wconf 82' lang='lat' dir='ltr'>IV,</span> <span class='ocrx_word' id='word_1_75' title='bbox 1540 745 1624 798; x_wconf 83' lang='lat'>13).</span> <span class='ocrx_word' id='word_1_76' title='bbox 1688 745 1783 796; x_wconf 89' lang='lat' dir='ltr'>Quo</span> 
     </span>
     <span class='ocr_line' id='line_1_11' title="bbox 183 811 1784 870; baseline 0.004 -18"><span class='ocrx_word' id='word_1_77' title='bbox 183 811 320 864; x_wconf 84' lang='lat' dir='ltr'>magis</span> <span class='ocrx_word' id='word_1_78' title='bbox 352 813 463 853; x_wconf 87' lang='lat' dir='ltr'>mira</span> <span class='ocrx_word' id='word_1_79' title='bbox 496 815 561 853; x_wconf 91' lang='lat' dir='ltr'>est</span> <span class='ocrx_word' id='word_1_80' title='bbox 592 812 816 854; x_wconf 76' lang='lat' dir='ltr'>Niebuhrii</span> <span class='ocrx_word' id='word_1_81' title='bbox 857 815 1013 867; x_wconf 86' lang='lat' dir='ltr'>opinio,</span> <span class='ocrx_word' id='word_1_82' title='bbox 1063 817 1136 868; x_wconf 88' lang='lat' dir='ltr'>qui</span> <span class='ocrx_word' id='word_1_83' title='bbox 1175 816 1311 857; x_wconf 87' lang='lat' dir='ltr'>multo</span> <span class='ocrx_word' id='word_1_84' title='bbox 1351 821 1449 869; x_wconf 86' lang='lat' dir='ltr'>post</span> <span class='ocrx_word' id='word_1_85' title='bbox 1489 817 1570 857; x_wconf 83' lang='lat' dir='ltr'>hoc</span> <span class='ocrx_word' id='word_1_86' title='bbox 1609 819 1784 870; x_wconf 90' lang='lat' dir='ltr'>tempus</span> 
     </span>
     <span class='ocr_line' id='line_1_12' title="bbox 183 883 1782 940; baseline 0.003 -17"><span class='ocrx_word' id='word_1_87' title='bbox 183 883 296 924; x_wconf 81' lang='lat' dir='ltr'>solos</span> <span class='ocrx_word' id='word_1_88' title='bbox 328 883 532 936; x_wconf 90' lang='lat' dir='ltr'>patricios</span> <span class='ocrx_word' id='word_1_89' title='bbox 566 884 609 924; x_wconf 90' lang='lat' dir='ltr'>in</span> <span class='ocrx_word' id='word_1_90' title='bbox 642 884 830 926; x_wconf 89' lang='lat' dir='ltr'>colonias</span> <span class='ocrx_word' id='word_1_91' title='bbox 864 887 1018 927; x_wconf 86' lang='lat' dir='ltr'>missos</span> <span class='ocrx_word' id='word_1_92' title='bbox 1051 889 1190 939; x_wconf 87' lang='lat' dir='ltr'>putat,</span> <span class='ocrx_word' id='word_1_93' title='bbox 1231 886 1411 940; x_wconf 86' lang='lat' dir='ltr'>plebeiis</span> <span class='ocrx_word' id='word_1_94' title='bbox 1452 900 1539 928; x_wconf 90' lang='lat' dir='ltr'>non</span> <span class='ocrx_word' id='word_1_95' title='bbox 1579 887 1782 929; x_wconf 81' lang='lat' dir='ltr'>admixtis</span> 
     </span>
     <span class='ocr_line' id='line_1_13' title="bbox 184 954 1783 1009; baseline 0.003 -15"><span class='ocrx_word' id='word_1_96' title='bbox 184 954 237 1006; x_wconf 83' lang='grc' dir='ltr'>(Π</span> <span class='ocrx_word' id='word_1_97' title='bbox 268 968 310 1006; x_wconf 94' lang='lat' dir='ltr'>p.</span> <span class='ocrx_word' id='word_1_98' title='bbox 346 954 443 1004; x_wconf 68' lang='lat'>261,</span> <span class='ocrx_word' id='word_1_99' title='bbox 487 956 586 1005; x_wconf 70' lang='grc'>278,</span> <span class='ocrx_word' id='word_1_100' title='bbox 625 955 725 1005; x_wconf 74' lang='lat'>488,</span> <span class='ocrx_word' id='word_1_101' title='bbox 759 954 877 1009; x_wconf 78' lang='lat'>508).</span> <span class='ocrx_word' id='word_1_102' title='bbox 941 957 994 998; x_wconf 89' lang='lat' dir='ltr'>Et</span> <span class='ocrx_word' id='word_1_103' title='bbox 1032 960 1181 998; x_wconf 87' lang='lat' dir='ltr'>tamen</span> <span class='ocrx_word' id='word_1_104' title='bbox 1215 957 1329 998; x_wconf 89' lang='lat' dir='ltr'>idem</span> <span class='ocrx_word' id='word_1_105' title='bbox 1363 957 1534 999; x_wconf 90' lang='lat' dir='ltr'>colonos</span> <span class='ocrx_word' id='word_1_106' title='bbox 1567 957 1660 999; x_wconf 90' lang='lat' dir='ltr'>illos</span> <span class='ocrx_word' id='word_1_107' title='bbox 1692 957 1783 999; x_wconf 86' lang='lat' dir='ltr'>suf-</span> 
     </span>
     <span class='ocr_line' id='line_1_14' title="bbox 184 1024 1784 1081; baseline 0.003 -16"><span class='ocrx_word' id='word_1_108' title='bbox 184 1024 318 1078; x_wconf 81' lang='lat' dir='ltr'>fragio</span> <span class='ocrx_word' id='word_1_109' title='bbox 368 1026 562 1067; x_wconf 78' lang='lat' dir='ltr'>exclusos</span> <span class='ocrx_word' id='word_1_110' title='bbox 610 1029 748 1079; x_wconf 89' lang='lat' dir='ltr'>putat,</span> <span class='ocrx_word' id='word_1_111' title='bbox 797 1027 841 1068; x_wconf 92' lang='lat' dir='ltr'>id</span> <span class='ocrx_word' id='word_1_112' title='bbox 889 1031 966 1077; x_wconf 82' lang='lat' dir='ltr'>est,</span> <span class='ocrx_word' id='word_1_113' title='bbox 1015 1028 1195 1081; x_wconf 89' lang='lat' dir='ltr'>plebeiis</span> <span class='ocrx_word' id='word_1_114' title='bbox 1243 1028 1466 1069; x_wconf 86' lang='lat' dir='ltr'>inferiores</span> <span class='ocrx_word' id='word_1_115' title='bbox 1507 1029 1658 1070; x_wconf 88' lang='lat' dir='ltr'>factos.</span> <span class='ocrx_word' id='word_1_116' title='bbox 1720 1029 1784 1069; x_wconf 90' lang='lat' dir='ltr'>De</span> 
     </span>
     <span class='ocr_line' id='line_1_15' title="bbox 182 1096 1779 1149; baseline 0.003 -13"><span class='ocrx_word' id='word_1_117' title='bbox 182 1096 438 1148; x_wconf 84' lang='lat' dir='ltr'>scriptorum</span> <span class='ocrx_word' id='word_1_118' title='bbox 488 1098 746 1140; x_wconf 85' lang='lat' dir='ltr'>testimoniis</span> <span class='ocrx_word' id='word_1_119' title='bbox 794 1099 898 1140; x_wconf 90' lang='lat' dir='ltr'>nihil</span> <span class='ocrx_word' id='word_1_120' title='bbox 947 1099 1109 1149; x_wconf 86' lang='lat' dir='ltr'>dicam,</span> <span class='ocrx_word' id='word_1_121' title='bbox 1159 1099 1286 1140; x_wconf 86' lang='lat' dir='ltr'>nimis</span> <span class='ocrx_word' id='word_1_122' title='bbox 1335 1100 1465 1140; x_wconf 87' lang='lat' dir='ltr'>etiam</span> <span class='ocrx_word' id='word_1_123' title='bbox 1515 1100 1779 1141; x_wconf 91' lang='lat' dir='ltr'>coloniarum</span> 
     </span>
     <span class='ocr_line' id='line_1_16' title="bbox 183 1166 1782 1223; baseline 0.003 -16"><span class='ocrx_word' id='word_1_124' title='bbox 183 1166 461 1209; x_wconf 84' lang='lat' dir='ltr'>deductiones</span> <span class='ocrx_word' id='word_1_125' title='bbox 504 1170 771 1210; x_wconf 59' lang='lat' dir='ltr'>tenuissimae</span> <span class='ocrx_word' id='word_1_126' title='bbox 816 1170 954 1223; x_wconf 88' lang='lat' dir='ltr'>plebis</span> <span class='ocrx_word' id='word_1_127' title='bbox 999 1171 1214 1212; x_wconf 89' lang='lat' dir='ltr'>commodi</span> <span class='ocrx_word' id='word_1_128' title='bbox 1259 1184 1389 1212; x_wconf 82' lang='lat' dir='ltr'>causa</span> <span class='ocrx_word' id='word_1_129' title='bbox 1432 1171 1568 1211; x_wconf 85' lang='lat' dir='ltr'>factas</span> <span class='ocrx_word' id='word_1_130' title='bbox 1600 1183 1782 1211; x_wconf 85' lang='lat' dir='ltr'>narran-</span> 
     </span>
     <span class='ocr_line' id='line_1_17' title="bbox 181 1238 1780 1295; baseline 0.003 -17"><span class='ocrx_word' id='word_1_131' title='bbox 181 1238 302 1279; x_wconf 87' lang='lat' dir='ltr'>tium.</span> <span class='ocrx_word' id='word_1_132' title='bbox 364 1238 450 1280; x_wconf 85' lang='lat' dir='ltr'>Sed</span> <span class='ocrx_word' id='word_1_133' title='bbox 483 1242 630 1281; x_wconf 87' lang='lat' dir='ltr'>tamen</span> <span class='ocrx_word' id='word_1_134' title='bbox 662 1241 854 1294; x_wconf 84' lang='lat' dir='ltr'>Dionysii</span> <span class='ocrx_word' id='word_1_135' title='bbox 887 1244 1117 1295; x_wconf 82' lang='lat' dir='ltr'>tantopere</span> <span class='ocrx_word' id='word_1_136' title='bbox 1151 1245 1279 1283; x_wconf 87' lang='lat' dir='ltr'>antea</span> <span class='ocrx_word' id='word_1_137' title='bbox 1311 1241 1477 1283; x_wconf 85' lang='lat' dir='ltr'>laudati</span> <span class='ocrx_word' id='word_1_138' title='bbox 1503 1242 1780 1291; x_wconf 66' lang='lat' dir='ltr'>obliviscitur,</span> 
     </span>
     <span class='ocr_line' id='line_1_18' title="bbox 182 1310 1783 1364; baseline -0.001 -15"><span class='ocrx_word' id='word_1_139' title='bbox 182 1310 253 1361; x_wconf 86' lang='lat' dir='ltr'>qui</span> <span class='ocrx_word' id='word_1_140' title='bbox 287 1312 328 1350; x_wconf 88' lang='lat' dir='ltr'>et</span> <span class='ocrx_word' id='word_1_141' title='bbox 362 1310 426 1359; x_wconf 81' lang='lat' dir='ltr'>VI,</span> <span class='ocrx_word' id='word_1_142' title='bbox 460 1311 519 1351; x_wconf 74' lang='lat'>44</span> <span class='ocrx_word' id='word_1_143' title='bbox 551 1312 766 1353; x_wconf 85' lang='lat' dir='ltr'>contraria</span> <span class='ocrx_word' id='word_1_144' title='bbox 799 1313 948 1354; x_wconf 85' lang='lat' dir='ltr'>scribit</span> <span class='ocrx_word' id='word_1_145' title='bbox 981 1312 1207 1364; x_wconf 64' lang='grc' dir='ltr'>(ὠνείδισται</span> <span class='ocrx_word' id='word_1_146' title='bbox 1256 1320 1300 1350; x_wconf 68' lang='grc' dir='ltr'>δέ</span> <span class='ocrx_word' id='word_1_147' title='bbox 1336 1330 1399 1357; x_wconf 79' lang='grc' dir='ltr'>μοι</span> <span class='ocrx_word' id='word_1_148' title='bbox 1439 1319 1497 1350; x_wconf 73' lang='grc' dir='ltr'>καὶ</span> <span class='ocrx_word' id='word_1_149' title='bbox 1537 1315 1555 1358; x_wconf 80' lang='grc' dir='ltr'><em>ἡ</em></span> <span class='ocrx_word' id='word_1_150' title='bbox 1596 1319 1669 1349; x_wconf 70' lang='grc' dir='ltr'>τῶν</span> <span class='ocrx_word' id='word_1_151' title='bbox 1706 1317 1783 1357; x_wconf 68' lang='grc' dir='ltr'><em>κλη-</em></span> 
     </span>
     <span class='ocr_line' id='line_1_19' title="bbox 182 1376 1785 1427; baseline 0.002 -18"><span class='ocrx_word' id='word_1_152' title='bbox 182 1376 324 1423; x_wconf 67' lang='grc' dir='ltr'><em>ρούχων</em></span> <span class='ocrx_word' id='word_1_153' title='bbox 361 1380 409 1416; x_wconf 67' lang='grc' dir='ltr'>εἰς</span> <span class='ocrx_word' id='word_1_154' title='bbox 450 1378 690 1419; x_wconf 66' lang='grc' dir='ltr'><em>Οιῗο).ούσκου;</em></span> <span class='ocrx_word' id='word_1_155' title='bbox 735 1380 916 1427; x_wconf 68' lang='grc' dir='ltr'>ἐκπομπή.</span> <span class='ocrx_word' id='word_1_156' title='bbox 965 1381 1014 1414; x_wconf 75' lang='grc' dir='ltr'>ὅτι</span> <span class='ocrx_word' id='word_1_157' title='bbox 1055 1385 1127 1426; x_wconf 70' lang='grc' dir='ltr'>γῆν</span> <span class='ocrx_word' id='word_1_158' title='bbox 1166 1381 1300 1423; x_wconf 70' lang='grc' dir='ltr'><em>πολλήν</em></span> <span class='ocrx_word' id='word_1_159' title='bbox 1340 1383 1398 1415; x_wconf 78' lang='grc' dir='ltr'>καὶ</span> <span class='ocrx_word' id='word_1_160' title='bbox 1439 1380 1590 1427; x_wconf 58' lang='grc' dir='ltr'>(ἔγηθήν</span> <span class='ocrx_word' id='word_1_161' title='bbox 1628 1380 1671 1415; x_wconf 78' lang='grc' dir='ltr'>οὗ</span> <span class='ocrx_word' id='word_1_162' title='bbox 1710 1384 1785 1419; x_wconf 73' lang='grc' dir='ltr'>τοῖς</span> 
     </span>
     <span class='ocr_line' id='line_1_20' title="bbox 180 1437 1781 1486; baseline 0.002 -17"><span class='ocrx_word' id='word_1_163' title='bbox 180 1443 381 1481; x_wconf 66' lang='grc' dir='ltr'>πατρικίοις</span> <span class='ocrx_word' id='word_1_164' title='bbox 408 1437 494 1471; x_wconf 62' lang='grc' dir='ltr'>οιῗϋὲ</span> <span class='ocrx_word' id='word_1_165' title='bbox 522 1441 594 1477; x_wconf 71' lang='grc' dir='ltr'>Τοῖς</span> <span class='ocrx_word' id='word_1_166' title='bbox 621 1441 785 1473; x_wconf 68' lang='grc' dir='ltr'>ἱππεῦσιν</span> <span class='ocrx_word' id='word_1_167' title='bbox 811 1440 1048 1486; x_wconf 67' lang='grc' dir='ltr'>ἐχαρισάμην.</span> <span class='ocrx_word' id='word_1_168' title='bbox 1078 1439 1166 1474; x_wconf 63' lang='lat' dir='ltr'>(md</span> <span class='ocrx_word' id='word_1_169' title='bbox 1195 1444 1266 1479; x_wconf 77' lang='grc' dir='ltr'>τοῖς</span> <span class='ocrx_word' id='word_1_170' title='bbox 1292 1440 1444 1485; x_wconf 65' lang='grc' dir='ltr'>(ἷπόροις</span> <span class='ocrx_word' id='word_1_171' title='bbox 1470 1440 1572 1486; x_wconf 67' lang='grc' dir='ltr'>ὑμῶν</span> <span class='ocrx_word' id='word_1_172' title='bbox 1599 1441 1781 1486; x_wconf 70' lang='grc' dir='ltr'>διένειμα)</span> 
     </span>
     <span class='ocr_line' id='line_1_21' title="bbox 180 1499 1781 1555; baseline 0.002 -17"><span class='ocrx_word' id='word_1_173' title='bbox 180 1501 223 1538; x_wconf 91' lang='lat' dir='ltr'>et</span> <span class='ocrx_word' id='word_1_174' title='bbox 244 1499 310 1539; x_wconf 84' lang='lat' dir='ltr'>Vl.</span> <span class='ocrx_word' id='word_1_175' title='bbox 345 1500 400 1539; x_wconf 68' lang='lat'>413</span> <span class='ocrx_word' id='word_1_176' title='bbox 429 1505 466 1536; x_wconf 61' lang='grc' dir='ltr'>,ἐκ</span> <span class='ocrx_word' id='word_1_177' title='bbox 492 1507 562 1537; x_wconf 70' lang='grc' dir='ltr'>τῶν</span> <span class='ocrx_word' id='word_1_178' title='bbox 587 1511 783 1552; x_wconf 64' lang='grc' dir='ltr'>ᾳρουρῐωιι,</span> <span class='ocrx_word' id='word_1_179' title='bbox 817 1503 860 1543; x_wconf 88' lang='lat' dir='ltr'>id</span> <span class='ocrx_word' id='word_1_180' title='bbox 893 1506 969 1549; x_wconf 78' lang='lat' dir='ltr'>est,</span> <span class='ocrx_word' id='word_1_181' title='bbox 1006 1517 1057 1544; x_wconf 76' lang='lat' dir='ltr'>ex</span> <span class='ocrx_word' id='word_1_182' title='bbox 1091 1503 1280 1544; x_wconf 86' lang='lat' dir='ltr'>coloniis.</span> <span class='ocrx_word' id='word_1_183' title='bbox 1316 1504 1512 1544; x_wconf 86' lang='lat' dir='ltr'>homines</span> <span class='ocrx_word' id='word_1_184' title='bbox 1536 1516 1581 1544; x_wconf 88' lang='lat' dir='ltr'>se</span> <span class='ocrx_word' id='word_1_185' title='bbox 1609 1503 1666 1543; x_wconf 90' lang='lat' dir='ltr'>ad</span> <span class='ocrx_word' id='word_1_186' title='bbox 1688 1502 1781 1555; x_wconf 89' lang='lat' dir='ltr'>ple-</span> 
     </span>
     <span class='ocr_line' id='line_1_22' title="bbox 180 1570 1781 1627; baseline 0.003 -18"><span class='ocrx_word' id='word_1_187' title='bbox 180 1570 312 1617; x_wconf 76' lang='lat' dir='ltr'>beios,</span> <span class='ocrx_word' id='word_1_188' title='bbox 363 1572 434 1623; x_wconf 90' lang='lat' dir='ltr'>qui</span> <span class='ocrx_word' id='word_1_189' title='bbox 475 1571 516 1612; x_wconf 90' lang='lat' dir='ltr'>in</span> <span class='ocrx_word' id='word_1_190' title='bbox 556 1575 749 1613; x_wconf 89' lang='lat' dir='ltr'>montem</span> <span class='ocrx_word' id='word_1_191' title='bbox 783 1587 955 1615; x_wconf 87' lang='lat' dir='ltr'>sacrum</span> <span class='ocrx_word' id='word_1_192' title='bbox 990 1575 1278 1617; x_wconf 82' lang='lat' dir='ltr'>secessissent..</span> <span class='ocrx_word' id='word_1_193' title='bbox 1329 1587 1585 1627; x_wconf 77' lang='lat' dir='ltr'>aggregasse</span> <span class='ocrx_word' id='word_1_194' title='bbox 1618 1575 1781 1614; x_wconf 83' lang='lat' dir='ltr'>narrat.</span> 
     </span>
     <span class='ocr_line' id='line_1_23' title="bbox 180 1641 1781 1698; baseline 0.002 -18"><span class='ocrx_word' id='word_1_195' title='bbox 180 1641 327 1693; x_wconf 75' lang='lat' dir='ltr'>Neque</span> <span class='ocrx_word' id='word_1_196' title='bbox 361 1643 454 1682; x_wconf 82' lang='lat' dir='ltr'>haec</span> <span class='ocrx_word' id='word_1_197' title='bbox 488 1648 696 1696; x_wconf 77' lang='lat' dir='ltr'>tanquam</span> <span class='ocrx_word' id='word_1_198' title='bbox 731 1647 987 1698; x_wconf 79' lang='lat' dir='ltr'>argumenta</span> <span class='ocrx_word' id='word_1_199' title='bbox 1027 1659 1199 1698; x_wconf 87' lang='lat' dir='ltr'>oppono</span> <span class='ocrx_word' id='word_1_200' title='bbox 1242 1647 1302 1687; x_wconf 88' lang='lat' dir='ltr'>rei</span> <span class='ocrx_word' id='word_1_201' title='bbox 1345 1659 1431 1686; x_wconf 90' lang='lat' dir='ltr'>non</span> <span class='ocrx_word' id='word_1_202' title='bbox 1474 1645 1611 1686; x_wconf 88' lang='lat' dir='ltr'>solum</span> <span class='ocrx_word' id='word_1_203' title='bbox 1654 1644 1781 1685; x_wconf 90' lang='lat' dir='ltr'>nullis</span> 
     </span>
     <span class='ocr_line' id='line_1_24' title="bbox 179 1713 1780 1769; baseline 0.002 -18"><span class='ocrx_word' id='word_1_204' title='bbox 179 1713 445 1764; x_wconf 78' lang='lat' dir='ltr'>argumentis</span> <span class='ocrx_word' id='word_1_205' title='bbox 478 1714 674 1764; x_wconf 79' lang='lat' dir='ltr'>firmatae,</span> <span class='ocrx_word' id='word_1_206' title='bbox 702 1716 786 1756; x_wconf 86' lang='lat' dir='ltr'>sed</span> <span class='ocrx_word' id='word_1_207' title='bbox 819 1716 944 1757; x_wconf 73' lang='lat' dir='ltr'>Valde</span> <span class='ocrx_word' id='word_1_208' title='bbox 978 1717 1324 1769; x_wconf 83' lang='lat' dir='ltr'>improbabiliter</span> <span class='ocrx_word' id='word_1_209' title='bbox 1355 1717 1489 1764; x_wconf 82' lang='lat' dir='ltr'>fictae;</span> <span class='ocrx_word' id='word_1_210' title='bbox 1523 1716 1598 1756; x_wconf 84' lang='lat' dir='ltr'>sed</span> <span class='ocrx_word' id='word_1_211' title='bbox 1631 1716 1780 1756; x_wconf 87' lang='lat' dir='ltr'>incon-</span> 
     </span>
     <span class='ocr_line' id='line_1_25' title="bbox 179 1785 1780 1839; baseline 0.002 -16"><span class='ocrx_word' id='word_1_212' title='bbox 179 1785 383 1824; x_wconf 82' lang='lat' dir='ltr'>stantiam</span> <span class='ocrx_word' id='word_1_213' title='bbox 434 1788 536 1826; x_wconf 90' lang='lat' dir='ltr'>noto</span> <span class='ocrx_word' id='word_1_214' title='bbox 584 1789 626 1826; x_wconf 85' lang='lat' dir='ltr'>et</span> <span class='ocrx_word' id='word_1_215' title='bbox 673 1787 864 1828; x_wconf 88' lang='lat' dir='ltr'>studium</span> <span class='ocrx_word' id='word_1_216' title='bbox 913 1787 1075 1828; x_wconf 78' lang='lat' dir='ltr'>inventi</span> <span class='ocrx_word' id='word_1_217' title='bbox 1127 1788 1240 1828; x_wconf 85' lang='lat' dir='ltr'>ultra</span> <span class='ocrx_word' id='word_1_218' title='bbox 1287 1790 1427 1829; x_wconf 82' lang='lat' dir='ltr'>rectos</span> <span class='ocrx_word' id='word_1_219' title='bbox 1476 1788 1583 1827; x_wconf 84' lang='lat' dir='ltr'>fines</span> <span class='ocrx_word' id='word_1_220' title='bbox 1631 1799 1780 1839; x_wconf 87' lang='lat' dir='ltr'>perse-</span> 
     </span>
     <span class='ocr_line' id='line_1_26' title="bbox 179 1855 1778 1911; baseline 0.002 -17"><span class='ocrx_word' id='word_1_221' title='bbox 179 1855 359 1906; x_wconf 86' lang='lat' dir='ltr'>quendi;</span> <span class='ocrx_word' id='word_1_222' title='bbox 409 1869 493 1907; x_wconf 91' lang='lat' dir='ltr'>quo</span> <span class='ocrx_word' id='word_1_223' title='bbox 537 1857 595 1897; x_wconf 75' lang='lat' dir='ltr'>fit.</span> <span class='ocrx_word' id='word_1_224' title='bbox 645 1860 693 1898; x_wconf 90' lang='lat' dir='ltr'>ut</span> <span class='ocrx_word' id='word_1_225' title='bbox 737 1871 800 1907; x_wconf 85' lang='lat' dir='ltr'>ea,</span> <span class='ocrx_word' id='word_1_226' title='bbox 851 1872 946 1911; x_wconf 79' lang='lat' dir='ltr'>quae</span> <span class='ocrx_word' id='word_1_227' title='bbox 992 1859 1044 1899; x_wconf 86' lang='lat' dir='ltr'>de</span> <span class='ocrx_word' id='word_1_228' title='bbox 1086 1859 1277 1911; x_wconf 76' lang='lat' dir='ltr'>patriciis</span> <span class='ocrx_word' id='word_1_229' title='bbox 1317 1859 1505 1911; x_wconf 86' lang='lat' dir='ltr'>primam</span> <span class='ocrx_word' id='word_1_230' title='bbox 1537 1858 1656 1898; x_wconf 91' lang='lat' dir='ltr'>illam</span> <span class='ocrx_word' id='word_1_231' title='bbox 1688 1871 1778 1898; x_wconf 88' lang='lat' dir='ltr'>rem</span> 
     </span>
     <span class='ocr_line' id='line_1_27' title="bbox 179 1926 1780 1982; baseline 0.003 -17"><span class='ocrx_word' id='word_1_232' title='bbox 179 1926 394 1977; x_wconf 82' lang='lat' dir='ltr'>publicam</span> <span class='ocrx_word' id='word_1_233' title='bbox 439 1928 686 1969; x_wconf 87' lang='lat' dir='ltr'>tenentibus</span> <span class='ocrx_word' id='word_1_234' title='bbox 731 1930 900 1981; x_wconf 74' lang='lat' dir='ltr'>egregie</span> <span class='ocrx_word' id='word_1_235' title='bbox 942 1929 1206 1981; x_wconf 81' lang='lat' dir='ltr'>disputarat,</span> <span class='ocrx_word' id='word_1_236' title='bbox 1256 1931 1349 1982; x_wconf 83' lang='lat' dir='ltr'>ipsa</span> <span class='ocrx_word' id='word_1_237' title='bbox 1399 1930 1441 1970; x_wconf 86' lang='lat' dir='ltr'>in</span> <span class='ocrx_word' id='word_1_238' title='bbox 1490 1929 1780 1982; x_wconf 85' lang='lat' dir='ltr'>suspicionem</span> 
     </span>
     <span class='ocr_line' id='line_1_28' title="bbox 179 1996 1778 2053; baseline 0.003 -17"><span class='ocrx_word' id='word_1_239' title='bbox 179 1996 378 2038; x_wconf 84' lang='lat' dir='ltr'>falsitatis</span> <span class='ocrx_word' id='word_1_240' title='bbox 412 2000 600 2049; x_wconf 71' lang='lat' dir='ltr'>veniant,</span> <span class='ocrx_word' id='word_1_241' title='bbox 643 2013 775 2052; x_wconf 87' lang='lat' dir='ltr'>quum</span> <span class='ocrx_word' id='word_1_242' title='bbox 817 2000 910 2041; x_wconf 72' lang='lat' dir='ltr'>haec</span> <span class='ocrx_word' id='word_1_243' title='bbox 949 2001 1002 2040; x_wconf 88' lang='lat' dir='ltr'>de</span> <span class='ocrx_word' id='word_1_244' title='bbox 1042 2001 1135 2041; x_wconf 87' lang='lat' dir='ltr'>aliis</span> <span class='ocrx_word' id='word_1_245' title='bbox 1175 2002 1445 2053; x_wconf 86' lang='lat' dir='ltr'>temporibus</span> <span class='ocrx_word' id='word_1_246' title='bbox 1479 2002 1778 2041; x_wconf 87' lang='lat' dir='ltr'>annectantur.</span> 
     </span>
    </p>

    <p class='ocr_par' dir='ltr' id='par_1_4' title="bbox 172 2068 1780 2620">
     <span class='ocr_line' id='line_1_29' title="bbox 297 2068 1780 2123; baseline 0.001 -15"><span class='ocrx_word' id='word_1_247' title='bbox 297 2068 382 2108; x_wconf 84' lang='lat' dir='ltr'>Sed</span> <span class='ocrx_word' id='word_1_248' title='bbox 415 2070 448 2109; x_wconf 78' lang='lat' dir='ltr'>si</span> <span class='ocrx_word' id='word_1_249' title='bbox 483 2071 576 2121; x_wconf 81' lang='lat' dir='ltr'>quis</span> <span class='ocrx_word' id='word_1_250' title='bbox 616 2083 702 2111; x_wconf 90' lang='lat' dir='ltr'>non</span> <span class='ocrx_word' id='word_1_251' title='bbox 746 2072 891 2111; x_wconf 84' lang='lat' dir='ltr'>onmia</span> <span class='ocrx_word' id='word_1_252' title='bbox 934 2071 1018 2112; x_wconf 88' lang='lat' dir='ltr'>illa.</span> <span class='ocrx_word' id='word_1_253' title='bbox 1069 2085 1166 2123; x_wconf 67' lang='lat' dir='ltr'>quae</span> <span class='ocrx_word' id='word_1_254' title='bbox 1211 2072 1264 2112; x_wconf 90' lang='lat' dir='ltr'>de</span> <span class='ocrx_word' id='word_1_255' title='bbox 1311 2071 1474 2112; x_wconf 76' lang='lat' dir='ltr'>civibus</span> <span class='ocrx_word' id='word_1_256' title='bbox 1518 2083 1570 2111; x_wconf 80' lang='lat' dir='ltr'>ex</span> <span class='ocrx_word' id='word_1_257' title='bbox 1611 2071 1780 2123; x_wconf 88' lang='lat' dir='ltr'>oppidis</span> 
     </span>
     <span class='ocr_line' id='line_1_30' title="bbox 177 2138 1779 2195; baseline 0.004 -18"><span class='ocrx_word' id='word_1_258' title='bbox 177 2138 368 2179; x_wconf 79' lang='lat' dir='ltr'>subactis</span> <span class='ocrx_word' id='word_1_259' title='bbox 412 2140 597 2181; x_wconf 82' lang='lat' dir='ltr'>Romam</span> <span class='ocrx_word' id='word_1_260' title='bbox 642 2142 854 2182; x_wconf 87' lang='lat' dir='ltr'>traductis</span> <span class='ocrx_word' id='word_1_261' title='bbox 899 2142 1098 2191; x_wconf 75' lang='lat' dir='ltr'>diximus.</span> <span class='ocrx_word' id='word_1_262' title='bbox 1148 2144 1334 2195; x_wconf 88' lang='lat' dir='ltr'>probare</span> <span class='ocrx_word' id='word_1_263' title='bbox 1379 2142 1524 2191; x_wconf 85' lang='lat' dir='ltr'>audet,</span> <span class='ocrx_word' id='word_1_264' title='bbox 1574 2142 1779 2194; x_wconf 85' lang='lat' dir='ltr'>quoniam</span> 
     </span>
     <span class='ocr_line' id='line_1_31' title="bbox 176 2211 1778 2266; baseline 0.002 -17"><span class='ocrx_word' id='word_1_265' title='bbox 176 2222 289 2249; x_wconf 88' lang='lat' dir='ltr'>nunc</span> <span class='ocrx_word' id='word_1_266' title='bbox 323 2211 413 2250; x_wconf 90' lang='lat' dir='ltr'>eius</span> <span class='ocrx_word' id='word_1_267' title='bbox 447 2211 506 2251; x_wconf 88' lang='lat' dir='ltr'>rei</span> <span class='ocrx_word' id='word_1_268' title='bbox 541 2212 878 2264; x_wconf 84' lang='lat' dir='ltr'>disputationem</span> <span class='ocrx_word' id='word_1_269' title='bbox 912 2227 998 2254; x_wconf 88' lang='lat' dir='ltr'>non</span> <span class='ocrx_word' id='word_1_270' title='bbox 1031 2215 1344 2266; x_wconf 81' lang='lat' dir='ltr'>persequimur.</span> <span class='ocrx_word' id='word_1_271' title='bbox 1388 2213 1576 2254; x_wconf 88' lang='lat' dir='ltr'>contenti</span> <span class='ocrx_word' id='word_1_272' title='bbox 1619 2214 1778 2253; x_wconf 89' lang='lat' dir='ltr'>erimus</span> 
     </span>
     <span class='ocr_line' id='line_1_32' title="bbox 177 2281 1779 2337; baseline 0.002 -17"><span class='ocrx_word' id='word_1_273' title='bbox 177 2293 239 2321; x_wconf 88' lang='lat' dir='ltr'>eo.</span> <span class='ocrx_word' id='word_1_274' title='bbox 276 2281 390 2333; x_wconf 87' lang='lat' dir='ltr'>quod</span> <span class='ocrx_word' id='word_1_275' title='bbox 423 2295 491 2322; x_wconf 89' lang='lat' dir='ltr'>res</span> <span class='ocrx_word' id='word_1_276' title='bbox 524 2283 618 2334; x_wconf 83' lang='lat' dir='ltr'>ipsa</span> <span class='ocrx_word' id='word_1_277' title='bbox 652 2283 775 2336; x_wconf 76' lang='lat' dir='ltr'>cogit,</span> <span class='ocrx_word' id='word_1_278' title='bbox 817 2284 924 2332; x_wconf 67' lang='lat' dir='ltr'>illos,</span> <span class='ocrx_word' id='word_1_279' title='bbox 970 2286 1041 2337; x_wconf 90' lang='lat' dir='ltr'>qui</span> <span class='ocrx_word' id='word_1_280' title='bbox 1081 2285 1123 2324; x_wconf 89' lang='lat' dir='ltr'>in</span> <span class='ocrx_word' id='word_1_281' title='bbox 1164 2285 1251 2324; x_wconf 84' lang='lat' dir='ltr'>suis</span> <span class='ocrx_word' id='word_1_282' title='bbox 1285 2283 1454 2336; x_wconf 85' lang='lat' dir='ltr'>oppidis</span> <span class='ocrx_word' id='word_1_283' title='bbox 1487 2284 1547 2324; x_wconf 87' lang='lat' dir='ltr'>ita</span> <span class='ocrx_word' id='word_1_284' title='bbox 1578 2297 1779 2325; x_wconf 88' lang='lat' dir='ltr'>remane-</span> 
     </span>
     <span class='ocr_line' id='line_1_33' title="bbox 174 2353 1778 2408; baseline 0.002 -17"><span class='ocrx_word' id='word_1_285' title='bbox 174 2354 282 2392; x_wconf 89' lang='lat' dir='ltr'>rent.</span> <span class='ocrx_word' id='word_1_286' title='bbox 317 2354 363 2392; x_wconf 91' lang='lat' dir='ltr'>ut</span> <span class='ocrx_word' id='word_1_287' title='bbox 399 2353 576 2394; x_wconf 82' lang='lat' dir='ltr'>coloniae</span> <span class='ocrx_word' id='word_1_288' title='bbox 609 2354 946 2406; x_wconf 85' lang='lat' dir='ltr'>imponerentur.</span> <span class='ocrx_word' id='word_1_289' title='bbox 982 2369 1088 2407; x_wconf 90' lang='lat' dir='ltr'>quos</span> <span class='ocrx_word' id='word_1_290' title='bbox 1122 2357 1213 2396; x_wconf 90' lang='lat' dir='ltr'>tam</span> <span class='ocrx_word' id='word_1_291' title='bbox 1248 2368 1364 2408; x_wconf 65' lang='lat' dir='ltr'>saepe</span> <span class='ocrx_word' id='word_1_292' title='bbox 1398 2355 1605 2396; x_wconf 82' lang='lat' dir='ltr'>defecisse</span> <span class='ocrx_word' id='word_1_293' title='bbox 1638 2368 1663 2395; x_wconf 91' lang='lat' dir='ltr'>a</span> <span class='ocrx_word' id='word_1_294' title='bbox 1687 2355 1778 2395; x_wconf 92' lang='lat' dir='ltr'>Ro-</span> 
     </span>
     <span class='ocr_line' id='line_1_34' title="bbox 174 2422 1777 2478; baseline 0.002 -17"><span class='ocrx_word' id='word_1_295' title='bbox 174 2422 313 2462; x_wconf 88' lang='lat' dir='ltr'>manis</span> <span class='ocrx_word' id='word_1_296' title='bbox 346 2423 539 2475; x_wconf 76' lang='lat' dir='ltr'>legimus,</span> <span class='ocrx_word' id='word_1_297' title='bbox 580 2424 782 2466; x_wconf 76' lang='lat' dir='ltr'>inferiore</span> <span class='ocrx_word' id='word_1_298' title='bbox 815 2424 907 2465; x_wconf 91' lang='lat' dir='ltr'>iure</span> <span class='ocrx_word' id='word_1_299' title='bbox 946 2426 1117 2467; x_wconf 71' lang='lat' dir='ltr'>vixisse.</span> <span class='ocrx_word' id='word_1_300' title='bbox 1181 2427 1325 2478; x_wconf 87' lang='lat' dir='ltr'>Atque</span> <span class='ocrx_word' id='word_1_301' title='bbox 1367 2439 1439 2467; x_wconf 92' lang='lat' dir='ltr'>eos</span> <span class='ocrx_word' id='word_1_302' title='bbox 1480 2429 1625 2466; x_wconf 86' lang='lat' dir='ltr'>tamen</span> <span class='ocrx_word' id='word_1_303' title='bbox 1663 2426 1777 2466; x_wconf 78' lang='lat' dir='ltr'>cives</span> 
     </span>
     <span class='ocr_line' id='line_1_35' title="bbox 176 2492 1776 2549; baseline 0.003 -17"><span class='ocrx_word' id='word_1_304' title='bbox 176 2492 311 2533; x_wconf 89' lang='lat' dir='ltr'>factos</span> <span class='ocrx_word' id='word_1_305' title='bbox 345 2506 439 2534; x_wconf 88' lang='lat' dir='ltr'>esse</span> <span class='ocrx_word' id='word_1_306' title='bbox 473 2507 535 2538; x_wconf 77' lang='lat' dir='ltr'>eo.</span> <span class='ocrx_word' id='word_1_307' title='bbox 577 2508 661 2547; x_wconf 91' lang='lat' dir='ltr'>quo</span> <span class='ocrx_word' id='word_1_308' title='bbox 694 2496 781 2536; x_wconf 87' lang='lat' dir='ltr'>iam</span> <span class='ocrx_word' id='word_1_309' title='bbox 815 2496 913 2545; x_wconf 78' lang='lat' dir='ltr'>dixi,</span> <span class='ocrx_word' id='word_1_310' title='bbox 955 2497 1098 2547; x_wconf 89' lang='lat' dir='ltr'>modo,</span> <span class='ocrx_word' id='word_1_311' title='bbox 1140 2497 1284 2546; x_wconf 83' lang='lat' dir='ltr'>iidem,</span> <span class='ocrx_word' id='word_1_312' title='bbox 1337 2498 1409 2549; x_wconf 91' lang='lat' dir='ltr'>qui</span> <span class='ocrx_word' id='word_1_313' title='bbox 1443 2497 1496 2537; x_wconf 89' lang='lat' dir='ltr'>de</span> <span class='ocrx_word' id='word_1_314' title='bbox 1528 2496 1776 2537; x_wconf 87' lang='lat' dir='ltr'>hominibus</span> 
     </span>
     <span class='ocr_line' id='line_1_36' title="bbox 172 2562 1774 2620; baseline 0.002 -17"><span class='ocrx_word' id='word_1_315' title='bbox 172 2562 361 2604; x_wconf 87' lang='lat' dir='ltr'>Romam</span> <span class='ocrx_word' id='word_1_316' title='bbox 394 2565 603 2606; x_wconf 87' lang='lat' dir='ltr'>traductis</span> <span class='ocrx_word' id='word_1_317' title='bbox 638 2567 728 2606; x_wconf 89' lang='lat' dir='ltr'>eius</span> <span class='ocrx_word' id='word_1_318' title='bbox 770 2567 831 2607; x_wconf 89' lang='lat' dir='ltr'>rei</span> <span class='ocrx_word' id='word_1_319' title='bbox 871 2569 1069 2609; x_wconf 87' lang='lat' dir='ltr'>auctores</span> <span class='ocrx_word' id='word_1_320' title='bbox 1110 2570 1221 2617; x_wconf 88' lang='lat' dir='ltr'>sunt,</span> <span class='ocrx_word' id='word_1_321' title='bbox 1262 2568 1495 2620; x_wconf 86' lang='lat' dir='ltr'>scriptores</span> <span class='ocrx_word' id='word_1_322' title='bbox 1534 2563 1774 2617; x_wconf 77' lang='lat' dir='ltr'>tradm1t1),</span> 
     </span>
    </p>
   </div>
   <div class='ocr_carea' id='block_1_4' title="bbox 211 2703 1773 2927">
    <p class='ocr_par' dir='ltr' id='par_1_5' title="bbox 211 2703 1773 2927">
     <span class='ocr_line' id='line_1_37' title="bbox 211 2703 1773 2753; baseline 0.001 -15"><span class='ocrx_word' id='word_1_323' title='bbox 211 2703 237 2746; x_wconf 82' lang='grc'>1&gt;</span> <span class='ocrx_word' id='word_1_324' title='bbox 265 2705 411 2749; x_wconf 78' lang='lat' dir='ltr'>Dionys.</span> <span class='ocrx_word' id='word_1_325' title='bbox 438 2706 498 2746; x_wconf 89' lang='grc' dir='ltr'>ΙΙΙ,</span> <span class='ocrx_word' id='word_1_326' title='bbox 530 2705 575 2739; x_wconf 75' lang='lat'>49</span> <span class='ocrx_word' id='word_1_327' title='bbox 610 2706 653 2739; x_wconf 87' lang='lat' dir='ltr'>de</span> <span class='ocrx_word' id='word_1_328' title='bbox 687 2707 986 2742; x_wconf 88' lang='lat' dir='ltr'>Crustumerinis:</span> <span class='ocrx_word' id='word_1_329' title='bbox 1021 2706 1263 2753; x_wconf 68' lang='grc' dir='ltr'>συνεχώρησεν</span> <span class='ocrx_word' id='word_1_330' title='bbox 1293 2711 1350 2749; x_wconf 82' lang='grc' dir='ltr'>τῆς</span> <span class='ocrx_word' id='word_1_331' title='bbox 1375 2705 1561 2752; x_wconf 73' lang='grc' dir='ltr'><em>Ῥωμαίων</em></span> <span class='ocrx_word' id='word_1_332' title='bbox 1587 2707 1773 2748; x_wconf 72' lang='grc' dir='ltr'>πολιτείας,</span> 
     </span>
     <span class='ocr_line' id='line_1_38' title="bbox 266 2760 1770 2811; baseline 0.001 -12"><span class='ocrx_word' id='word_1_333' title='bbox 266 2760 313 2799; x_wconf 79' lang='grc' dir='ltr'>ὠς</span> <span class='ocrx_word' id='word_1_334' title='bbox 345 2760 524 2808; x_wconf 67' lang='grc' dir='ltr'>πρότερον,</span> <span class='ocrx_word' id='word_1_335' title='bbox 557 2767 729 2809; x_wconf 48' lang='lat' dir='ltr'>‘anglum</span> <span class='ocrx_word' id='word_1_336' title='bbox 769 2767 844 2800; x_wconf 84' lang='lat' dir='ltr'>Liv.</span> <span class='ocrx_word' id='word_1_337' title='bbox 872 2768 897 2808; x_wconf 83' lang='lat' dir='ltr'>I,</span> <span class='ocrx_word' id='word_1_338' title='bbox 932 2767 971 2799; x_wconf 88' lang='lat'>11</span> <span class='ocrx_word' id='word_1_339' title='bbox 1008 2768 1052 2802; x_wconf 89' lang='lat' dir='ltr'>de</span> <span class='ocrx_word' id='word_1_340' title='bbox 1084 2768 1376 2802; x_wconf 61' lang='lat' dir='ltr'>Antemnatibus</span> <span class='ocrx_word' id='word_1_341' title='bbox 1427 2767 1622 2811; x_wconf 87' lang='lat' dir='ltr'>Dionysius</span> <span class='ocrx_word' id='word_1_342' title='bbox 1648 2771 1770 2801; x_wconf 86' lang='lat' dir='ltr'>tamen</span> 
     </span>
     <span class='ocr_line' id='line_1_39' title="bbox 266 2822 1771 2869; baseline 0.003 -14"><span class='ocrx_word' id='word_1_343' title='bbox 266 2823 322 2863; x_wconf 82' lang='lat' dir='ltr'>VI,</span> <span class='ocrx_word' id='word_1_344' title='bbox 351 2822 394 2855; x_wconf 75' lang='lat'>19</span> <span class='ocrx_word' id='word_1_345' title='bbox 421 2827 520 2865; x_wconf 59' lang='lat' dir='ltr'>extr„</span> <span class='ocrx_word' id='word_1_346' title='bbox 548 2824 677 2858; x_wconf 79' lang='lat' dir='ltr'>urbem</span> <span class='ocrx_word' id='word_1_347' title='bbox 704 2828 739 2859; x_wconf 86' lang='lat' dir='ltr'>et</span> <span class='ocrx_word' id='word_1_348' title='bbox 765 2825 949 2860; x_wconf 87' lang='lat' dir='ltr'>civitatem</span> <span class='ocrx_word' id='word_1_349' title='bbox 974 2827 1211 2868; x_wconf 87' lang='lat' dir='ltr'>confundens,</span> <span class='ocrx_word' id='word_1_350' title='bbox 1239 2827 1327 2861; x_wconf 80' lang='lat' dir='ltr'>alios</span> <span class='ocrx_word' id='word_1_351' title='bbox 1352 2828 1499 2861; x_wconf 85' lang='lat' dir='ltr'>colonos</span> <span class='ocrx_word' id='word_1_352' title='bbox 1519 2827 1644 2867; x_wconf 81' lang='lat' dir='ltr'>factos,</span> <span class='ocrx_word' id='word_1_353' title='bbox 1672 2827 1771 2869; x_wconf 83' lang='lat' dir='ltr'>alios,</span> 
     </span>
     <span class='ocr_line' id='line_1_40' title="bbox 265 2881 1772 2927; baseline 0.004 -12"><span class='ocrx_word' id='word_1_354' title='bbox 265 2881 325 2925; x_wconf 88' lang='lat' dir='ltr'>qui</span> <span class='ocrx_word' id='word_1_355' title='bbox 359 2882 513 2916; x_wconf 85' lang='lat' dir='ltr'>Romam</span> <span class='ocrx_word' id='word_1_356' title='bbox 548 2883 703 2927; x_wconf 82' lang='lat' dir='ltr'>migrare</span> <span class='ocrx_word' id='word_1_357' title='bbox 735 2884 959 2926; x_wconf 74' lang='lat' dir='ltr'>maluissent,</span> <span class='ocrx_word' id='word_1_358' title='bbox 999 2885 1095 2920; x_wconf 82' lang='lat' dir='ltr'>cives</span> <span class='ocrx_word' id='word_1_359' title='bbox 1128 2886 1229 2927; x_wconf 88' lang='lat' dir='ltr'>dicit;</span> <span class='ocrx_word' id='word_1_360' title='bbox 1269 2887 1330 2920; x_wconf 87' lang='lat' dir='ltr'>cfr.</span> <span class='ocrx_word' id='word_1_361' title='bbox 1358 2887 1416 2927; x_wconf 87' lang='lat' dir='ltr'>Vl,</span> <span class='ocrx_word' id='word_1_362' title='bbox 1452 2887 1507 2922; x_wconf 75' lang='lat'>55.</span> <span class='ocrx_word' id='word_1_363' title='bbox 1564 2886 1620 2921; x_wconf 93' lang='lat' dir='ltr'>Ad</span> <span class='ocrx_word' id='word_1_364' title='bbox 1652 2887 1772 2921; x_wconf 88' lang='lat' dir='ltr'>minus</span> 
     </span>
    </p>
   </div>
  </div>
 </body>
</html>
