1915 3235
953 110 1034 152 136

128 246 178 272 168
198 236 288 277 fieri
322 237 483 278 dictum
517 251 622 288 esse,
667 240 783 292 quod
821 241 1041 292 superiore
1081 239 1250 280 honoris
1282 240 1463 280 alieuius
1494 253 1635 289 causa,
1675 242 1791 282 recte

198 308 446 349 observavit
484 309 700 350 Vavassor
739 309 810 362 (de
850 311 890 351 vi
931 313 973 352 et
1012 324 1095 352 usu
1134 310 1346 363 quorund.
1387 310 1557 352 verbor.
1598 311 1641 351 in
1680 310 1790 364 Opp.

199 378 265 419 ed.
314 379 552 420 Amstelod.
596 380 707 421 1709
754 394 795 433 p.
840 379 954 433 154).
1042 381 1128 422 Sed
1179 382 1489 434 proprietatem
1544 382 1791 434 posterioris

197 449 323 490 huius
356 450 580 491 locutionis
614 452 791 503 exposui
830 452 872 491 in
913 451 1046 504 Epist.
1081 452 1188 493 crit..
1216 452 1273 493 ad
1311 451 1518 493 Orellium
1559 452 1612 493 de
1653 451 1790 493 Oratt.

198 519 317 560 Verr.
342 534 383 572 p.
413 520 507 569 100,
540 522 714 562 honoris
747 521 925 563 alicuius
960 535 1091 563 causa
1124 523 1266 564 facere
1300 523 1462 576 aliquid
1487 522 1581 573 dici,
1615 523 1688 576 qui
1711 523 1792 565 hoc

199 590 237 630 ei
268 590 443 641 tribuat,
488 592 525 631 ei
566 591 869 634 obsecundans
909 593 952 634 id
985 593 1128 642 faciat,
1177 594 1311 643 brevi,
1361 595 1450 634 eius
1492 607 1622 635 causa
1663 594 1794 635 faciat

199 660 305 712 (fere
339 661 557 702 Gallorum
599 665 684 704 est:
734 677 783 704 en
822 663 953 718 e'qard
993 663 1043 704 sle
1083 663 1345 719 quelqu'mz);
1394 665 1593 717 exempla
1633 668 1792 715 autem,

198 745 294 784 quae
326 734 417 773 tum
451 733 622 785 parcius
654 734 824 786 protuli,
865 735 1082 776 Vavassor
1112 735 1251 776 multa
1282 735 1417 776 habet
1449 734 1552 788 (Cic.
1586 735 1642 776 ad
1673 735 1793 776 Fam.

198 802 305 844 XHI.
340 803 408 851 26,
443 803 511 853 31,
546 804 615 854 37,
650 805 718 854 65,
754 806 822 855 69,
866 806 933 854 76,
975 806 1032 847 ad
1063 806 1153 847 Att.
1186 806 1256 855 XI,
1298 806 1337 855 9,
1378 805 1466 855 XV,
1511 804 1595 858 15),
1638 805 1794 859 quibus

198 873 311 914 addo
353 872 511 925 [Plaut.
545 875 704 928 Amph.
738 876 805 926 ΙΙΙ,
850 878 886 926 1,
930 877 967 925 7,
1009 877 1152 917 Aulul.
1186 877 1293 930 prol.
1328 878 1396 925 25,
1436 876 1524 917 ibd.
1558 877 1632 923 ΙΙΙ,
1672 877 1712 926 4,
1753 876 1793 927 4,

197 944 282 984 Mil.
316 944 420 997 glor.
454 945 520 993 ΙΙΙ,
558 947 594 995 1,
629 946 697 997 26,
739 947 860 988 Poen.
895 947 961 997 ΙΙΙ,
1002 947 1041 997 3,
1081 947 1150 997 25,
1192 948 1324 989 Stich.
1357 948 1405 997 ΙΙ,
1447 948 1487 997 2,
1532 948 1586 988 14
1619 949 1661 988 et
1695 947 1794 988 Ter.

197 1015 372 1056 Phorm.
406 1016 489 1057 928
525 1016 586 1069 et]
631 1017 716 1059 Cic.
749 1018 869 1059 Brut.
904 1019 973 1067 22,
1016 1018 1084 1068 86,
1125 1032 1203 1071 pro
1235 1018 1364 1060 Rosc.
1397 1019 1495 1059 Am.
1530 1017 1599 1069 35,
1642 1018 1697 1060 98
1740 1020 1794 1067 et,

198 1099 326 1138 quem
374 1087 515 1128 locum
564 1101 695 1140 supra
743 1089 984 1139 emendavi,
1024 1090 1102 1139 45,
1147 1090 1229 1130 132
1270 1091 1313 1130 et
1351 1090 1441 1131 LiV.
1474 1089 1587 1139 VIII,
1632 1089 1698 1139 14,
1743 1088 1797 1130 10

199 1155 416 1208 [XXXIX.
464 1158 541 1205 47,
594 1158 680 1212 11].
750 1160 797 1201 In
838 1161 1039 1202 omnibus
1087 1161 1153 1201 his
1200 1161 1303 1202 locis
1344 1161 1404 1201 ita
1443 1160 1795 1213 interpretantur,

198 1230 245 1268 ut
293 1230 503 1270 honorem
546 1231 761 1283 accipiant
798 1245 878 1284 pro
919 1232 1125 1285 dignitate
1167 1234 1210 1273 et
1260 1231 1597 1281 existimatione,
1648 1233 1797 1272 contra

198 1312 323 1340 usum
374 1301 625 1342 Latinorum
675 1305 717 1344 et
764 1304 979 1344 sententia
1027 1303 1282 1356 plerumque
1330 1303 1481 1355 aperte
1528 1303 1796 1354 repugnante

199 1370 264 1422 (ut
296 1370 339 1411 in
363 1370 483 1412 Bruti
512 1372 625 1422 loco,
659 1375 1021 1415 existimationem
1057 1375 1171 1415 enim
1195 1373 1525 1426 publicanorum
1551 1372 1619 1413 vel
1644 1371 1796 1412 melius

200 1440 339 1482 Galba
370 1444 535 1484 tutatus
570 1442 715 1496 esset).
764 1445 928 1486 Eadem
963 1448 1027 1486 est
1059 1447 1206 1486 autem
1235 1457 1350 1497 saepe
1375 1445 1451 1494 vis,
1486 1456 1619 1496 quum
1644 1443 1798 1484 dicitur

199 1512 245 1551 'in
283 1512 475 1554 honorem
517 1514 697 1556 alicuius
735 1514 869 1569 (quod
908 1517 995 1557 iam
1035 1516 1151 1569 apud
1190 1515 1422 1556 Horatium
1460 1514 1614 1568 legitur
1654 1513 1734 1555 Od.
1767 1512 1796 1562 Ι,

201 1583 239 1631 7,
274 1581 333 1637 8),
374 1586 422 1625 ut
454 1586 571 1637 apud
603 1585 753 1628 Senec.
787 1587 865 1640 Ep.
900 1586 990 1639 [65,
1034 1586 1131 1639 22]
1175 1587 1270 1636 104,
1305 1586 1353 1627 3:
1395 1590 1431 1626 et
1461 1584 1686 1633 interdum,
1728 1585 1798 1624 etz·-

201 1655 309 1695 amsc'
332 1661 532 1709 premunt
563 1670 713 1710 causa),
754 1659 930 1712 spiritus
971 1659 1017 1699 in
1055 1658 1251 1698 honorem
1291 1670 1462 1698 suorum
1499 1655 1561 1696 vel
1593 1667 1685 1695 eum·
1717 1658 1798 1694 tor-

200 1731 333 1767 mento
379 1727 637 1768 revocandus
684 1733 741 1769 est
788 1727 861 1781 [ad
896 1729 1046 1783 Polyb.
1082 1730 1216 1778 3.1;
1257 1729 1311 1770 de
1350 1727 1497 1769 Benef.
1530 1726 1597 1776 IV,
1638 1725 1707 1775 30,
1749 1724 1797 1774 V,

203 1798 270 1848 19,
304 1798 351 1847 8;
386 1798 438 1839 de
473 1798 665 1851 Tranqu.
699 1812 768 1840 an.
805 1800 842 1849 7,
877 1800 945 1853 2];
979 1801 1078 1842 add.
1112 1800 1258 1851 Quint.
1291 1799 1320 1849 Ι,
1357 1799 1394 1848 1,
1430 1799 1452 1838 7
1489 1799 1544 1847 et,
1578 1809 1707 1849 quem
1740 1796 1798 1836 ibi

201 1869 474 1922 Spaldingius
506 1869 669 1919 laudat,
703 1870 853 1912 Senec.
886 1871 1016 1912 Rhet.
1050 1885 1091 1924 p.
1126 1871 1208 1912 397
1236 1870 1329 1923 Bip.
1355 1868 1574 1923 (ContrOV.
1599 1867 1654 1908 ΠΙ
1676 1866 1798 1920 praef.

201 1941 226 1981 8
260 1939 444 1993 KiessL),
479 1940 551 1993 qui
583 1954 625 1993 p.
650 1941 734 1982 318
769 1941 989 1994 (Controv.
1012 1943 1051 1983 X
1083 1942 1207 1995 praef.
1242 1940 1285 1994 2)
1319 1940 1488 1982 scribit:
1523 1952 1649 1994 quum
1680 1938 1797 1978 illum

201 2011 385 2052 homines
416 2025 498 2052 non
530 2013 573 2052 in
606 2013 740 2066 ipsius
771 2012 966 2054 honorem.
999 2013 1240 2064 laudarent,
1283 2012 1354 2053 sed
1392 2012 1438 2051 in
1477 2010 1608 2051 soceri
1636 2008 1801 2062 ferrent

202 2081 406 2135 [denique
438 2083 546 2124 Plin.
578 2083 679 2124 Min.
705 2083 772 2132 ΙΙΙ,
807 2083 846 2133 3,
884 2084 903 2124 1
940 2085 983 2124 et
1005 2083 1091 2133 VII,
1126 2084 1194 2132 24,
1230 2082 1290 2136 7].
1347 2083 1432 2124 Sed
1465 2094 1517 2122 ea
1547 2082 1614 2122 est
1644 2079 1799 2132 agendi

202 2165 344 2194 causae
383 2155 424 2194 et
463 2154 626 2196 consilii
665 2153 873 2204 affinitas,
923 2157 971 2196 ut
1002 2156 1045 2196 in
1084 2154 1299 2208 loquendo
1339 2166 1455 2206 saepe
1495 2152 1563 2193 hae
1603 2151 1798 2192 notiones

202 2226 533 2274 commutentur,
575 2225 691 2278 quod
730 2226 860 2266 etiam
894 2227 937 2266 in
970 2225 1122 2267 Latino
1155 2237 1356 2266 sermone
1387 2223 1533 2264 multis
1566 2221 1705 2263 modis
1737 2220 1798 2261 fit.

202 2294 352 2346 Itaque
382 2294 545 2336 factum
578 2298 654 2345 est,
688 2298 748 2346 ut,
782 2296 1153 2349 quemadmodum
1185 2297 1230 2336 in
1255 2295 1463 2345 honorem,
1498 2293 1558 2335 sic
1591 2293 1722 2333 etiam
1754 2292 1800 2331 in

200 2366 388 2420 qratiam
432 2366 611 2407 alicuius
650 2367 883 2417 diceretur,
933 2367 1053 2408 cuius
1100 2366 1325 2408 locutionis
1367 2366 1532 2419 primus
1570 2362 1695 2404 nobis
1736 2364 1801 2403 est

203 2438 355 2478 auctor
397 2437 539 2477 Livius
583 2436 676 2489 (cfr.
720 2437 1043 2479 Drakenborch.
1087 2437 1144 2478 ad
1176 2436 1368 2486 XXXIX,
1413 2435 1482 2484 26,
1527 2432 1598 2486 12)
1611 2429 1658 2486 1),
1706 2434 1800 2474 tum

204 2506 390 2548 Velleius
422 2507 689 2558 paterculus,
730 2509 813 2558 alii,
855 2508 1010 2549 deinde
1048 2509 1095 2548 in
1131 2521 1256 2561 spem,
1299 2519 1387 2547 non
1419 2506 1502 2547 alio
1535 2505 1624 2546 fere
1656 2517 1799 2553 sensu,

204 2590 334 2630 quam
370 2579 442 2631 qui
475 2580 541 2619 est
571 2579 615 2619 in
647 2578 850 2628 ablativo,
885 2579 1001 2631 quod
1031 2579 1147 2619 idem
1180 2577 1286 2619 dixit
1308 2577 1452 2618 Livius
1478 2576 1507 2626 Ι,
1542 2576 1581 2625 8,
1614 2575 1655 2624 4,
1688 2574 1799 2624 XXI,

204 2647 275 2698 45,
307 2648 349 2699 4,
382 2648 512 2698 XXII,
546 2648 615 2698 20,
650 2649 689 2699 8,
733 2649 848 2699 alibi,
888 2649 1094 2691 Horatius
1128 2648 1263 2701 Epod.
1300 2648 1337 2698 1,
1379 2647 1447 2696 24,
1490 2646 1667 2688 Ovidius
1699 2645 1800 2686 Met.

205 2719 277 2769 IX,
311 2718 409 2769 341,
444 2719 614 2761 Curtius
647 2719 714 2769 IV,
754 2720 779 2760 6
819 2718 1047 2773 (Zumpt.):
1093 2719 1265 2771 bellum,
1288 2717 1503 2773 quod—in
1534 2730 1647 2771 spem
1679 2717 1802 2757 totius

244 2883 272 2928 1>
300 2883 495 2929 [Singulari
528 2884 636 2918 modo
669 2883 887 2918 adiectivum
920 2883 1085 2918 adiunxit
1116 2883 1238 2917 Livius
1266 2882 1355 2923 vm,
1388 2880 1444 2922 22,
1478 2880 1516 2922 4;
1556 2880 1618 2914 cfr.
1650 2878 1800 2914 Emend.

301 2944 436 2988 Liv..p.
464 2941 559 2985 646]
