1915 3235
223 1303 266 1337 II.

205 1480 264 1513 III.

206 1771 261 1805 VI.

189 1888 261 1922 VII.

174 2005 262 2039 VIII.

207 2297 264 2331 XI.

188 2415 262 2448 XII.

131 2539 161 2543 ””
172 2532 263 2565 XIII.

174 2650 262 2683 XIV.

192 2767 264 2800 XV.

175 2883 263 2917 XVI.

626 973 1069 1051 opusculorum
1109 977 1268 1036 ord0.

308 1187 359 1219 De
386 1186 423 1220 L.
452 1185 595 1230 Apuleii
621 1186 832 1230 fragmentis
858 1187 901 1220 de
928 1187 1185 1232 orthographia
1210 1199 1326 1233 nuper
1351 1188 1507 1224 inventis
1533 1201 1566 1234 p.
1587 1190 1618 1224 1.
1662 1189 1738 1233 (Ed.

311 1255 363 1288 pr.
391 1245 493 1278 vol.I
519 1256 553 1288 p.
573 1244 619 1287 1.)
657 1245 876 1279 Addendum
900 1257 934 1289 p.
953 1244 1008 1280 20.
1046 1245 1123 1287 (Ed.
1150 1258 1203 1290 pr.
1229 1248 1331 1282 vol.I
1356 1259 1390 1292 p.
1408 1247 1482 1290 26.)

310 1304 363 1338 De
394 1303 481 1337 locis
513 1303 649 1347 aliquot
681 1304 860 1338 Iuvenalis
892 1304 1170 1348 interpretandis
1205 1306 1398 1350 disputatio
1424 1319 1457 1351 p.
1483 1306 1538 1341 23.
1581 1307 1660 1349 (Ed.
1685 1319 1738 1352 pr.

308 1363 377 1396 vol.
402 1362 416 1395 I
442 1373 475 1406 p.
500 1360 571 1403 29.)
628 1361 851 1405 Epimetrum
886 1363 931 1396 de
964 1363 1101 1397 Horatii
1134 1364 1252 1398 satirae
1283 1376 1352 1399 sec.
1385 1365 1466 1399 libri
1498 1366 1605 1410 primi
1635 1377 1667 1401 v.
1693 1366 1740 1400 25

308 1433 341 1465 p.
361 1421 415 1455 50.
454 1419 531 1463 (Ed.
558 1432 609 1464 pr.
638 1421 739 1454 vol.I
765 1433 798 1465 p.
818 1420 887 1463 63.)

307 1480 358 1514 De
385 1480 463 1514 loco
489 1480 669 1514 Ciceronis
695 1481 732 1514 in
758 1480 848 1514 libro
874 1480 921 1513 IV
947 1480 990 1514 de
1016 1492 1054 1514 re
1079 1481 1223 1524 publica
1256 1483 1300 1516 ad
1326 1482 1461 1516 ordinis
1488 1483 1663 1527 equestris
1689 1484 1738 1518 in-

307 1538 434 1572 stituta
459 1538 635 1582 spectanti
662 1539 857 1582 disputatio
883 1551 916 1583 p.
936 1539 991 1574 58.
1030 1538 1106 1581 (Ed.
1133 1551 1185 1584 pr.
1213 1541 1281 1574 vol.
1300 1541 1316 1574 I
1341 1552 1374 1585 p.
1395 1539 1463 1583 72.)

307 1597 359 1630 De
385 1597 422 1630 L.
449 1597 538 1630 Attii
565 1597 788 1631 didascalicis
814 1599 1072 1632 commentatio
1098 1610 1131 1643 p.
1152 1599 1205 1633 70.
1244 1597 1320 1641 (Ed.
1346 1611 1398 1644 pr.
1426 1600 1529 1634 vol.I
1556 1611 1590 1644 p.
1608 1598 1679 1643 87.)

303 1655 470 1689 Praefatio
508 1655 655 1690 editioni
689 1657 895 1691 orationum
933 1658 1149 1692 selectarum
1183 1657 1362 1691 Ciceronis
1401 1658 1593 1702 praeposita
1624 1670 1657 1702 p.
1683 1659 1737 1692 90.

307 1712 384 1754 (Ed.
413 1725 465 1758 pr.
492 1715 595 1748 vol.I
620 1726 653 1758 p.
674 1714 769 1756 111.)

306 1772 357 1806 De
384 1772 636 1806 emendatione
668 1774 828 1809 locorum
861 1775 999 1819 aliquot
1032 1775 1237 1808 orationum
1264 1774 1580 1809 Ciceronianarum
1605 1787 1639 1819 p.
1660 1775 1737 1810 110.

308 1829 384 1871 (Ed.
411 1842 463 1874 pr.
491 1831 592 1864 vol.I
618 1843 651 1875 p.
672 1831 766 1875 136.)

306 1889 357 1923 De
395 1889 482 1923 locis
514 1889 649 1934 aliquot
688 1891 903 1926 selectarum
937 1891 1115 1927 Ciceronis
1154 1891 1358 1925 orationum
1398 1890 1592 1935 disputatio
1627 1892 1739 1926 altera

307 1958 339 1991 p.
360 1946 437 1981 142.
481 1946 557 1989 (Ed.
584 1959 636 1992 pr.
664 1949 731 1982 vol.
752 1949 766 1982 Ι
792 1961 824 1993 p.
845 1948 937 1990 175.)

309 2006 360 2039 De
386 2006 463 2039 iure
489 2010 523 2040 et
550 2007 759 2041 condicione
787 2008 1008 2041 coloniarum
1041 2008 1163 2051 populi
1198 2008 1353 2042 Romani
1385 2009 1535 2052 quaestio
1569 2010 1738 2045 historica

308 2076 340 2107 p.
362 2063 438 2098 169.
479 2063 555 2107 (Ed.
581 2077 632 2109 pr.
661 2067 729 2100 vol.
750 2067 763 2099 1
789 2079 822 2110 p.
842 2065 935 2108 208.)

307 2123 358 2156 De
385 2123 521 2166 aliquot
546 2125 684 2158 lacunis
711 2126 876 2159 codicum
901 2125 1056 2159 Lucretii
1082 2137 1115 2168 p.
1134 2123 1213 2158 248.
1251 2123 1326 2167 (Ed.
1353 2136 1405 2169 pr.
1433 2127 1535 2160 vol.I
1561 2139 1594 2170 p.
1612 2126 1706 2169 305.)

306 2181 357 2214 De
384 2181 470 2215 locis
502 2183 639 2227 aliquot
671 2184 850 2217 Ciceronis
881 2184 1085 2217 orationum
1118 2183 1350 2218 Verrinarum
1383 2184 1585 2219 dissertatio
1617 2185 1739 2220 critica

311 2251 344 2283 p.
363 2240 443 2274 263.
482 2241 558 2277 (Ed.
586 2253 637 2285 pr.
669 2243 767 2276 vol.I
794 2254 826 2286 p.
846 2240 940 2284 323.)

311 2298 362 2331 De
400 2300 652 2334 emendatione
691 2301 828 2344 aliquot
864 2301 1024 2334 locorum
1057 2300 1228 2334 orationis
1260 2301 1434 2335 Tullianae
1465 2313 1529 2345 pro
1561 2302 1605 2336 M.
1631 2302 1737 2336 Caelio

309 2356 503 2400 disputatio
530 2370 563 2402 p.
580 2358 661 2392 304.
701 2358 776 2399 (Ed.
804 2371 855 2403 pr.
882 2359 951 2393 vol.
972 2359 985 2392 I
1011 2370 1043 2402 p.
1062 2358 1156 2401 375.)

309 2416 361 2449 De
388 2417 622 2451 emendandis
648 2417 827 2451 Ciceronis
853 2418 1075 2452 orationibus
1100 2429 1164 2461 pro
1188 2418 1225 2452 P.
1245 2418 1360 2452 Sestio
1386 2422 1421 2453 et
1441 2419 1477 2453 in
1497 2419 1535 2453 P.
1553 2419 1737 2454 Vatinium

310 2474 504 2518 disputatio
530 2487 564 2519 p.
583 2475 662 2509 333.
701 2477 779 2517 (Ed.
806 2488 858 2520 pr.
885 2477 987 2510 vol.I
1013 2488 1046 2519 p.
1064 2475 1161 2517 411.)

308 2533 359 2566 De
391 2534 626 2568 emendandis
653 2535 832 2568 Ciceronis
864 2535 1086 2568 orationibus
1120 2535 1163 2568 de
1196 2535 1389 2579 provinciis
1421 2536 1668 2570 consularibus
1702 2540 1736 2570 et

310 2602 373 2634 pro
400 2592 512 2625 Balbo
540 2593 734 2636 disputatio
760 2604 793 2636 p.
813 2592 891 2627 408.
930 2592 1006 2635 (Ed.
1033 2605 1084 2637 pr.
1112 2594 1180 2627 vol.
1199 2594 1230 2627 II
1256 2606 1288 2638 p.
1309 2593 1356 2636 1.)

309 2650 359 2684 De
398 2651 595 2684 formarum
634 2652 863 2694 quarundam
900 2652 999 2685 Verbi
1037 2652 1154 2686 Latini
1192 2656 1322 2687 natura
1365 2656 1400 2687 et
1436 2664 1504 2687 usu
1543 2653 1736 2697 disputatio

310 2720 342 2752 p.
362 2708 441 2742 448.
483 2708 559 2750 (Ed.
586 2720 638 2752 pr.
665 2710 734 2743 vol.
755 2710 785 2743 II
811 2721 843 2753 p.
864 2708 933 2751 60.)

310 2768 360 2800 De
393 2768 628 2801 emendandis
661 2768 840 2802 Ciceronis
872 2768 970 2801 libris
1005 2768 1049 2801 de
1082 2769 1219 2813 legibus
1251 2769 1446 2814 disputatio
1478 2782 1512 2814 p.
1531 2769 1608 2803 504.
1659 2768 1734 2811 (Ed.

310 2836 360 2869 pr.
391 2826 456 2859 vol.
476 2827 506 2859 II
531 2838 565 2870 p.
586 2825 677 2868 130.)

311 2884 360 2916 De
387 2884 473 2917 locis
499 2885 635 2927 aliquot
662 2885 840 2919 Iuvenalis
874 2885 1092 2929 explicandis
1126 2885 1319 2930 disputatio
1352 2887 1464 2920 altera
1489 2897 1522 2930 p.
1542 2885 1619 2920 532.
1659 2887 1734 2928 (Ed.

310 2953 361 2986 pr.
389 2943 457 2976 vol.
476 2943 508 2976 II
533 2954 565 2986 p.
588 2942 678 2976 167.)
