1915 3235
983 112 1068 153 244

337 240 408 282 48.
471 241 627 295 Pyrqi
667 239 711 281 in
755 240 926 282 Etruria
968 241 1130 282 incerto
1174 253 1287 282 anno
1330 242 1430 282 ante
1470 239 1633 282 bellum
1671 241 1819 283 Punic.

471 323 569 361 sec.,
603 311 821 352 maritima
855 311 1011 352 civium
1044 310 1194 365 (supra
1225 325 1267 364 p.
1301 310 1418 364 265).

336 381 406 422 49.
473 381 708 422 Castrum
739 382 902 424 incerto
924 382 1017 424 1000
1039 383 1083 424 in
1105 382 1358 436 Campania,
1393 396 1431 424 a.
1460 382 1555 433 199,
1588 382 1819 434 maritima,

470 457 517 493 ut
550 451 731 502 videtur,
766 449 984 506 civium.¹)

154 522 301 564 30150.
335 522 404 564 51.
438 523 508 564 52.
542 522 611 564 53.
645 523 714 564 54.
747 523 820 566 55.
855 523 924 564 56.
958 523 1028 564 57.
1091 523 1314 577 Puteoli,
1363 523 1693 574 Vulturnum,
1736 523 1822 565 Li-

470 599 686 647 ternum,
737 594 1012 636 Salernum
1054 594 1098 635 in
1141 594 1399 647 Campania,
1450 595 1737 636 Buxentum
1780 595 1824 636 in

471 665 674 715 Lucania,
716 665 984 720 Sipontum
1022 666 1066 706 in
1097 665 1269 719 Apulia,
1317 665 1529 720 Tempsa
1561 668 1605 707 et
1639 665 1825 707 Croton

470 736 512 776 in
551 736 728 778 Bruttiis
762 750 800 778 a.
838 737 921 778 194
961 736 1110 790 (supra
1142 750 1184 789 p.
1218 735 1334 789 285),
1384 737 1613 778 maritimae
1653 736 1823 778 civium.

471 804 657 859 (Puteoli
699 807 865 849 colonia
906 810 949 849 et
988 808 1078 850 eius
1120 807 1372 850 decuriones
1414 810 1823 858 commemorantur,

471 890 555 930 quo
588 881 783 931 tempore
817 878 935 920 Sulla
966 881 1163 920 mortuus
1197 880 1274 928 est,
1315 878 1407 920 Val.
1441 878 1554 920 Max,
1587 878 1657 929 IX,
1692 879 1731 929 3,
1766 877 1824 931 8.)

471 947 539 1001 [In
570 949 704 991 nobili
736 949 1012 1008 inscriptione
1044 949 1283 991 Puteolana
1327 950 1380 991 de
1419 951 1585 1003 pariete
1623 949 1825 991 faciundo

470 1019 641 1073 (Bruns,
684 1020 840 1062 Fontes
874 1035 915 1074 p.
952 1021 1035 1062 192
1068 1021 1134 1062 ed.
1169 1020 1212 1073 3)
1246 1021 1442 1062 consules
1476 1035 1515 1062 a.
1545 1020 1627 1062 105
1661 1034 1699 1062 a.
1725 1020 1824 1062 Chr.

469 1092 750 1144 nonagesimo
809 1094 908 1145 post
965 1092 1178 1134 coloniam
1236 1092 1467 1133 deductam
1523 1105 1636 1133 anno
1690 1092 1825 1145 assig-

471 1161 666 1216 nantur]

340 1232 409 1274 58.
472 1233 620 1286 Ignoto
653 1234 827 1277 nomine
859 1233 903 1274 in
934 1233 1111 1274 Bruttiis
1156 1246 1194 1274 a.
1232 1234 1314 1274 194
1357 1233 1442 1287 (vel
1474 1233 1616 1287 potius
1650 1246 1702 1274 ex
1733 1233 1826 1287 lege

470 1306 551 1346 hoc
586 1318 699 1346 anno
732 1303 852 1357 lata),
887 1304 1040 1346 Latina
1074 1302 1182 1358 (Liv.
1215 1304 1403 1353 XXXIV,
1438 1303 1526 1357 53).

339 1376 408 1417 59.
477 1375 667 1416 Thurii
706 1376 859 1417 eodem
899 1389 1012 1417 anno
1044 1376 1088 1416 in
1120 1376 1321 1424 Lucania,
1367 1376 1520 1417 Latina
1564 1373 1672 1429 (Liv.
1704 1373 1825 1427 ibd.),

470 1445 643 1499 [Latino
687 1448 861 1489 nomine
905 1446 1043 1501 Copiae
1081 1447 1265 1488 testibus
1305 1446 1519 1488 Strabone
1552 1446 1618 1496 VI,
1666 1459 1709 1500 p.
1742 1446 1827 1487 263

472 1520 578 1558 extr.
614 1522 657 1558 et
690 1517 912 1570 Stephano
945 1517 1122 1571 Byzant.
1157 1531 1190 1559 5.
1224 1531 1263 1558 V.
1301 1516 1483 1570 Θούριοι]
1497 1513 1531 1570 2)

269 1728 297 1774 ¹)
323 1730 446 1765 Livius
472 1731 613 1773 XXXII,
643 1731 678 1766 7:
718 1732 888 1766 Censores
916 1732 957 1764 P.
988 1731 1176 1765 Cornelius
1204 1730 1322 1773 Scipio
1349 1731 1550 1773 Africanus
1575 1735 1607 1764 et
1633 1731 1675 1764 P.
1701 1730 1829 1764 AElius

327 1790 449 1824 Poetus
480 1791 649 1824 Castrum
681 1789 747 1833 [sic
772 1790 1050 1834 Bambergensis
1076 1789 1208 1834 aliique
1235 1789 1385 1831 codices,
1424 1800 1508 1830 non,
1549 1792 1590 1823 ut
1615 1789 1723 1833 vulgo
1750 1789 1829 1823 ede-

324 1849 442 1890 batur,
475 1848 703 1892 Castrorum]
727 1851 943 1893 portorium,
970 1860 1037 1893 quo
1064 1851 1102 1883 in
1127 1850 1200 1883 loco
1225 1861 1321 1883 nuno
1346 1850 1518 1892 oppidum
1542 1853 1603 1891 est,
1633 1849 1830 1891 fruendum

326 1909 502 1952 locarunt,
529 1910 734 1953 colonosque
761 1920 797 1943 eo
824 1914 994 1943 trecentos
1021 1908 1067 1950 (is
1092 1910 1186 1942 enim
1211 1919 1382 1942 numerus
1405 1909 1530 1951 finitus
1550 1919 1573 1941 a
1592 1912 1719 1941 senatu
1738 1905 1828 1949 erat)

326 1969 609 2012 adscripserunt.
659 1968 711 2002 Ex
744 1968 811 2001 hoc
842 1968 921 2002 loco
954 1979 975 2002 a
1008 1967 1152 2012 Sigonio
1186 1966 1252 2009 (De
1288 1970 1360 2001 ant.
1388 1967 1455 2001 iur.
1482 1966 1559 2001 Ital.
1587 1966 1635 2008 II,
1664 1964 1698 2008 5)
1737 1966 1830 2001 inter

327 2027 486 2061 colonias
512 2027 607 2061 male
634 2027 789 2061 relatum
817 2038 895 2061 esse
927 2027 1096 2061 Castrum
1123 2029 1343 2067 Portorium,
1376 2037 1484 2061 nemo
1512 2036 1585 2059 non
1611 2025 1725 2063 videt;
1766 2025 1831 2059 sed

327 2086 505 2120 coloniam
537 2086 574 2120 in
600 2087 732 2127 locum,
772 2086 834 2130 qui
866 2089 952 2119 tunc
985 2085 1132 2129 quidem
1165 2086 1280 2120 Castri
1314 2084 1402 2129 [non
1438 2082 1663 2127 Castrorum]
1696 2095 1829 2119 nomen

326 2145 505 2186 habuerit,
544 2146 750 2186 deductam,
790 2155 862 2178 non
895 2144 1016 2178 minus
1048 2147 1158 2188 patet.
1209 2145 1298 2188 Quae
1330 2145 1427 2188 quod
1460 2155 1481 2178 a
1506 2144 1715 2178 censoribus
1749 2154 1830 2178 con-

326 2204 453 2238 stituta
496 2207 566 2246 est,
617 2204 706 2238 nihil
752 2204 862 2238 habet
906 2203 1174 2244 admirationis,
1227 2214 1341 2247 quum
1387 2203 1596 2248 praesidium
1647 2202 1830 2247 vectigalis

327 2264 411 2298 novi
437 2264 593 2298 instituti
619 2264 730 2298 missa
755 2263 812 2304 sit,
845 2262 1052 2306 fuerintque
1087 2273 1252 2297 censores
1279 2262 1414 2307 proprii
1441 2262 1690 2306 descriptionis
1717 2262 1830 2297 civilis

328 2326 521 2356 curatores.
560 2323 653 2356 Nam
679 2322 774 2357 cives
800 2321 961 2365 intelligi,
989 2324 1025 2355 et
1050 2333 1094 2355 ex
1119 2333 1158 2356 re
1184 2324 1219 2355 et
1246 2332 1289 2355 ex
1315 2331 1480 2362 numero,
1508 2332 1617 2365 quem
1643 2332 1738 2366 saepe
1758 2321 1831 2355 iam

327 2380 494 2423 vidimus,
533 2381 754 2426 intelligitur.
817 2379 903 2424 [Sed
937 2380 1077 2425 reliqua
1108 2381 1152 2414 de
1184 2380 1251 2413 hac
1283 2379 1424 2414 colonia
1450 2380 1604 2414 obscura
1633 2383 1668 2415 et
1693 2380 1831 2415 incerta

330 2443 424 2474 sunt.
487 2440 722 2475 Coniecturas
763 2440 867 2484 posui
905 2439 1110 2474 Emendatt.
1144 2438 1218 2473 Liv.
1253 2449 1286 2483 p.
1314 2438 1383 2472 476
1415 2449 1492 2482 sqq.
1527 2438 1584 2473 ed.
1611 2437 1650 2481 2,
1695 2438 1758 2473 ubi
1795 2439 1831 2473 in

330 2499 438 2533 huius
463 2499 584 2533 locum
610 2499 762 2533 fortasse
789 2499 1012 2533 Vulturnum
1039 2497 1252 2532 successisse
1278 2497 1482 2541 suspicatus
1508 2495 1617 2540 sum]

273 2555 305 2600 2)
328 2558 380 2592 Ex
405 2558 460 2592 his
487 2557 628 2592 duabus
655 2558 853 2592 alterautra
878 2568 961 2591 vere
987 2557 1143 2591 deducta
1167 2556 1324 2590 traditur
1341 2567 1372 2590 a.
1393 2555 1460 2589 193
1479 2557 1578 2600 apud
1595 2557 1672 2591 Liv.
1691 2556 1830 2598 XXXV,

330 2615 366 2654 9;
395 2627 480 2650 nam
506 2617 601 2651 inter
627 2616 835 2651 triumviros
854 2615 1064 2650 nominatur
1086 2617 1124 2658 Q.
1143 2616 1267 2650 AElius
1289 2616 1436 2657 Tubero,
1463 2617 1566 2649 cuius
1591 2616 1662 2659 leye
1687 2616 1832 2650 deduce-

329 2675 453 2713 batur;
480 2675 509 2709 is
535 2687 641 2720 porro
668 2676 784 2720 legem
811 2676 855 2709 de
882 2674 952 2708 illis
978 2675 1126 2715 tulerat;
1154 2674 1217 2708 sed
1243 2674 1292 2708 ibi
1310 2674 1439 2718 legitur
1465 2674 1502 2708 in
1520 2674 1597 2708 cod.
1616 2676 1656 2708 in
1673 2679 1832 2708 castrum

329 2735 573 2783 Ferentinum,
601 2736 698 2779 quod
725 2738 861 2769 temere
887 2744 1034 2778 prorsus
1061 2733 1215 2768 editores
1242 2736 1441 2774 mutarunt,
1469 2736 1508 2767 ut
1528 2736 1623 2767 esset
1643 2735 1683 2767 in
1702 2744 1832 2776 ayrum

335 2794 551 2834 Thurinum,
579 2793 691 2834 obliti,
719 2793 806 2835 eius,
834 2804 914 2837 quae
940 2795 980 2827 ut
1006 2792 1043 2826 in
1068 2792 1227 2826 Bruttios
1254 2792 1493 2826 deduceretur
1525 2791 1640 2826 latum
1667 2790 1830 2835 legimus,

331 2862 464 2886 nomen
491 2852 666 2886 traditum
699 2863 771 2886 non
805 2862 893 2892 esse,
932 2851 1055 2895 itaque
1088 2862 1169 2885 eam
1202 2851 1279 2885 sine
1311 2851 1420 2884 dubio
1452 2849 1645 2894 significari
1678 2850 1831 2884 obscuro
