1915 3235
128 1395 176 1420 181

957 127 1044 168 544

198 256 364 305 putare.
381 250 414 305 1)
477 253 665 304 Quinam
698 255 742 295 hi
774 259 903 298 sunt?
951 257 1148 298 Primum
1190 257 1376 298 creditor
1408 258 1611 299 causidici
1643 258 1797 310 ipsius;

198 337 299 364 nam
332 326 379 365 ut
411 324 480 365 hic
512 325 643 366 fidem
676 339 800 367 suam
835 330 1008 368 tueatur
1041 331 1083 369 et
1115 341 1237 381 spem
1272 328 1472 370 creditori
1497 328 1629 369 faciat
1661 329 1797 370 facilis

198 395 434 445 solutionis,
475 396 638 438 reditus
682 411 782 438 suos
816 401 1071 451 exaggerat;
1121 399 1276 440 deinde
1309 399 1353 440 id
1384 399 1444 448 fit,
1495 413 1627 451 quum
1661 399 1799 441 acrior

199 466 330 507 etiam
374 467 585 508 creditore
628 468 742 509 latus
786 468 926 521 tetigit
970 472 1012 510 et
1053 470 1191 522 magis
1224 470 1446 511 hominem
1480 470 1682 511 excitavit
1714 470 1797 511 liti-

197 539 321 589 gator
361 540 404 578 et
443 537 630 590 litigator
676 539 795 580 dives
839 542 880 580 et
923 540 1102 581 dubiam
1145 554 1324 582 causam
1367 542 1567 590 afferens,
1617 541 1798 582 dubium

197 621 357 649 nomen
389 612 563 661 petens3
603 623 705 651 nam
739 610 794 651 ab
828 612 909 651 hoc
942 624 992 652 eo
1025 612 1163 652 maior
1194 625 1360 653 merces
1395 612 1672 665 exprimetur,
1714 625 1798 664 quo

198 679 293 731 plus
326 680 453 733 vulgo
488 681 751 722 causidicum
786 682 980 735 accipere
1013 682 1150 724 solere
1184 680 1473 735 crediderit.²)
1524 683 1638 724 Tum
1670 684 1798 736 igitur

197 750 426 792 mendacia
458 752 626 804 spirant
658 753 800 794 folles:
848 755 939 794 tum
986 753 1095 794 adeo
1135 754 1342 806 praeclare
1382 767 1461 795 sua
1502 754 1677 807 negotia
1709 755 1798 807 geri

199 821 401 862 causidici
435 823 686 874 praedicant,
720 827 768 865 ut
800 825 971 865 invidiae
1005 838 1058 865 ex
1089 824 1223 865 nimia
1256 825 1429 866 fortuna
1453 825 1721 866 detestandae
1757 827 1799 866 et

198 892 349 933 fascini
382 893 611 934 avertendi
644 907 776 936 causa
807 897 954 936 Vetere
987 896 1293 948 superstitione
1325 897 1367 936 in
1401 896 1541 937 sinum
1569 896 1797 949 despuant.

196 963 308 1004 Nam
341 963 423 1005 hoc
455 967 522 1005 est
553 967 873 1021 conspuiturque
904 968 1034 1016 sinus,
1069 967 1185 1020 quod
1216 967 1324 1007 mire
1357 967 1410 1007 de
1445 967 1723 1008 vehementia
1757 972 1798 1008 et

199 1034 417 1076 celeritate
468 1036 671 1089 loquendi
717 1038 977 1091 intelligunt,
1027 1038 1151 1091 quasi
1195 1038 1320 1090 vulgo
1366 1038 1568 1078 causidici
1611 1038 1799 1079 Romani

197 1105 278 1146 hoc
310 1106 550 1148 laborarint
581 1107 685 1149 vitio
717 1110 760 1149 in
793 1108 945 1150 mediis
978 1109 1121 1150 Verbis
1155 1111 1329 1161 sputum
1365 1111 1408 1149 et
1439 1122 1641 1161 spumam
1675 1109 1799 1150 emit-

197 1177 329 1218 tendi.
343 1174 377 1230 3)
426 1178 533 1219 Haec
565 1179 693 1232 igitur
725 1180 805 1232 ipsi
839 1180 1062 1229 causidici;
1095 1193 1200 1220 vera
1232 1193 1381 1221 eorum
1414 1180 1567 1220 messis
1601 1180 1710 1221 adeo
1743 1180 1798 1220 ab

198 1250 280 1289 hac
312 1249 545 1290 verborum
579 1251 785 1292 iactantia
827 1251 971 1300 distat,
1021 1256 1068 1291 ut
1108 1264 1219 1292 unus
1262 1251 1315 1291 de
1361 1252 1472 1292 circo
1515 1250 1665 1303 auriga
1703 1250 1798 1303 plus

198 1319 419 1372 possideat
452 1334 581 1373 quam
618 1327 791 1363 centum
826 1322 1043 1363 causidici.

316 1391 363 1432 In
396 1391 530 1432 satira
563 1395 716 1434 octava
749 1407 833 1446 quo
867 1394 960 1434 loco
993 1396 1123 1446 poeta
1154 1393 1365 1434 nobilium
1398 1393 1655 1441 foeditatem,
1695 1404 1798 1444 ope—

198 1475 292 1503 ram
325 1476 450 1504 suam
484 1476 625 1504 scenae
659 1466 702 1504 et
734 1465 1057 1517 amphitheatro
1089 1465 1338 1514 locantium,
1384 1463 1586 1516 exagitat,
1629 1475 1799 1516 magnae

198 1536 299 1573 sunt
330 1533 618 1587 interpretum
650 1535 805 1584 turbae,
857 1536 989 1577 etiam
1031 1535 1441 1584 recentissimorum,
1490 1535 1533 1575 in
1566 1534 1631 1575 his
1664 1534 1799 1575 versi-

198 1604 293 1653 bus,
329 1605 401 1656 qui
433 1608 666 1658 ponuntur,
707 1609 940 1659 postquam
974 1620 1150 1647 scenam
1184 1608 1225 1647 et
1258 1606 1414 1647 mimos
1447 1619 1472 1647 a
1504 1604 1723 1646 nobilibus
1757 1607 1799 1645 et

198 1676 387 1727 patriciis
421 1679 540 1717 actos
575 1678 932 1719 commemoravit
965 1677 1068 1731 (192
1101 1676 1234 1730 sqq.):

1102 1771 1262 1822 Quanti
1295 1784 1372 1812 sua
1406 1771 1560 1812 funera
1594 1770 1797 1819 vendant,

442 1841 554 1891 Quid
587 1842 745 1884 refert?
778 1843 982 1884 Vendunt
1013 1843 1130 1884 nullo
1164 1844 1342 1895 cogente
1375 1842 1558 1891 Nerone,

442 1912 529 1953 Nec
563 1913 764 1955 dubitant
797 1914 897 1955 celsi
930 1914 1127 1967 praetoris
1160 1913 1348 1954 vendere
1381 1913 1507 1954 ludis.

236 2062 263 2107 ¹)
290 2065 436 2100 Mirifice
475 2066 697 2101 Schmidtius
736 2068 939 2111 coniungit:
986 2079 1095 2112 quum
1126 2069 1328 2110 praecipue,
1367 2069 1548 2100 commate
1587 2065 1721 2106 deleto,
1762 2067 1801 2098 ut

294 2125 381 2159 ordo
408 2125 454 2159 sit
472 2128 658 2169 prceez'pne
684 2139 804 2170 quum,
845 2130 880 2161 et
914 2128 957 2161 de
990 2127 1051 2161 illo
1083 2126 1203 2171 positu
1236 2125 1347 2159 etiam
1380 2124 1550 2169 disputat.
1601 2124 1696 2167 Quid
1722 2135 1800 2168 per-

293 2184 459 2227 spicuum
487 2188 551 2225 est,
584 2186 613 2218 si
648 2186 715 2220 1100
742 2197 815 2220 non
842 2189 911 2220 est:
943 2187 1129 2229 praecipue
1160 2190 1236 2219 tum
1267 2190 1407 2227 sonant,
1441 2183 1575 2228 quum?
1615 2185 1802 2226 Proeeilme

293 2243 450 2286 pertinet
487 2244 533 2278 ad
565 2249 650 2285 tum,
685 2256 905 2289 prorsusque
937 2246 1016 2286 1100,
1055 2245 1151 2289 quod
1184 2243 1385 2287 temporale
1419 2247 1482 2285 est,
1521 2242 1800 2277 discernendum

294 2305 348 2335 est
394 2313 415 2335 a
452 2306 659 2346 praesertim
707 2316 832 2347 quum,
879 2305 976 2348 quod
1020 2314 1163 2347 semper
1208 2314 1355 2337 causam
1400 2302 1594 2346 specialem
1638 2301 1802 2346 adiungit

295 2363 330 2393 et
364 2360 636 2396 coniunctivum
669 2363 796 2403 habet3
837 2374 909 2397 non
943 2363 1087 2407 expedit
1119 2374 1156 2396 se
1189 2361 1394 2396 Schmidius
1429 2362 1473 2395 ad
1507 2361 1592 2395 Hor.
1619 2360 1730 2405 Epist.
1758 2361 1800 2402 ΙΙ,

295 2418 325 2459 1,
352 2418 431 2453 262.

238 2475 264 2519 ²)
291 2478 408 2511 Latus
441 2484 596 2521 tanyere,
636 2482 733 2524 quod
767 2481 803 2514 in
836 2481 950 2523 elegia
982 2481 1025 2514 de
1058 2480 1159 2514 obitu
1193 2479 1396 2513 Maecenatis
1429 2490 1461 2513 v.
1489 2479 1535 2512 30
1567 2479 1611 2513 de
1645 2490 1698 2519 eo,
1738 2478 1800 2522 qui

294 2536 388 2569 ferro
416 2538 592 2578 vulnerat,
626 2539 783 2582 ponitur,
818 2540 879 2573 ubi
907 2551 950 2574 ex
976 2543 1144 2573 contexta
1170 2539 1333 2573 oratione
1360 2539 1395 2572 id
1421 2542 1532 2582 patet,
1571 2549 1635 2582 per
1661 2549 1699 2572 se
1725 2548 1799 2571 non

294 2595 415 2629 minus
441 2598 658 2639 generaliter
690 2598 820 2632 dicitur
853 2610 964 2643 quam
996 2600 1091 2633 latus
1121 2600 1291 2642 fodicare.
1355 2598 1432 2632 Hoc
1469 2598 1548 2632 loco
1589 2596 1801 2640 intelligitur

295 2655 497 2688 causidicus
524 2657 627 2699 quasi
654 2657 801 2691 stimulo
829 2659 987 2701 quodam
1015 2658 1192 2692 excitatus
1218 2658 1262 2691 ad
1290 2657 1553 2690 mentiendum.
1600 2656 1708 2690 Dives
1733 2655 1801 2689 liti·

295 2718 396 2758 gator
423 2714 635 2758 intelligitur
661 2727 703 2749 ex
732 2717 853 2760 magni
880 2717 1010 2751 codicis
1029 2716 1386 2757 commemoratione,
1413 2716 1529 2750 multa
1553 2715 1702 2749 nomina
1720 2725 1800 2748 con-

296 2774 453 2807 tinentis.
1075 2804 1077 2806 .

238 2830 265 2876 3)
292 2833 343 2867 De
370 2833 636 2876 superstitionis
663 2845 793 2877 genere
828 2834 914 2868 satis
950 2835 1016 2868 erit
1048 2834 1246 2878 inspexisse
1272 2833 1362 2867 Plin.
1389 2833 1480 2867 Hist.
1509 2833 1548 2867 N.
1575 2833 1733 2873 XXVIII,
1768 2831 1799 2873 7,

295 2892 452 2936 interpp.
482 2892 527 2925 ad
553 2891 702 2926 Theocr.
730 2893 831 2936 Idy-ll.
859 2893 916 2934 VI,
943 2893 999 2934 39,
1033 2894 1168 2927 Iacobs.
1195 2893 1387 2926 Aliiniadv.
1415 2892 1451 2925 in
1478 2892 1671 2935 Antholog.
1697 2891 1799 2925 Tom.

295 2951 326 2984 II
353 2962 386 2994 p.
414 2949 435 2982 2
463 2961 496 2994 p.
524 2949 603 2991 346,
631 2962 675 2984 nc
702 2951 790 2984 alios
818 2952 985 2985 excitem.
