1915 3235
145 1474 177 1497 94

143 2815 176 2840 95

953 126 1041 168 474

201 260 276 300 22:
314 258 428 313 Fuqe
459 257 578 298 modo
609 258 746 308 intro;
779 270 848 311 690
880 255 1043 304 υἱᾱωός
1087 255 1162 297 cfr.
1194 256 1379 310 Adelph.
1412 258 1460 307 V,
1498 259 1518 299 1
1555 257 1630 311 (3).
1665 259 1719 300 59
1753 262 1795 300 et

200 331 266 380 ΙΙΙ,
309 329 347 379 3,
391 329 460 379 83,
501 329 576 370 ubi
616 332 698 370 est:
748 328 798 369 de
836 327 934 367 istoc
966 327 1248 390 ‘232)se·2⁷iderit.
1312 328 1398 368 Nes·
1432 329 1518 370 ulla
1551 332 1615 370 est
1648 343 1792 380 causa,

201 415 275 442 cur
306 401 433 454 vulgo
467 400 523 441 ad
554 413 690 440 unum
728 412 878 440 omnes
919 397 1189 451 grammatici
1228 399 1310 439 hoc
1348 401 1617 451 postremum
1658 402 1699 441 et
1738 400 1794 442 si-

199 471 317 514 milia
348 471 535 524 plurima
568 471 684 524 apud
724 483 874 512 omnes
920 470 1150 522 scriptores
1194 469 1463 512 coniunctivo
1509 471 1638 512 modo
1683 470 1794 524 (per-

199 542 393 595 missivo)
427 542 542 583 dicta
574 543 741 594 putent,
783 541 1042 582 adversante
1081 540 1232 592 primae
1270 553 1468 593 personae
1500 554 1594 582 usu.
1658 542 1795 583 Nemo

200 616 313 656 enim
347 615 467 667 legit:
510 612 599 667 Ε90
632 611 823 661 viderim,
857 611 900 652 id
934 612 1010 660 est,
1044 610 1258 663 permitte,
1292 614 1341 652 ut
1373 625 1451 665 ego
1482 612 1669 654 Videam.
1733 613 1795 654 Ac

199 699 253 727 ne
294 685 388 738 quis
428 684 608 732 dubitet,
649 682 852 723 Heinsius
892 682 948 722 ad
987 680 1110 722 Ovid.
1146 695 1197 722 ex
1228 681 1352 724 Pont.
1386 682 1415 733 I,
1457 683 1496 732 2,
1538 683 1563 724 9
1598 683 1794 724 Graecum

200 755 487 810 comparavit:
522 763 558 791 τί
580 755 666 803 πρὸς
693 755 803 803 ἦμᾱςς
831 755 871 790 σύ
898 755 994 799 ὄψει,

316 827 384 867 VI.
454 825 578 876 Quod
628 825 713 866 dixi
762 824 814 865 de
861 824 1035 865 notione
1083 822 1262 864 actionis
1310 824 1466 865 futurae
1515 838 1611 865 cum
1660 825 1796 866 altera

199 898 389 950 quodam
412 897 542 938 modo
576 909 794 945 connexae,
828 895 872 936 id
894 896 1082 936 maxime
1105 895 1149 935 in
1181 894 1230 936 iis
1263 895 1365 937 locis
1395 895 1688 946 confirmatur,
1721 895 1796 937 ubi

201 969 254 1010 de
298 969 466 1009 actione
510 967 693 1008 alteram
734 965 1016 1017 subsequenti
1058 965 1249 1006 futurum
1290 969 1490 1007 exactum
1534 967 1700 1017 dicitur,
1749 970 1796 1008 ut

200 1041 287 1081 iam
319 1052 406 1081 non
437 1038 567 1080 modo
600 1037 807 1091 praeteriti
839 1036 944 1077 nihil
977 1036 1019 1076 in
1052 1049 1098 1076 se
1120 1036 1294 1086 habeat,
1329 1037 1406 1078 sed
1428 1038 1641 1078 ulterioris
1664 1037 1794 1078 futuri

199 1112 292 1152 loco
326 1110 392 1151 sit.
456 1108 718 1150 Huiusmodi
750 1108 843 1149 haec
876 1109 977 1148 sunt
1009 1107 1127 1159 apud
1158 1107 1382 1148 Plautum:
1431 1108 1611 1150 Mostell.
1644 1109 1711 1159 ΙΙΙ,
1755 1108 1794 1157 3,

203 1183 275 1223 18:
320 1181 392 1222 Vel
413 1180 518 1221 mihi
540 1180 837 1232 denumerat0;
870 1192 939 1233 690
971 1179 1036 1219 aa·
1060 1191 1191 1232 porro
1227 1178 1565 1230 denmneravero,
1600 1182 1642 1221 et
1677 1180 1724 1230 V,
1755 1180 1794 1229 2,

199 1254 276 1294 22:
312 1252 458 1307 Sume,
492 1265 562 1306 690
594 1252 665 1292 isti
697 1250 901 1299 assedero,
937 1252 978 1290 et
1010 1249 1264 1290 Menaechm.
1297 1249 1364 1300 ΙΙΙ,
1399 1251 1438 1301 3,
1473 1251 1549 1291 521:
1584 1250 1656 1291 Da
1679 1250 1796 1292 sodes

199 1323 272 1364 abs
304 1328 353 1375 te,
379 1327 475 1377 post
508 1336 578 1376 690
610 1321 835 1363 reddidero
868 1320 954 1371 tibi,
998 1322 1040 1361 et
1071 1320 1192 1361 Poen.
1225 1321 1273 1370 V,
1315 1321 1354 1371 2,
1397 1321 1472 1363 24:
1522 1321 1569 1362 Sz·
1599 1335 1681 1362 non
1714 1320 1795 1375 (re-

199 1391 508 1447 spondebunt),
543 1398 628 1434 tum
662 1392 719 1433 ad
751 1392 900 1432 horam
932 1405 1067 1432 mores
1099 1391 1288 1445 linquam
1321 1397 1494 1433 voi-tero.

316 1465 460 1517 Atque
492 1465 598 1513 haec,
640 1463 692 1504 de
726 1463 882 1516 quibus
922 1463 1132 1504 hactenus
1166 1462 1265 1511 dixi,
1308 1463 1363 1503 ad
1397 1465 1513 1504 certa
1545 1476 1704 1516 genera
1736 1464 1795 1504 sic

198 1536 388 1578 revocari
423 1537 638 1589 poterant,
688 1536 735 1575 ut
777 1534 1019 1587 proprietas
1066 1533 1267 1586 quaedam
1310 1534 1442 1574 futuri
1488 1534 1625 1575 exacti
1659 1547 1794 1586 appa-

197 1610 324 1656 reret,
360 1607 439 1648 etsi
471 1606 705 1647 tenendum
741 1608 819 1655 est,
862 1605 971 1646 adeo
1005 1617 1100 1646 eam
1136 1605 1335 1657 exiguam
1369 1618 1476 1655 esse,
1526 1606 1585 1655 ut,
1634 1604 1795 1645 omissa

197 1678 279 1720 levi
312 1679 384 1719 illa
417 1676 739 1731 significationis
780 1677 1022 1726 inflexione,
1073 1676 1274 1717 omnibus
1318 1676 1420 1717 locis
1465 1675 1566 1729 poni
1608 1675 1795 1728 potuerit

198 1750 393 1790 futurum
441 1748 637 1801 simplex,
688 1747 803 1800 quod
843 1747 1018 1788 infinitis
1058 1746 1161 1788 locis
1204 1747 1332 1799 plane
1364 1747 1575 1788 similibus
1607 1748 1793 1799 ponitur.

197 1821 260 1861 Ac
307 1823 575 1873 postremum
626 1818 798 1871 quidem
847 1831 981 1871 genus
1029 1818 1174 1859 nescio
1229 1831 1284 1858 an
1337 1818 1495 1858 rectius
1544 1817 1794 1859 exclusurus

197 1891 365 1941 fuerim,
415 1891 620 1943 quoniam
659 1889 716 1930 illi
760 1889 840 1931 loci
873 1903 1087 1942 perparvo
1121 1888 1365 1929 discrimine
1400 1890 1442 1929 et
1474 1888 1658 1930 fortasse
1692 1902 1794 1930 casu

197 1962 402 2003 differunt
446 1962 500 2002 ab
544 1962 607 2008 iis,
656 1961 699 2001 in
744 1961 900 2013 quibus
943 1961 1071 2013 plane
1111 1973 1189 2013 pro
1229 1959 1374 2000 futuro
1407 1959 1589 2012 simplici
1620 1959 1794 2012 ponitur

198 2035 412 2074 exactum.
477 2032 574 2073 Huc
622 2031 737 2073 enim
780 2032 939 2072 sensim
983 2030 1155 2072 licentia
1198 2032 1240 2071 et
1284 2030 1441 2072 oblivio
1474 2029 1792 2083 significationis

197 2104 402 2156 temporis
435 2103 642 2156 praeteriti
676 2103 871 2152 excessit,
921 2102 1010 2151 sed,
1059 2103 1107 2142 ut
1138 2102 1320 2151 videtur,
1369 2101 1413 2142 in
1451 2102 1592 2154 prima
1622 2104 1792 2143 tantum

197 2188 397 2227 persona.
461 2174 610 2227 Neque
642 2174 790 2227 negari
823 2174 909 2214 ullo
948 2173 1078 2214 modo
1118 2174 1273 2225 potest,
1323 2172 1534 2224 separatis
1574 2172 1636 2221 iis,
1686 2186 1791 2225 quos

197 2246 334 2298 posui,
369 2244 471 2286 locis
506 2247 548 2285 et
580 2246 614 2285 si
648 2245 719 2297 qui
752 2245 911 2285 similes
945 2246 1057 2294 sunt,
1092 2256 1298 2295 magnum
1328 2248 1473 2284 tamen
1497 2243 1680 2296 relinqui
1711 2256 1791 2284 nu—

196 2329 364 2356 merum
398 2315 515 2368 apud
554 2316 771 2366 Plautum,
820 2315 1048 2356 nonnullos
1090 2314 1208 2367 apud
1247 2313 1511 2365 Terentium,
1560 2313 1603 2354 in
1636 2313 1791 2366 quibus

195 2386 360 2427 nullum
394 2400 571 2439 prorsus
605 2387 836 2428 discrimen
867 2387 1091 2438 utriusque
1124 2384 1255 2426 futuri
1289 2387 1512 2437 appareat.
1575 2385 1663 2425 Nec
1687 2384 1791 2425 satis

196 2459 262 2498 est
293 2457 336 2497 in
369 2470 453 2498 uno
487 2457 677 2498 alterove
710 2458 863 2498 horum
897 2457 1086 2499 locorum
1126 2454 1251 2509 (quos
1285 2468 1434 2496 omnes
1467 2455 1511 2495 in
1543 2455 1791 2496 inferiorem

195 2528 433 2580 marginem
466 2528 610 2580 reieci)
645 2529 807 2581 aliquid
840 2527 1083 2580 excogitari,
1116 2527 1198 2567 nisi
1230 2526 1273 2566 id
1296 2526 1574 2567 similitudine
1601 2526 1790 2578 quadam

195 2601 406 2651 perpetua
438 2599 622 2650 plurium
658 2600 848 2640 locorum
883 2598 1172 2640 confirmetur.
1236 2597 1379 2649 Longe
1412 2597 1584 2649 plurimi
1617 2610 1789 2638 omnem

196 2671 398 2711 conatum
432 2672 642 2721 respuunt
665 2683 826 2719 eorum,
862 2669 933 2722 qui
957 2669 1124 2719 eadem,
1159 2681 1255 2720 quae
1278 2668 1435 2708 nostris
1458 2667 1624 2721 linguis,
1660 2668 1790 2708 etiam

196 2741 414 2781 veteribus
448 2739 656 2788 accidere,
705 2743 754 2781 ut
790 2740 1007 2781 interdum
1050 2739 1344 2793 promiscuum
1377 2739 1613 2780 formarum
1648 2751 1788 2787 usum,

197 2811 432 2852 concedere
464 2807 676 2862 nolunt.¹)
740 2811 802 2851 Ne
842 2811 885 2851 id
924 2810 1099 2862 quidem
1139 2810 1333 2863 (propter
1366 2810 1540 2850 Mercat.
1575 2809 1641 2859 ΙΙΙ,
1683 2809 1722 2858 2,
1763 2808 1790 2849 5

236 2972 264 3016 ¹)
290 2974 433 3008 Plaut.
474 2974 654 3027 Amphitr.
681 2974 751 3015 ΙΙΙ,
791 2974 828 3015 ἱ),
867 2973 912 3006 49
950 2973 1035 3015 (Ibo
1074 2980 1219 3018 eyomet,
1259 2975 1416 3008 comitem
1453 2975 1543 3007 mihi
1575 2974 1788 3017 pudicitiam

290 3032 450 3076 duxero),
477 3033 536 3074 III⁷
563 3032 596 3074 4,
624 3032 667 3066 16
694 3031 863 3076 (Capsam
882 3044 1049 3067 coronam
1074 3035 1164 3067 milei
1187 3035 1225 3067 in
1251 3038 1377 3076 capat;
1404 3033 1620 3066 assimulabo
1646 3043 1699 3065 me
1716 3042 1788 3066 esse

1893 3202 1909 3235 -ῌ
1895 3162 1911 3185 Ἲ..
1899 3123 1911 3147 ,ΠΛ
1903 3054 1905 3058 λ
1899 2979 1901 2983 ,
1899 2941 1907 2962 r.
1902 2864 1903 2869 Α
1906 2804 1913 2818 ἱ
