1915 3235
125 539 176 565 332

953 113 1039 154 270

196 257 331 284 unum
365 243 505 284 locum
539 242 762 294 Zuinptius
795 242 864 283 hic
905 242 1132 295 singularis
1172 243 1299 284 huius
1340 243 1496 284 codicis
1536 244 1792 297 integritatis

197 317 352 355 testem
386 314 473 362 dat,
523 326 619 365 quaa
654 313 788 353 multo
833 315 924 354 erat
964 313 1161 366 pluribus
1194 314 1359 354 indiciis
1393 314 1580 355 indubiis
1613 315 1792 357 demon-

196 385 388 434 stranda,
438 383 576 424 Divin.
611 397 645 424 c.
683 384 749 433 17,
790 383 859 433 56,
908 383 952 424 in
984 397 1034 425 eo
1075 387 1117 425 et
1150 384 1285 426 codex
1317 385 1550 435 Leidensis,
1599 399 1737 439 nuper
1769 400 1794 428 a

197 456 329 496 Bakio
372 455 616 507 diligentius
662 454 841 495 collatus
885 453 999 507 (post
1039 455 1068 496 I.
1103 455 1152 496 G.
1186 456 1358 497 Sluiteri
1398 456 1626 509 Specimen
1657 457 1792 498 Acad.

196 527 238 566 in
286 527 340 567 M.
386 526 514 566 Tullii
558 525 642 566 Cic.
687 525 872 566 Divinat.
920 526 964 566 in
1007 526 1116 567 Caee.
1161 527 1295 579 Lugd.
1340 527 1433 568 Bat.
1483 526 1630 580 1832),
1680 528 1794 581 quod

196 598 420 649 Zumptius
460 596 700 649 ignorabat,
751 599 793 637 et
824 596 960 637 Paris.
994 597 1029 637 D
1071 600 1113 638 et
1152 597 1290 638 Guelf.
1324 598 1364 647 2,
1413 597 1455 638 id
1489 600 1566 648 est,
1616 602 1794 652 excepto

197 668 504 721 Stephaniano,
553 667 587 708 si
627 668 662 708 is
703 680 729 708 a
761 668 859 708 Par.
893 668 928 708 D
962 668 1156 709 diversus
1197 670 1273 717 est,
1323 682 1486 718 omneS,
1537 670 1792 722 quibuscum

197 739 334 780 Guelf.
368 739 499 791 priori
540 739 756 779 contentio
802 741 879 789 est,
929 739 1113 780 eandem
1157 739 1318 780 habent
1364 740 1644 792 scripturam;
1692 754 1794 782 nam

197 810 312 863 quod
345 809 482 850 Guelf.
518 809 543 849 2
577 807 681 861 (non
713 809 830 849 Leid.
864 823 943 850 nec
975 810 1111 851 Paris.
1145 811 1226 851 nisi
1265 812 1308 851 in
1349 813 1452 852 nota
1484 809 1684 864 margin.)
1717 824 1794 864 per

196 886 456 930 διπογραιμίιν
496 880 716 932 vulgatam
765 880 1014 922 adiunctam
1063 881 1208 932 habet,
1258 881 1301 922 id
1343 882 1387 922 in
1429 881 1566 923 Guelf.
1608 882 1796 935 priorem

197 953 461 994 convertitur
500 950 645 992 statim
684 951 749 1000 18,
799 951 868 1000 58,
917 951 1004 1001 111)1,
1054 953 1170 1004 quod
1217 953 1441 1005 Zumptius
1490 953 1582 993 iure
1621 953 1795 1006 praefert

197 1024 385 1078 (lenique,
419 1023 462 1063 in
495 1022 573 1063 Gu.
600 1022 625 1062 2
659 1024 700 1062 et
734 1021 826 1063 cod.
861 1022 1010 1075 Steph.
1045 1022 1105 1076 (et
1138 1023 1307 1064 duobus
1342 1022 1452 1076 aliis)
1487 1026 1563 1073 est,
1598 1024 1641 1064 in
1666 1024 1744 1065 Gu.
1774 1025 1792 1065 1

197 1094 373 1149 «lenique
405 1094 466 1134 vel
499 1093 661 1143 deinde,
696 1093 844 1134 addita
876 1094 1041 1147 vulgari
1074 1095 1300 1147 scriptura.
1348 1094 1504 1135 Restat
1527 1107 1638 1135 unus
1663 1095 1795 1144 locus,

199 1166 240 1206 in
273 1179 357 1218 quo
391 1165 482 1206 sine
516 1165 814 1206 additamento
848 1178 873 1205 a
906 1165 1058 1205 ceteris
1084 1165 1207 1206 codd.
1234 1165 1372 1206 Guelf.
1402 1169 1420 1205 1
1450 1165 1642 1206 discedat
1667 1166 1797 1218 paulo

198 1237 444 1286 notabilius,
494 1236 567 1277 lib.
602 1237 630 1286 Ι,
680 1236 748 1285 39,
801 1236 897 1285 100,
946 1235 1020 1277 ubi
1063 1236 1287 1289 Zumptius
1328 1250 1380 1277 ex
1420 1249 1469 1277 eo
1510 1236 1643 1277 edidit
1680 1236 1797 1277 homo

197 1307 510 1357 callidissimus,
561 1307 691 1348 ceteri
731 1320 881 1348 omnes
922 1307 1087 1347 habent
1127 1307 1245 1347 homo
1283 1308 1553 1348 castissimus.
1617 1307 1795 1349 Sustulit

197 1379 324 1431 igitur
356 1379 537 1420 ironiam
571 1378 856 1431 aptissimam,
891 1391 976 1430 qua
1009 1380 1154 1419 orator
1186 1378 1423 1419 secundum
1449 1378 1592 1420 Verris
1625 1378 1797 1420 tabulas

198 1451 281 1491 litis
314 1450 646 1491 aestimationem
683 1450 843 1491 factam
877 1449 1000 1499 ridet,
1035 1449 1270 1490 substituta
1295 1449 1513 1491 mentione
1538 1450 1796 1499 calliditatis,

199 1535 295 1573 quae
328 1521 447 1562 nulla
480 1534 575 1562 esse
608 1523 791 1574 poterat,
842 1533 975 1573 quum
1021 1520 1272 1573 simpliciter
1315 1520 1358 1560 in
1400 1520 1560 1561 tabulis
1592 1521 1797 1562 mentitus

199 1595 327 1633 esset.
376 1592 433 1634 At
467 1592 736 1645 integritatis,
770 1604 857 1632 non
890 1591 1099 1632 castitatis
1132 1592 1295 1632 mentio
1328 1591 1419 1632 fieri
1453 1591 1655 1632 debebat.
1707 1591 1798 1632 Sci-

199 1663 297 1704 licet
329 1664 540 1704 castitatis
574 1676 732 1704 nomen
764 1662 850 1703 late
883 1664 1004 1714 patet
1037 1662 1090 1702 de
1115 1663 1260 1703 animo
1286 1662 1401 1703 omni
1426 1662 1525 1702 labe
1551 1662 1797 1715 cupiditatis

199 1737 241 1775 et
273 1734 449 1786 periurii
483 1736 525 1774 et
558 1733 722 1774 fraudis
756 1733 905 1781 libero,
939 1735 986 1773 ut
1019 1746 1097 1785 pro
1130 1733 1258 1774 Rosc.
1293 1733 1486 1774 Comoed.
1522 1733 1560 1782 7,
1594 1734 1672 1774 21:
1698 1746 1797 1786 per-

197 1807 340 1845 demmz
383 1810 521 1846 castus
560 1804 792 1857 fraudasse
835 1803 1003 1853 dieitur,
1054 1807 1096 1844 et
1136 1817 1214 1856 pro
1254 1804 1375 1845 Font.
1414 1805 1478 1853 14,
1528 1804 1603 1844 32:
1653 1808 1798 1844 restra>

199 1881 351 1917 mentes
382 1881 469 1916 tam
502 1880 638 1927 castre,
673 1880 759 1916 tam
792 1876 979 1930 intefice,
1022 1878 1062 1916 et
1097 1875 1149 1916 de
1182 1876 1346 1916 Invent.
1380 1875 1428 1924 ΙΙ,
1473 1876 1539 1925 11,
1581 1875 1657 1916 36:
1707 1889 1794 1915 eam

197 1961 369 1988 (musam
394 1951 564 2000 putare,
608 1961 699 2001 quse
731 1946 916 1987 homines
949 1946 1132 1987 audaces
1163 1947 1207 1986 iu
1239 1946 1439 1999 fri-euclem
1475 1960 1624 1999 rapere
1656 1946 1796 1998 soleat,

197 2019 477 2058 castissimum
526 2032 682 2072 quoque
728 2018 932 2058 hominem
975 2018 1031 2058 ad
1062 2017 1322 2071 peccandzmz
1356 2018 1541 2070 poluisse
1573 2018 1795 2071 impellere,

198 2089 401 2142 quodque
434 2089 621 2130 maxime
654 2089 738 2129 huc
770 2089 970 2141 pertinet,
1005 2102 1083 2141 pro
1117 2089 1254 2129 Flacc.
1289 2088 1357 2135 28,
1398 2090 1473 2129 158ι
1517 2089 1794 2128 castissimum

196 2160 400 2201 hominem
437 2165 557 2215 atque
588 2160 918 2214 inleqerrimum.
981 2159 1130 2211 Itaque
1164 2158 1310 2211 religio
1344 2161 1385 2199 et
1419 2158 1625 2199 sanctitas
1651 2159 1795 2199 Verris

199 2232 413 2280 laudatur,
458 2231 512 2272 ob
547 2243 678 2282 quam
710 2229 958 2271 testimonio
992 2229 1202 2270 creditum
1235 2230 1301 2270 sit.
1364 2229 1448 2270 Pro
1481 2229 1591 2270 Sest.
1625 2242 1797 2282 quoque

197 2302 268 2351 43,
302 2302 357 2342 93
390 2301 508 2341 homo
541 2306 678 2342 castus
711 2315 759 2341 ac
792 2315 872 2341 non
904 2300 1080 2354 cupidus
1112 2301 1270 2342 ironice
1304 2300 1548 2353 appellatur
1573 2299 1794 2350 Gabinius,

198 2372 440 2414 luxuriosus
480 2374 522 2412 et
561 2385 710 2424 rapax.
783 2370 916 2423 [Add.
950 2384 1027 2423 pro
1067 2371 1194 2412 Rosc.
1230 2370 1423 2412 Comoed.
1459 2371 1498 2420 6,
1550 2371 1599 2410 17
1644 2373 1686 2412 et
1728 2372 1794 2421 16,

196 2444 251 2483 47
287 2445 329 2484 et
360 2443 544 2495 Philipp.
579 2443 626 2491 V,
670 2442 710 2490 5,
758 2441 845 2494 12.]
861 2438 893 2493 1)
956 2441 1117 2482 Parum
1158 2443 1274 2482 certa
1313 2442 1357 2482 in
1394 2442 1459 2482 his
1500 2441 1602 2482 locis
1636 2441 1793 2483 codicis

236 2594 263 2639 ¹)
290 2595 427 2630 Omitto
454 2596 551 2630 locos
578 2595 678 2636 duos,
706 2594 768 2628 ubi
796 2605 868 2629 non
896 2593 1224 2638 interpolationem,
1251 2594 1313 2627 sed
1332 2593 1518 2638 scripturae
1536 2595 1669 2628 menda
1686 2594 1794 2629 huius

293 2654 423 2688 codicis
449 2654 640 2698 Zumptius
666 2654 838 2698 probasse
865 2653 1017 2687 videtur.
1070 2652 1145 2686 Lib.
1174 2652 1199 2693 I,
1227 2652 1259 2690 5,
1288 2652 1330 2685 13
1358 2653 1486 2687 edidit:
1520 2655 1561 2687 ole
1592 2655 1670 2687 iure
1702 2655 1795 2687 enim

292 2715 468 2747 libertatis
494 2718 525 2746 et
551 2715 705 2746 civitatis
731 2724 836 2746 suum
855 2717 965 2755 putat
991 2723 1063 2745 esse
1091 2712 1263 2745 iudicium
1288 2717 1319 2745 et
1344 2714 1484 2746 ratione
1503 2717 1630 2755 [πιέσω
1665 2711 1795 2756 reliqui

292 2777 382 2806 recte
402 2776 527 2815 putam
555 2774 827 2805 commutantur
853 2771 930 2805 haec
956 2770 1042 2804 alibi
1069 2781 1230 2814 quoque;
1257 2771 1320 2805 sed
1346 2773 1485 2805 ratione
1503 2774 1557 2804 est
1575 2772 1794 2805 considerate

293 2837 324 2865 et
349 2843 429 2865 cum
455 2832 586 2865 iudicio
615 2829 852 2872 (contrarium
878 2829 1034 2871 temere);
1065 2830 1127 2863 ubi
1153 2830 1327 2873 probatur
1347 2829 1568 2873 simpliciter,
1596 2830 1692 2873 quod
1713 2829 1793 2873 quis

294 2891 411 2925 facere
438 2890 617 2924 sentireve
644 2889 784 2930 dicitur,
823 2899 904 2932 quae
936 2888 981 2922 sit
1013 2888 1173 2930 legitima
1207 2888 1333 2929 forma,
1372 2888 1586 2932 perspicitur
1618 2899 1660 2922 ex
1693 2887 1792 2922 Verr.

293 2950 352 2983 lib.
372 2950 431 2990 III,
462 2948 516 2989 72,
544 2948 628 2981 168ε
653 2949 839 2990 ferendum
866 2959 935 2981 non
957 2952 1102 2990 putant,
1129 2952 1160 2980 et
1185 2952 1275 2980 reete
1302 2958 1369 2981 non
1392 2952 1541 2990 putav&
1570 2947 1650 2980 add.
1670 2947 1709 2987 V,
1736 2945 1792 2988 44,
